3829 5747
385 181 503 240 428

369 396 392 417 ‹-
415 380 470 426 tu
489 377 605 427 licet
633 376 824 441 Epheso
855 390 951 425 non
989 376 1253 436 oriunduS‚
1285 376 1490 425 sortasse
1528 377 1748 439 graviora
1775 377 1925 426 etiam

366 447 622 499 maledicta
641 447 810 497 audies
829 447 890 496 iis
906 446 1086 509 quibus
1111 446 1258 495 vivus
1279 446 1412 495 cives
1434 445 1670 496 lacessivi.
1698 468 1720 491 υ
1749 447 1929 497 Meine·

1529 173 2035 236 ANTHOLOGIAE
2080 173 2480 240 PALATINAE
2551 133 2560 142 ι

367 320 514 366 τερον,
547 306 693 356 etiam
717 306 995 367 Heckerus,
1034 318 1333 368 quamquam
1359 304 1484 355 hene
1521 305 1602 355 ille
1641 305 1890 369 explicans
1925 326 1936 354 ι
1978 306 1985 331 ’

2092 308 2312 355 LXXXV.
2338 307 2569 355 Lemma:
2602 308 2665 363 εἷς
2699 307 2779 356 τὸν
2808 307 2965 357 αὐτόν.
2992 308 3101 357 Ὅτι
3130 308 3178 356 ἐν
3200 307 3371 371 θεάτρῳ
3392 310 3625 363 τέθνηκε

2029 378 2199 433 θαλῆς.
2230 395 2254 418 «ι
2281 378 2369 425 Est
2393 389 2689 437 anonymum
2714 376 2765 426 in
2791 376 2969 427 Codice
2994 380 3045 427 et
3065 376 3323 427 Planudca.
3357 379 3455 429 Sed
3488 376 3627 426 Dio-

2027 460 2173 508 genes
2194 449 2353 495 Laert.
2387 449 2428 507 1,
2458 451 2545 507 39,
2586 459 2639 496 se
2677 448 2925 495 auctorem
2952 460 3061 495 esse
3092 446 3177 495 ait.
3224 468 3245 489 ιι
3282 449 3339 495 B.
3378 476 3439 483 —
3478 454 3503 496 1
3550 443 3625 493 αὖ

371 519 480 569 hius
506 519 714 581 denique
743 522 904 569 totum
937 517 1231 581 epigramma
1275 518 1346 567 sic
1379 517 1709 567 constituebat
1745 532 1794 581 p.
1841 522 1925 567 172
1976 538 1983 573 ι
2025 531 2122 567 om.
2145 516 2338 576 eodem
2364 516 2584 567 additum
2603 530 2665 566 ex
2691 517 2822 567 l’lan.
2848 520 2899 567 et
2911 518 3070 579 mog..
3092 517 3143 566 in
3161 518 3300 579 cujus
3320 521 3625 579 Παμμέτρῳ

365 602 500 651 wiq-
534 609 544 638 =

429 730 476 761 α.
503 711 758 773 Ὤνθρωπ’,
783 710 1080 773 Ἡράκλειτος
1108 712 1203 773 ἐγὼ
1222 711 1344 771 σοφὰ
1365 715 1530 773 μοῦνος
1547 710 1766 771 ἀνευρών.

491 784 536 839 β.
559 781 709 841 Φημί.
730 798 778 830 α.
807 782 880 829 Τὰ
898 781 940 830 δ’
969 782 1012 836 ἐς
1031 781 1206 843 πάτρην
1225 783 1454 842 κρέσσονα
1471 782 1550 831 καὶ
1571 783 1748 841 σοφίης.

2025 585 2160 635 haud
2187 586 2335 637 dubie
2364 588 2659 637 referebatur
2680 587 2744 637 ad
2778 587 3059 650 praecedens
3076 587 3275 651 aliquod
3291 588 3625 651 epigramma

2028 658 2145 707 item
2172 672 2233 708 ex
2255 658 2457 708 historia
2486 657 2702 708 Thaletis
2728 658 2955 721 petitum.
2998 658 3181 709 Deinde
3206 658 3355 707 Ἠλεῖε
3391 662 3485 707 κοῦ
3516 670 3615 719 ap.

2028 730 2165 791 Diog.
2202 731 2283 791 (et
2307 728 2460 789 Plan..
2486 730 2545 777 ut
2569 727 2813 790 videtur),
2853 727 2985 790 quod
3014 728 3119 777 sine
3147 727 3475 777 controversia
3514 740 3621 773 ve-

1977 806 1984 840 !
2026 812 2164 857 rum,
2197 811 2495 861 quamquam
2532 800 2637 847 Jac.
2668 798 2792 856 ἠέλιε
2832 797 2883 846 in
2928 800 3097 846 nostro
3120 810 3315 861 quoque
3356 795 3619 859 exemplo

429 854 474 914 β.
501 852 610 907 licit.
627 868 675 899 α.
691 850 828 912 Παρὰ
842 851 1002 913 καιρὸν
1020 852 1154 901 ἱτὲων
1164 852 1343 909 ἀστῶν,
1359 852 1469 911 ξένε,
1485 852 1741 913 δύσφρονας
1765 851 1927 911 ἄνδρας
1978 845 1984 901 !
2026 871 2195 919 tuetur
2220 872 2269 917 et
2288 867 2441 918 3013&
2470 870 2649 918 servat·
2671 894 2733 904 .-
2752 872 2781 917 3
2804 870 2834 926 ἢ
2857 868 2945 930 γὰρ
2966 867 3087 917 000·

493 921 733 970 ὓλάκτευν.
760 922 807 982 β.
832 920 1038 981 Λαμπρὰ
1055 920 1378 982 θρεψαμένοισι
1397 921 1542 983 χάρις.

369 1011 416 1041 α.
439 994 540 1042 Οὗν.
569 990 649 1040 ἀπ’
665 991 802 1052 ἑμεῦς
822 992 868 1053 β.
891 992 970 1048 Μὴ
991 992 1174 1053 τρηχύς·
1203 991 1302 1039 ἐπεὶ
1319 992 1442 1053 τάχα
1465 992 1544 1039 καὶ
1567 991 1626 1039 σύ
1653 1007 1697 1039 τι
1717 990 1866 1050 πεύσῃ

492 1062 768 1126 τρηχῦτερον
795 1061 968 1125 πάτρης
991 1088 1052 1097 -
1071 1066 1205 1125 χαῖρε
1223 1062 1282 1109 σὺ
1301 1060 1344 1109 δ’
1361 1087 1424 1097 —-
1441 1062 1487 1117 ἐξ
1513 1063 1709 1124 Ἐφέσου
1731 1098 1744 1122 ,

377 1274 493 1323 clito
516 1272 784 1323 verendum
813 1285 921 1322 esse
944 1285 1008 1321 ne
1027 1284 1142 1321 ossa
1163 1271 1268 1332 ejus
1287 1286 1348 1321 ex
1374 1272 1530 1335 patria
1555 1272 1822 1336 eiiciantur.
1847 1292 1868 1313 υ

430 1424 616 1471 LXXX.
640 1424 840 1470 Lemma
871 1442 883 1470 ε
909 1422 972 1470 εἰς
990 1421 1070 1469 τὸν
1090 1421 1243 1470 αὐτόν.
1268 1423 1373 1483 Οὐχ
1395 1422 1587 1485 ἁρμόσει
1606 1426 1743 1471 τοῦτο
1768 1423 1828 1477 εἷς
1853 1422 1932 1471 τὸν
1979 1463 1984 1481 ,

2088 996 2329 1044 Lxxxvl.
2366 995 2566 1043 Lemma
2597 1008 2610 1037 ε
2640 994 2703 1049 εἰς
2737 992 2942 1043 Σόλωνα.
2969 993 3156 1042 lterum
3192 990 3369 1054 legitur
3402 990 3453 1040 in
3476 1002 3611 1053 cap.

1978 1051 1983 1083 ²
2029 1068 2110 1127 lx,
2137 1068 2249 1129 post
2266 1066 2414 1129 epigr.
2453 1071 2543 1116 595
2572 1064 2691 1128 (ubi
2709 1064 2891 1113 lemma
2918 1075 3029 1112 esse
3054 1061 3253 1112 videtur
3284 1084 3296 1110 :
3330 1066 3393 1119 εἰς
3428 1064 3613 1112 εἰκόνα

1977 1135 1984 1195 ξ
2028 1140 2253 1197 Σόλωνος,
2274 1137 2367 1186 nisi
2383 1135 2518 1185 finxit
2534 1134 2686 1185 Boiss.
2709 1148 2765 1183 ex
2791 1132 2954 1183 verbis
2970 1133 3198 1196 Diogenis
3228 1148 3241 1175 ε
3264 1134 3339 1182 ἐπὶ
3362 1140 3443 1191 τῆς
3470 1134 3613 1181 εἰκό-

374 1217 519 1253 versu
547 1210 574 1253 5
601 1202 860 1265 conjiciens
899 1202 1039 1263 πείσῃ
1081 1220 1093 1249 :
1121 1220 1144 1242 a
1167 1202 1339 1251 Minari
1362 1200 1559 1251 videtur
1582 1201 1759 1265 hospes
1787 1203 1935 1251 Hera·
1978 1202 1984 1266 Ι

2026 1224 2101 1263 νος
2142 1210 2285 1256 αὐτοῦ
2317 1208 2645 1269 ἐπιγέγραπται
2670 1204 2809 1265 τάδε)
2834 1206 2884 1253 et
2917 1216 2993 1266 ap.
3040 1204 3305 1267 Diogenem
3347 1207 3399 1253 L.
3434 1205 3472 1260 1,
3504 1212 3603 1253 62.

2030 1298 2053 1320 α
2088 1279 2264 1341 Recepi
2280 1278 2569 1341 scripturam
2589 1276 2781 1325 Codicis
2804 1275 2855 1324 in
2876 1274 3027 1323 altero
3045 1274 3183 1335 loco,
3208 1274 3415 1323 similem
3438 1278 3607 1324 Laer-

2028 1348 2173 1398 tianae
2198 1352 2247 1397 et
2274 1346 2551 1397 Arsenianoe
2573 1346 2699 1396 Viol.
2722 1359 2769 1409 p.
2792 1349 2899 1395 277.
2922 1345 3169 1407 Scriptura
3197 1346 3371 1408 prioris
3389 1347 3485 1396 loci
3514 1348 3607 1396 in-

2030 1418 2206 1468 certior
2237 1431 2391 1480 quum
2420 1417 2486 1467 sit
2504 1454 2517 1478 ‚
2538 1430 2649 1467 eam
2682 1418 2829 1467 certae
2864 1414 3138 1479 posthabui.
3170 1436 3191 1459 n
3218 1418 3279 1463 B.
3304 1418 3383 1466 Sic
3424 1421 3607 1467 autern

369 1494 584 1555 Ἐφέσιον
627 1492 891 1552 φιλόσοφον.
935 1489 1172 1539 Nimirum
1221 1495 1412 1553 poetam
1457 1491 1934 1540 Halicarnassensem
1978 1486 1985 1577 ¹
2028 1487 2253 1539 hocloco
2274 1486 2473 1537 Codex:

373 1560 667 1615 Heraclitum
685 1599 697 1620 ‚
727 1560 820 1610 sibi
861 1559 1172 1619 familiarem,
1210 1560 1346 1623 luget
1369 1563 1420 1609 et
1447 1560 1658 1609 celebrat
1698 1558 1926 1608 Callima·
1979 1584 1983 1605 ι

369 1631 524 1689 clius,
554 1632 696 1693 cujus
726 1630 1050 1680 meminerunt
1081 1630 1230 1679 etiam
1271 1630 1442 1680 Strabo
1483 1632 1612 1689 xlv,
1660 1642 1708 1693 p.
1757 1636 1848 1679 050
1878 1632 1929 1679 ct
1980 1620 1984 1673 !

375 1701 508 1764 Diog.
535 1704 586 1750 1,.
609 1702 693 1760 ΙΧ,
721 1704 792 1759 17,
810 1698 892 1748 hic
905 1701 1429 1763 epigrammanostrum
1450 1700 1676 1750 al‘l'ercns.
1698 1719 1720 1740 «
1742 1698 1937 1748 Gallicis
1979 1714 1984 1730 ·

2150 1598 2246 1653 Τήν
2264 1596 2423 1643 ἄδικον
2438 1593 2665 1642 παύσασα
2676 1593 2803 1655 ῦὸριν
2828 1592 2941 1641 ποτὲ
2962 1592 3045 1649 ἣδε
3064 1593 3254 1640 Σόλωνα

2210 1666 2341 1714 τόνδε
2367 1665 2407 1714 τ’
2428 1666 2523 1726 ἔχει
2544 1665 2747 1725 Σαλαμὶς
2772 1664 3054 1724 θεσμοθέτην
3081 1662 3220 1725 ἱερὸν.

371 1770 593 1821 versibus
613 1768 824 1819 reddidit
841 1768 1057 1820 Dutheil.
1080 1770 1226 1818 Proef.
1255 1768 1316 1817 ad
1342 1768 1532 1819 callim.
1562 1781 1608 1831 p.
1635 1774 1708 1819 29.
1738 1788 1760 1810 n
1785 1770 1846 1817 B.
1875 1794 1939 1802 -
1978 1741 2007 1830 i.
2030 1772 2104 1821 Ad
2128 1784 2243 1834 qum
2282 1772 2387 1819 Jac.
2419 1782 2431 1811 z
2464 1788 2487 1810 a
2516 1766 2661 1825 Quod
2694 1764 2969 1815 emendanti
3006 1764 3214 1815 debetur
3240 1765 3443 1815 librario
3462 1802 3477 1825 ‚
3506 1765 3601 1826 qui

375 1848 394 1890 1
419 1842 488 1895 τίς
514 1839 711 1898 (ῗοᾱ.;δ’
729 1840 810 1901 ἐμὲ
835 1853 914 1903 ap.
939 1838 1074 1903 Diog.
1095 1844 1196 1888 —3
1213 1840 1365 1897 ἠέλιον
1382 1839 1568 1889 Aldinae
1601 1839 1755 1896 Plan.;
1783 1840 1937 1896 ἠέλιον
1979 1835 1984 1854 “

371 1913 518 1973 λέσχῃ
535 1910 799 1969 Bentleius,
823 1910 1030 1958 Brunck.
1052 1912 1102 1959 et
1115 1910 1318 1959 Meinek.
1351 1910 1571 1959 Alterum
1587 1909 1636 1958 iu
1655 1922 1745 1959 suo
1765 1909 1935 1959 codice

373 1982 544 2045 legisse
564 1980 802 2029 AElianum
831 1978 1058 2029 observat
1085 1982 1208 2039 sac„
1231 1982 1289 2029 N.
1317 1983 1374 2028 A.
1407 1981 1493 2039 v1,
1523 1984 1584 2029 58
1613 1998 1624 2027 :
1651 1978 1937 2029 Sacerdotes

372 2054 442 2100 ὅτι
469 2054 548 2101 τὸν
577 2054 658 2112 μὲν
683 2052 812 2108 ἥλιον
836 2050 884 2099 ἐν
907 2056 1010 2105 ταῖς
1049 2052 1235 2113 λέσχαις
1268 2052 1512 2099 καταδύειν
1544 2051 1710 2111 ἄγουσι
1739 2052 1936 2112 σχολὴν,

377 2124 465 2171 οὐκ
500 2122 633 2171 icam
673 2123 722 2169 δὲ
759 2121 852 2170 ὅσα
880 2121 1064 2182 ὄρνιθες.
1111 2119 1425 2170 Notissimum
1459 2122 1536 2169 est
1569 2119 1884 2183 virgilianum
1918 2134 1929 2162 :

372 2203 508 2252 strpe
527 2204 617 2251 eqo
638 2190 813 2251 lonqos
833 2189 1102 2239 cantando
1121 2202 1348 2254 puerum
1369 2190 1586 2237 memini
1610 2202 1695 2238 me
1715 2190 1936 2238 condere
1978 2224 1983 2273 Ι

373 2262 523 2320 solea,
552 2261 651 2309 Ecl.
693 2262 772 2319 lx,
812 2265 888 2309 ⁵1.
921 2259 1092 2308 Boiss.=
1141 2280 1163 2301 α
1194 2259 1351 2309 schol.
1393 2260 1588 2308 Wecln:
1630 2259 1804 2315 Δίωνος
1852 2265 1936 2307 τοῦ

376 2331 714 2393 Χρυσοστόμου
746 2332 793 2379 ἐν
823 2332 1026 2391 Διογένει
1045 2338 1090 2378 α·
1112 2331 1263 2391 (orat.
1295 2332 1348 2387 Χ,
1383 2341 1429 2389 p.
1467 2330 1583 2389 302)
1611 2348 1634 2369 a
1665 2336 1900 2391 συγχωρῶ
1924 2367 1936 2390 ,

375 2420 400 2443 σι
432 2402 544 2463 ἔφη,
578 2402 620 2449 ὦ
651 2402 876 2461 Διόγενες·
913 2401 1028 2449 ἀλλὰ
1069 2403 1307 2454 aaronica:
1327 2400 1408 2447 τὸν
1448 2400 1576 2456 ἣλιον
1607 2400 1709 2460 περὶ
1749 2400 1937 2447 πάντων

377 2493 401 2515 «ι
427 2474 627 2534 ἐρωτῶν.
661 2474 754 2521 Καὶ
771 2472 982 2534 πότερον,
1005 2472 1087 2532 ἔφη
1107 2506 1118 2526 ,
1141 2472 1325 2533 ἄμεινον
1351 2471 1617 2519 ἀκούσαντα
1641 2470 1705 2517 ὠν
1732 2472 1821 2533 χρὴ
1848 2487 1935 2517 κα·
1997 2502 2008 2510 -

377 2564 400 2584 «
429 2545 628 2591 ταδῦσαι
670 2544 749 2592 τὸν
784 2544 913 2599 ἥλιον
949 2544 979 2601 ἢ
1006 2542 1246 2604 βαδίζοντα
1281 2541 1444 2603 μάτην.
1467 2540 1590 2589 Vide
1633 2554 1746 2602 quae
1775 2541 1936 2589 notavi
1977 2522 1984 2613 Ι

377 2612 440 2662 ad
461 2612 738 2663 callimach.
762 2626 812 2677 p.
842 2620 943 2664 182.
971 2634 993 2657 υ
1021 2641 1076 2650 -
1093 2617 1122 2662 4
1151 2615 1461 2675 ἁλικαρνασεῦ
1486 2612 1566 2661 ed.
1594 2612 1744 2675 princ..
1779 2611 1935 2672 Pian'„

383 2682 521 2745 Diog.
537 2691 660 2734 —5.
688 2682 891 2740 Ἀηδὸνες
909 2722 922 2745 ,
957 2682 1167 2747 elegiaca
1191 2683 1406 2733 carmina
1437 2682 1676 2733 Heracliti.
1713 2710 1774 2719 —-
1800 2691 1829 2733 o
1854 2685 1935 2745 ἀρ-

375 2756 552 2812 πακτής
574 2754 720 2804 etiam
746 2754 887 2817 Diog.
912 2754 1206 2803 cobetianus
1223 2792 1236 2813 ,
1272 2752 1359 2803 sed
1377 2756 1496 2803 vett.
1519 2752 1757 2803 editiones
1785 2756 1935 2817 ἁρπα-

2028 1854 2252 1901 versum„
2283 1850 2405 1887 voce
2427 1837 2601 1895 Μήδων
2630 1836 2754 1885 sorte
2791 1834 2996 1895 omissa,
3036 1836 3317 1885 truncatum
3354 1836 3597 1883 resarcire

2026 1911 2307 1961 conabatur.
2332 1911 2403 1959 Ea
2418 1908 2649 1958 restituta
2674 1909 2725 1957 et
2747 1909 2861 1956 ποτὲ
2886 1906 3060 1969 ejecto,
3088 1906 3225 1956 exit:

2150 2020 2245 2076 Τὴν
2276 2017 2450 2074 Μήδων
2476 2016 2632 2064 ἄδικον
2654 2014 2861 2063 παύσασ’
2888 2014 3012 2077 ὓὸριν
3032 2014 3111 2071 ἥδε
3132 2014 3319 2062 Σόλωνα

2209 2088 2328 2138 τόνδ’
2348 2090 2554 2150 ἐπίχει
2570 2123 2583 2146 ,

2027 2194 2098 2243 sic
2122 2193 2249 2243 enim
2269 2192 2471 2254 cotrigo.
2493 2193 2660 2248 Quum
2686 2193 2853 2240 tamen
2876 2190 3023 2239 Solon
3050 2190 3288 2239 Salamine
3320 2194 3469 2239 natus
3500 2192 3589 2249 sit,

2026 2278 2116 2314 nec
2144 2264 2295 2313 altera
2326 2262 2470 2312 lectio
2500 2263 2631 2311 τόνδε
2669 2266 2827 2310 τεκνοῖ
2862 2262 3043 2310 temere
3070 2258 3355 2322 spernenda.
3392 2260 3469 2310 Sic
3504 2274 3589 2323 ep.

2025 2339 2136 2392 417,
2167 2339 2186 2382 1
2216 2356 2227 2383 :
2252 2334 2405 2397 πάτρα
2422 2333 2471 2382 δέ
2504 2348 2561 2393 με
2577 2336 2731 2380 τεκνοῖ
2746 2332 2916 2389 aretz,
2941 2329 3058 2379 item
3083 2330 3329 2393 praesenti,
3357 2344 3455 2379 11011
3476 2344 3597 2381 raro

2026 2405 2075 2453 in
2104 2404 2265 2454 verbis
2288 2403 2436 2465 hujus
2454 2400 2814 2465 significationis
2840 2414 2954 2450 usu.
2978 2420 3003 2443 ν

2090 2532 2351 2579 LXXXVII.
2374 2531 2573 2579 Lemma
2596 2550 2607 2577 :
2632 2530 2696 2585 sl<
2722 2529 2803 2578 τὸν
2824 2529 2980 2586 αὐτὸν,
3002 2530 3082 2577 τὸν
3102 2530 3357 2587 Ἀθηναῖον,
3378 2529 3459 2578 τὸν
3476 2529 3595 2590 γρά·

2026 2606 2179 2666 ψανια
2206 2604 2313 2658 τοὺς
2337 2603 2519 2663 νόμους.
2546 2620 2569 2643 «ι
2602 2603 2688 2649 Est
2706 2598 2757 2648 in
2782 2599 3059 2663 Appendice
3076 2598 3403 2650 wecheliauae
3420 2613 3471 2662 p.
3500 2607 3585 2650 25.

2028 2672 2243 2723 Accessit
2264 2671 2479 2721 auctoris
2500 2682 2677 2719 nomeu
2694 2682 2753 2719 ex
2774 2668 2882 2732 ipso
2898 2707 2910 2728 ‚
2932 2669 3059 2718 Vitae
3077 2669 3196 2731 Sol.‚
3218 2671 3259 2727 1,
3282 2674 3358 2719 03.
3382 2688 3405 2712 n
3434 2672 3495 2719 B.
3520 2696 3589 2705 —-

1977 2752 1983 2764 ·
2033 2749 2054 2792 t
2078 2744 2268 2805 κύπριος
2286 2754 2346 2791 an
2366 2741 2556 2803 κύπριον
2580 2739 2711 2789 sitin
2730 2739 2852 2789 Cod.
2881 2738 3163 2802 ambiguum
3178 2776 3193 2795 ‚
3228 2738 3291 2788 de
3311 2752 3411 2801 quo
3438 2753 3595 2803 nuga·

378 2826 509 2889 κτῆρ,
535 2823 667 2887 quod
689 2824 1014 2888 praetulerunt
1035 2824 1212 2884 Bentl.‚
1251 2824 1479 2886 Brundi„
1513 2825 1717 2873 Meinek.
1751 2828 1800 2873 et
1822 2824 1937 2873 olim
2024 2816 2107 2863 tur
2138 2812 2325 2862 Paulas.
2352 2826 2401 2876 p.
2428 2816 2505 2861 30.
2526 2808 2679 2860 Codd.
2709 2808 2807 2872 ἦρε.
2826 2836 2889 2845 -
2913 2816 2939 2859 2
2970 2810 3088 2859 ὁστὰ
3112 2810 3409 2867 δ’(ἶοῦθῐΰδ;
3443 2810 3595 2859 ὀστέα

378 2896 502 2956 sac„
533 2894 614 2957 qui
635 2894 684 2944 in
705 2897 875 2945 nostro
898 2896 1116 2958 exemplo
1143 2895 1265 2945 illud
1283 2896 1546 2946 revocavit.

439 3051 638 3102 LXXXI.
673 3053 872 3102 Lemnia
901 3073 912 3102 z
943 3055 1006 3109 εἰς
1029 3054 1314 3102 Κλεόόουλον
1339 3055 1416 3103 τὸν
1437 3053 1636 3103 Λίνδιον.
1661 3053 1845 3103 Deinde
1869 3067 1939 3104 re-

383 3121 512 3171 ctius
535 3141 546 3168 :
573 3123 637 3177 εἰς
673 3123 779 3177 τοὺς
805 3124 922 3171 ἑπτὰ
961 3124 1128 3184 σοφοὺς
1171 3126 1275 3179 τοὺς
1304 3123 1544 3184 μεγάῦους.
1591 3125 1652 3172 1-:t
1688 3123 1738 3171 in
1784 3137 1935 3186 marg.

381 3192 630 3255 superiore
661 3213 673 3241 :
699 3194 984 3248 Κ)εόῧου>.ος
1017 3195 1222 3253 Λίνδιος,
1250 3195 1516 3256 Περίανδρος
1539 3195 1798 3256 Κορίνθιος,
1824 3198 1937 3244 Πιτ-

380 3265 519 3318 τακὸς
542 3264 844 3319 Μιτυληναῖος
859 3300 874 3321 ,
894 3267 1046 3322 θαλῆς
1064 3266 1302 3324 Μιλήσιος,
1327 3264 1481 3313 Χίλων
1498 3265 1803 3326 Σπαρτιάτης,
1829 3266 1939 3321 Βίας

385 3333 631 3396 Πριηνεύς,
665 3335 819 3382 Σόλων
853 3335 1103 3390 Ἀθηναῖος·
1133 3336 1247 3390 τινὲς
1287 3335 1384 3382 ἀντὶ
1419 3337 1696 3400 Περιάνδρου
1736 3339 1941 3385 Μύσωνα

379 3407 459 3454 τὸν
487 3405 640 3460 Χηνέα
674 3406 829 3466 φασίν.
862 3425 884 3447 α
916 3405 1057 3453 Coni'.
1088 3407 1173 3463 lx,
1205 3418 1288 3466 ep.
1318 3409 1424 3454 3⁰6.
1461 3427 1482 3448 υ
1520 3409 1582 3455 Β.
1605 3436 1664 3446 -
1692 3413 1719 3455 2
1747 3406 1860 3468 ἀμφὶ
1889 3407 1938 3456 δὲ

382 3477 491 3523 Σ.
533 3474 627 3534 ἔχει
654 3473 786 3522 Plan.
835 3474 1071 3537 Sisyphus
1095 3473 1313 3523 Corinthi
1349 3473 1568 3524 conditor
1599 3479 1647 3524 et
1683 3489 1786 3524 rex.
1814 3503 1876 3512 —
1910 3481 1939 3526 3

381 3546 618 3595 Μιτυλᾶνα
645 3544 873 3593 Jacobsio
913 3545 1148 3596 suadente
1189 3545 1473 3606 scripsimus
1500 3559 1616 3594 cum
1645 3547 1826 3596 Groeiio
1851 3561 1941 3610 pro

381 3647 438 3658 --
455 3617 655 3665 >.άνα.-
676 3619 702 3664 4
721 3619 866 3674 θαλῆα
881 3615 1001 3665 Cod.
1021 3636 1044 3659 α
1073 3616 1216 3665 Viros
1236 3616 1438 3666 eximios
1455 3617 1708 3668 civitatum
1729 3623 1778 3670 et
1789 3620 1937 3681 justi-

381 3687 464 3736 11111
496 3689 796 3746 columina,
845 3687 1130 3749 ἐρείσματα,
1159 3685 1330 3736 crebro
1365 3691 1545 3738 vocant
1579 3693 1738 3752 poetae
1773 3695 1825 3741 et
1867 3705 1943 3741 so-

380 3758 572 3820 phistae.
602 3785 662 3794 —-
688 3766 732 3807 o.
765 3760 1040 3821 Σωφροσύνη
1055 3795 1069 3818 ,
1091 3771 1148 3807 ea
1173 3759 1442 3822 proesertim
1467 3760 1724 3824 sapientia,
1744 3776 1860 3825 quae
1893 3763 1941 3812 in

383 3828 482 3877 vita
521 3833 570 3878 et
609 3828 828 3878 moribus
857 3828 1014 3890 posita
1055 3831 1147 3878 est.
1183 3831 1424 3890 Φύλακες,
1459 3833 1515 3880 ut
1551 3832 1781 3881 Horatius
1821 3831 1943 3883 dixit

382 3900 592 3948 virtutis
636 3911 766 3948 vera.-
811 3901 981 3948 custos
1015 3898 1314 3962 rioldusque
1349 3899 1580 3961 satelles,
1619 3902 1770 3964 Epist.
1807 3905 1846 3962 Ι,
1895 3910 1939 3962 1,

387 3971 458 4016 17.
487 3991 507 4010 υ
535 3971 648 4017 Jac.

445 4117 681 4165 Lxxxn.
721 4115 920 4164 Lemma
939 4117 1000 4172 εἰς
1037 4114 1340 4180 Ἐπίχαρμον.
1366 4142 1425 4151 -
1454 4123 1492 4165 1.
1533 4119 1670 4166 Musa
1695 4118 1944 4170 Doriensis

381 4185 737 4247 quodammodo
763 4185 968 4235 armavit
1001 4185 1343 4248 Epicharmum
1374 4187 1422 4235 in
1451 4185 1670 4236 militiam
1691 4187 1866 4238 Bacchi
1892 4193 1945 4240 et

381 4259 662 4313 satyrorum
685 4258 736 4306 et
759 4255 822 4306 ad
849 4269 1018 4305 eorum
1039 4269 1174 4306 sacra
1191 4256 1462 4320 peragenda
1483 4256 1724 4308 instruxit.

441 4403 694 4450 LXXXIII.
719 4402 916 4450 Lemma
945 4415 956 4442 Ξ
990 4403 1052 4457 εἰς
1079 4404 1252 4459 θαλῆν.
1275 4429 1336 4438 --
1367 4411 1394 4452 2
1415 4405 1694 4467 ἀστρολόγον
1715 4405 1851 4470 Diog.
1884 4409 1939 4458 L.

384 4473 424 4530 l,
451 4475 529 4530 34,
547 4471 742 4522 rectius.
1674 4465 1690 4480 ‘

451 4621 696 4669 LXXXIV.
725 4622 926 4670 Lemma
956 4637 967 4664 ἰ
1001 4624 1063 4677 εἰς
1099 4623 1178 4671 τὸν
1218 4623 1376 4672 αὑτὸν.
1404 4651 1465 4660 -
1515 4631 1532 4674 1
1563 4627 1594 4687 ἦ
1633 4628 1702 4677 ὀλ.
1734 4629 1854 4679 cod.
1894 4633 1947 4680 et

387 4690 526 4752 lliog.
555 4693 608 4739 L.
633 4693 672 4750 l,
700 4695 787 4750 393
817 4693 848 4752 ἦ
879 4692 917 4755 ῥ’
937 4693 1090 4753 ὀλίγον
1116 4695 1170 4742 τὸ
1204 4699 1334 4756 σῆμα
1366 4696 1519 4757 Plan.¹
1549 4715 1601 4758 γε
1619 4701 1674 4748 τὸ
1709 4705 1840 4763 σᾶμα
1863 4701 1940 4750 ed.

392 4758 557 4820 steph.
581 4795 594 4818 ‚
619 4760 671 4808 et
697 4759 746 4808 in
775 4760 858 4810 illa
893 4761 1132 4825 scriptura
1159 4763 1396 4813 omissum
1419 4783 1472 4828 γε
1507 4771 1761 4819 notaverat
1791 4771 1941 4820 schol.

389 4827 570 4879 W'ech.
591 4829 778 4879 Deinde
793 4832 1104 4895 οὐρανόμακες
1119 4870 1132 4894 ,
1153 4837 1208 4883 ut
1231 4836 1503 4897 oportebat,
1528 4839 1664 4903 Diog.
1695 4841 1862 4892 cobet.
1884 4869 1946 4878 —

392 4907 418 4949 2
437 4907 504 4948 τῶ
520 4903 892 4963 πολυφροντίστω
909 4904 1167 4966 legendum
1187 4919 1250 4954 ex
1269 4907 1404 4970 Diog.
1428 4908 1611 4959 Deinde
1630 4913 1760 4961 τοῦδε
1789 4913 1943 4973 Plan.;

390 4973 494 5035 ⁶952:
515 4971 832 5022 cnsaubonus
861 4976 909 5022 ct
928 4974 1119 5035 Cobet„
1153 4977 1286 5037 quod
1313 4979 1454 5026 unice
1479 4993 1664 5028 verum.

2026 2885 2067 2934 δ’
2085 2883 2229 2942 Cod.;
2249 2884 2369 2932 ὀστᾶ
2386 2883 2426 2932 δ’
2440 2881 2601 2946 Diog.;
2622 2882 2747 2930 ὀστέ’
2768 2881 2865 2944 ἔχει
2880 2881 3070 2930 Jacobs.
3088 2904 3149 2916 -
3168 2885 3197 2930 3
3214 2883 3260 2930 ἐν
3280 2884 3369 2943 γὰρ
3385 2882 3587 2930 Jacobs.

2026 2953 2220 3018 conjicit
2250 2953 2301 3002 in
2326 2955 2448 3002 nott.
2470 2965 2587 3002 mss.
2620 2953 2881 3014 (ἐνέθηκε).
2915 2978 2977 2987 —-
3011 2956 3059 3001 4.
3086 2971 3111 2994 «
3140 2953 3329 3011 Αῦτοῖς,
3355 2951 3457 3000 scil.
3483 2959 3591 3008 τοῖς

2026 3027 2198 3081 ἀξοσιν.
2222 3023 2368 3072 Ludit
2391 3023 2555 3086 inepte
2580 3022 2629 3071 in
2652 3035 2712 3070 eo
2734 3022 2953 3082 nomine,
2980 3021 3113 3084 quod
3137 3035 3283 3071 versu
3307 3022 3453 3072 tertio
3476 3036 3595 3072 cur-

2026 3108 2137 3144 rum
2160 3093 2417 3157 significat,
2438 3095 2613 3155 quarto
2634 3105 2831 3142 mones
2849 3092 2957 3142 illos
2974 3092 3153 3155 quibus
3172 3093 3315 3142 Solon
3333 3091 3593 3155 inscripse-

2026 3169 2103 3215 rat
2146 3165 2295 3228 leges,
2338 3185 2361 3208 »
2406 3165 2467 3212 B.
2504 3162 2685 3212 Eadem
2733 3163 2973 3213 sententia
3014 3163 3225 3213 Jacobsii
3241 3202 3254 3224 ,
3298 3162 3519 3213 addentis
3574 3187 3587 3213 z

2032 3255 2055 3278 a
2078 3237 2241 3293 Quare
2274 3247 2393 3284 cave
2428 3247 2543 3282 cum
2575 3233 2861 3283 casaubono
2886 3235 3046 3289 ἀστοῖς
3082 3233 3309 3297 corrigas.
3343 3253 3368 3276 ι»
3396 3232 3585 3284 Nihilo-

2027 3305 2189 3355 minus
2215 3318 2328 3354 cum
2356 3303 2540 3354 Cobeto
2564 3303 2661 3352 hoc
2682 3317 2854 3354 verum
2880 3306 3019 3367 puto.
3046 3303 3137 3354 Vel
3162 3303 3359 3366 Diogeni
3380 3305 3591 3354 suffece-

2028 3375 2092 3424 rit
2119 3375 2259 3424 lusus
2286 3374 2487 3436 simplex
2505 3373 2556 3421 in
2584 3375 2752 3428 ἄξονες.

2094 3507 2397 3557 Lxxxvlll.
2437 3509 2636 3556 Lemma
2678 3526 2689 3554 ε
2724 3509 2786 3562 εἰς
2818 3507 3023 3556 Χίλωνα.
3066 3525 3090 3548 «c
3116 3507 3207 3556 Est
3234 3505 3287 3556 in
3310 3507 3593 3569 Appendice

2028 3577 2245 3628 chhel.
2267 3590 2315 3640 p.
2337 3583 2412 3626 25.
2431 3578 2613 3625 Nomen
2630 3576 2845 3625 auctoris
2862 3579 3035 3626 notum
3050 3589 3113 3624 ex
3138 3577 3247 3640 ipso
3262 3614 3273 3636 ,
3299 3577 3412 3626 Vita
3435 3577 3587 3636 Chii..

2030 3649 2070 3706 1,
2089 3650 2167 3704 72,
2190 3649 2265 3694 73.
2298 3665 2322 3687 1»
2345 3645 2407 3693 B.
2430 3645 2616 3694 Plinius
2634 3647 2693 3693 11.
2716 3648 2775 3695 Ν.
2798 3647 3012 3707 v11‚33:
3042 3649 3179 3705 Quin
3201 3649 3251 3696 et
3271 3646 3433 3710 limus
3470 3648 3593 3708 ejus

2030 3714 2320 3778 (Chilonis),
2353 3728 2534 3779 quum,
2574 3717 2771 3763 victore
2809 3711 2921 3778 filio
2956 3715 3232 3778 Olympiae,
3276 3718 3591 3778 exspirasset

2028 3784 2221 3849 qaudio
2242 3822 2255 3847 ,
2294 3787 2405 3836 tola
2440 3788 2643 3836 Gra-cia
2682 3788 2969 3849 prosecuta
3002 3788 3095 3836 est.
3124 3813 3189 3822 —
3215 3793 3243 3836 2
3282 3788 3409 3836 Χιίλ.
3444 3787 3587 3850 Diog.

2029 3859 2174 3906 recte.
2206 3881 2268 3892 —-
2289 3860 2317 3905 3
2342 3858 2453 3905 ἰδὼν
2479 3857 2655 3919 ἤμυσεν
2693 3859 2848 3914 ἡσθεὶς
2892 3856 3075 3906 Codex.
3104 3877 3127 3900 e«
3162 3857 3449 3919 suspicabar
3473 3859 3589 3915 ἐφη-

2030 3928 2165 3981 σθείς.
2184 3925 2279 3975 Sed
2306 3925 2487 3975 rectius
2526 3939 2582 3975 ex
2624 3927 2836 3990 Diogene
2876 3927 3107 3977 restitues
3148 3929 3323 3976 τέκνον.
3351 3931 3407 3976 111
3436 3929 3591 3986 ἤμυσε

2030 3997 2186 4046 media
2206 4009 2400 4060 anceps.
2426 4017 2448 4040 υ
2476 3999 2591 4047 Jac.
2616 3997 2956 4048 Boissonadius
2981 3997 3121 4060 quod
3145 3997 3193 4046 in
3213 3997 3595 4047 Tauchnitziana

2029 4067 2207 4130 iegitur
2232 4069 2341 4116 ἰδὼν
2366 4085 2395 4114 υ
2410 4069 2464 4115 io
2477 4086 2501 4113 ν
2518 4069 2601 4128 ἦμ.
2624 4067 2821 4129 reliquit
2846 4066 3100 4118 intactum.

2094 4212 2341 4260 LXXXIX.
2376 4212 2577 4259 Lemma
2596 4223 2607 4252 τ
2630 4211 2693 4265 εἰς
2723 4210 2973 4258 Πιττακόν.
2996 4212 3147 4259 Τοῦτο
3160 4209 3377 4269 Διογένης
3403 4209 3431 4256 ό
3445 4212 3593 4272 Λαερ-

2029 4280 2131 4329 τίου
2151 4280 2270 4339 λέγει
2305 4281 2351 4328 ἐν
2374 4284 2472 4335 τοῖς
2494 4285 2588 4327 τῶν
2608 4278 2871 4340 φιλοσόφων
2892 4279 3011 4341 βίοις
3038 4281 3101 4334 ὡς
3132 4279 3268 4327 ἴδιον.
3292 4277 3485 4334 Quibus
3508 4293 3587 4328 re·

2032 4349 2216 4400 centior
2238 4363 2304 4398 m.
2336 4349 2524 4400 addidit
2558 4365 2569 4391 =
2618 4351 2738 4407 πλὴν
2776 4349 2929 4398 πάντα
2956 4352 3201 4412 Διογένους
3237 4351 3355 4399 εἰσὶν
3386 4355 3472 4398 τοῦ
3492 4357 3590 4398 τῶν

2032 4421 2291 4483 φιλοσόφων
2314 4422 2441 4484 βίους
2467 4421 2873 4484 ἀναγραψαμὲνου.
2897 4424 2953 4471 111
2982 4422 3233 4484 superiore
3250 4433 3423 4484 marg.:
3452 4427 3592 4470 τοῦτο

2034 4493 2239 4547 Ἀλκαῖος
2261 4491 2474 4552 ἐποέησεν
2494 4493 2557 4548 εἰς
2580 4492 2813 4542 Πιττακὸν
2832 4492 2911 4540 τὸν
2928 4493 3257 4552 Μιτυληναῖον.
3289 4491 3362 4542 Ad
3382 4505 3587 4542 versum

2038 4566 2091 4611 13
2111 4564 2275 4610 autem
2295 4561 2591 4626 adscriptum
2612 4585 2625 4611 ι
2649 4563 2720 4611 ὅτι
2738 4565 2971 4620 Πιττακὸς
3002 4565 3261 4628 εὐμήχανος
3280 4563 3337 4624 ἦν
3358 4565 3591 4626 στρατιώ-

2031 4645 2128 4690 της·
2151 4631 2225 4681 διὸ
2243 4633 2320 4680 καὶ
2354 4632 2466 4696 πρός
2478 4649 2581 4681 τινα
2595 4632 2830 4690 Ἀθηναῖον
2870 4634 3197 4698 μονομάχησεν
3232 4632 3369 4694 (sio).
3399 4653 3422 4673 «ι
3442 4633 3587 4682 Circa

2032 4701 2123 4752 bas
2142 4701 2347 4764 ineptias
2368 4715 2462 4750 non
2478 4701 2720 4764 morabor,
2738 4704 2985 4754 monuisse
2998 4705 3276 4762 contentus,
3294 4702 3457 4765 ipsum
3482 4704 3592 4752 Dio·

2033 4785 2202 4836 genem
2224 4773 2379 4822 Laert.
2403 4775 2444 4833 1,
2463 4776 2541 4834 79,
2568 4771 2620 4821 id
2641 4773 2936 4836 epigramma
2954 4773 3271 4824 disertissime
3291 4772 3593 4823 Callimacho

2035 4843 2289 4901 tribuisse3
2316 4842 2444 4892 unde
2478 4842 2525 4892 iu
2547 4843 2827 4894 Callimachi
2864 4843 3099 4894 editiones
3126 4847 3203 4894 est
3230 4846 3499 4906 receptum.
3538 4846 3591 4892 ln

2034 4927 2143 4964 mea
2171 4914 2339 4963 monui
2378 4912 2529 4963 fuisse
2566 4913 2859 4964 illustratum
2895 4929 2925 4964 a
2945 4918 3015 4965 st.
3040 4917 3225 4966 clerico
3248 4915 3591 4964 dissertatione

2034 4984 2278 5046 peculiari.
2310 5005 2333 5026 ι»
2371 4987 2427 5032 Ιὶ.
2469 4985 2739 5047 1000113105,
2768 4986 2911 5036 etiam
2960 4987 3006 5034 in
3038 4990 3155 5036 nott.
3190 5001 3328 5049 mss,
3357 4985 3419 5036 de
3452 4987 3591 5035 Calli-
