3829 5747
401 3235 450 3275 10

490 174 610 236 370
1591 160 2093 223 ANTHOLOGIAE
2139 159 2540 221 PALATINAE

567 318 638 382 εἰς
667 314 794 376 Χίον
823 304 926 373 εὖτ’
954 312 1016 371 ἂν
1044 310 1135 390 ἵκῃ
1153 356 1168 381 ,
1201 308 1358 389 πατρὶ
1393 304 1777 382 Μελησαγόρῃ,

487 408 556 469 ὡς
579 403 671 481 ἐμὲ
705 403 798 477 μὲν
827 402 916 461 καὶ
943 405 1044 471 νῆα
1067 398 1159 458 καὶ
1185 395 1438 475 ἐμπορίην
1469 394 1625 459 κακὸς
1659 384 1820 471 Εὖρος

565 491 758 551 ὤλεσεν
778 537 796 569 ,
831 493 1070 550 Εὐίππου
1095 486 1139 545 δ’
1169 485 1296 545 αὐτὸ
1317 484 1544 543 >Akme
1571 482 1756 556 ovo-taz„

1002 639 1138 691 501.
1201 628 1527 689 ΠΕΡΣΟΥ.

494 772 667 852 Εὕρου
696 769 963 851 χειμέριαί
991 792 1050 828 σε
1083 768 1376 845 καταιγίδες
1405 764 1718 834 ἐξεκύλισαν,

568 860 733 922 Φίλλι
749 905 765 929 ,
787 858 1131 937 πολυκλύστῳ
1151 856 1343 935 γυμνὸν
1373 854 1456 914 ἐπ’
1479 853 1612 925 ἠϊόνι
1627 897 1644 926 ,

489 951 694 1029 οἷνηρῆς
725 947 946 1009 Λέσὸοιο
971 944 1118 1025 παρὰ
1141 946 1360 1025 σφυρόν·
1383 940 1640 1019 αἰγίλιπος
1667 939 1720 997 δὲ

569 1035 760 1117 πέτρου
788 1033 1084 1113 ἇλιὸρέκτῳ
1111 1042 1286 1092 κεῖσαι
1311 1030 1410 1090 ὑπὸ
1432 1028 1679 1106 πρόποδι.

929 1182 1062 1232 502.
1119 1168 1603 1230 ΝΙΚΑΙΝΕΤΟΥ.

491 1317 670 1396 Ἠρίον
695 1316 802 1394 εἰμὶ
833 1315 1055 1383 Βίτωνος
1073 1359 1090 1389 ,
1121 1312 1381 1391 ὁδοιπόρε·
1407 1313 1453 1369 εἷ
1477 1308 1530 1369 δὲ
1558 1307 1803 1391 Τορώνην

571 1406 762 1464 λείπων
783 1406 851 1469 εἷς
873 1404 898 1427 *
933 1402 1092 1475 αὐτὴν
1122 1401 1302 1482 ἔρχεαι
1325 1398 1631 1478 Ἀμφίπολιν
1649 1444 1665 1471 ,

493 1498 654 1555 εἰπεῖν
687 1492 988 1572 Νικαγόρα,
1009 1490 1214 1549 παίδων
1245 1488 1325 1547 ὅτι
1351 1488 1438 1546 τὸν
1461 1486 1614 1561 μόνον
1639 1488 1780 1563 αὐτῷ

574 1582 898 1663 Στρυμονίης
925 1580 1112 1662 ἐρίφων
1140 1577 1306 1637 ὤλεσε
1327 1574 1604 1650 πανδυσίῃ.

993 1732 1131 1782 503.
1177 1718 1537 1779 ΛΕΩΝΙΔΑ.

496 1891 551 1929 α.
585 1863 817 1944 Ἀργείης
843 1852 888 1921 ὤ
909 1860 1042 1929 θινὸς
1064 1857 1491 1935 ἔπεστηλωμένον
1519 1856 1706 1935 ἄχθος,
1787 1850 1796 1857 ’

574 1953 735 2021 εἴποις
761 1951 914 2011 ὅντιν’
941 1949 1099 2029 ἔχεις,
1129 1946 1164 2019 ἢ
1190 1947 1328 2014 τίνος
1346 1992 1362 2021 ,
1387 1944 1697 2016 ἢποδαπόν.

500 2045 554 2120 β.
579 2038 806 2098 Φίντων’
826 2036 1123 2115 Ἑρμιονῆα
1153 2030 1464 2103 Βαθυκλὲος,
1493 2029 1548 2089 ὃν
1580 2029 1712 2088 πολὺ
1742 2034 1887 2101 κ’ῠμα

573 2126 794 2198 ὤλεσεν,
821 2124 1131 2204 Ἀρκτούρου
1157 2120 1379 2179 λαίλαπι
1409 2118 1765 2198 χρησάμενον.

1001 2278 1123 2329 504.
1163 2279 1284 2325 ΤΟΥ
1329 2276 1539 2323 ΑΥΤΟΥ.

499 2422 714 2500 Πάρμις
739 2423 768 2478 ὁ
799 2414 1170 2493 Καλλιγνώτου
1214 2412 1490 2478 ἔπακταῖος
1524 2407 1885 2485 καλαμευτὴς,

581 2510 737 2589 ἄκρος
759 2505 849 2566 καὶ
879 2506 1067 2583 κίχλης
1095 2500 1186 2561 καὶ
1219 2500 1412 2579 σκάρου
1444 2495 1770 2577 ῖχθυὸολεύς,

501 2599 591 2659 καὶ
621 2594 820 2675 λάὸρου
848 2592 1043 2669 πέρκης
1067 2588 1447 2668 δελεάρπαγος,
1471 2588 1604 2644 ὅσσα
1633 2608 1689 2643 τε
1712 2582 1891 2646 κοίλας

582 2684 849 2764 σήραγγας
873 2680 1064 2759 πέτρας
1093 2676 1140 2735 τ’
1170 2673 1442 2751 ἐμὸυθίους
1469 2673 1681 2746 νέμεται
1698 2716 1714 2741 ,

504 2778 530 2800 ’
561 2776 722 2853 ἄγρης
747 2774 804 2829 ἐκ
832 2766 1041 2847 πρώτης
1069 2768 1183 2824 ποτ’
1211 2763 1412 2823 ἰουλίδα
1437 2760 1762 2841 πετρήεσσαν

584 2862 850 2926 δακνάζων
866 2901 882 2927 ,
908 2853 1059 2926 ὀλοὴν
1085 2852 1138 2921 ἐξ
1165 2850 1285 2918 ἁλὸς
1306 2848 1589 2930 ἀράμενος,

503 2949 696 3029 ἔφθιτ’·
722 2943 971 3024 ὀλισθηρὴ
999 2942 1100 3020 γὰρ
1127 2942 1212 2998 ὑπ’
1244 2942 1302 2997 ἐκ
1329 2937 1480 3018 χερὸς
1506 2931 1693 3003 ἀΐξασα

581 3037 737 3118 ᾤχετ’
763 3033 848 3094 ἐπὶ
872 3031 1069 3091 στεινὸν
1097 3029 1401 3103 παλλομένη
1427 3025 1653 3102 φάρυγα.

502 3127 602 3188 X&
635 3125 728 3201 μὲν
762 3120 1018 3199 μηρίνθων
1043 3116 1133 3176 καὶ
1159 3115 1398 3179 δούνακος
1423 3113 1714 3189 ἀγκίστρων
1738 3131 1795 3166 τε

583 3211 734 3289 ἐγγὺς
762 3209 866 3268 ἀπὸ
893 3205 1074 3278 πνοιὴν
1105 3197 1201 3276 ἧκε
1229 3203 1616 3273 κυλινδόμενος,

503 3301 697 3379 νήματ’
727 3295 1035 3366 ἀναπλήσας
1057 3291 1350 3370 ἐπιμοίρια·
1371 3295 1461 3347 τοῦ
1495 3287 1549 3345 δὲ
1581 3286 1817 3350 θανόντος

584 3387 798 3470 Γρίπων
825 3391 852 3444 δ
875 3381 1086 3463 γριπεὺς
1119 3388 1298 3439 τοῦτον
1327 3377 1496 3456 ἔχωσε
1518 3375 1703 3454 τάφον.

570 3610 662 3660 Dic
681 3645 696 3670 ,
723 3607 924 3672 hospes,
943 3603 1088 3670 patri,
1120 3615 1296 3668 qumo,
1323 3598 1656 3660 Melesagurze,

505 3699 682 3759 Meque
699 3701 944 3756 ratemque
957 3698 1010 3737 et
1037 3697 1158 3736 onus
1175 3699 1296 3734 saevo
1330 3681 1525 3749 periisse
1558 3679 1646 3729 sub
1665 3681 1732 3727 Eu
1740 3693 1794 3726 ro
1812 3711 1826 3736 ‚

573 3774 743 3841 Evippi
766 3787 941 3824 nomen
955 3807 970 3832 ,
988 3769 1094 3836 plus
1109 3767 1234 3817 nihil
1257 3780 1357 3815 esse
1379 3779 1538 3830 super.

1118 3889 1232 3937 501.
1264 3901 1444 3934 rausa.

507 4015 655 4082 EJecit
675 4023 749 4073 te,
779 4010 923 4060 Philli
939 4047 954 4072 ,
980 4008 1136 4058 ferens
1159 4007 1218 4054 ad
1247 4005 1412 4054 littora
1435 4003 1614 4052 nudum

573 4102 702 4148 Euro
721 4095 868 4146 flante
893 4094 1022 4158 gravi
1049 4091 1238 4141 concita
1259 4088 1410 4138 tristis
1437 4087 1600 4152 hyems
1626 4101 1638 4134 :

508 4180 684 4230 Lesbos
710 4178 792 4228 ubi
823 4177 965 4225 linem
989 4174 1119 4240 capit
1135 4172 1292 4222 insula
1307 4207 1321 4231 ‚
1347 4169 1436 4218 sub
1452 4167 1572 4234 pede
1592 4166 1690 4215 saxi

571 4263 834 4322 Exstantis,
861 4259 1018 4325 pelagi
1031 4256 1160 4322 quod
1179 4255 1291 4304 ferit
1313 4253 1440 4302 unda
1455 4289 1470 4312 ‚
1485 4253 1628 4316 jaces.

1088 4377 1204 4422 502.
1241 4385 1503 4418 nemim.

509 4500 614 4562 Ipsa
641 4494 822 4544 Bitonis
845 4493 992 4542 habes
1013 4491 1186 4558 hospes
1215 4495 1525 4538 monumenta
1561 4501 1575 4534 :
1605 4489 1796 4536 'l'orom³

573 4577 842 4641 Digressum
867 4575 906 4624 si
930 4583 978 4622 te
999 4571 1092 4622 sert
1109 4572 1200 4621 iter
1219 4569 1586 4635 Amphipolim,

510 4659 751 4722 Nicagoras
777 4657 928 4712 dicas,
965 4656 1026 4704 dc
1060 4663 1212 4703 matre
1243 4652 1370 4717 quod
1393 4652 1564 4700 unicus
1589 4649 1656 4698 illi

575 4738 845 4805 Strymonia
861 4737 1008 4804 periit
1025 4775 1040 4796 ,
1059 4735 1174 4784 dum
1205 4733 1336 4783 subit
1357 4732 1518 4782 haedus
1541 4747 1700 4796 aquas,

1093 4857 1207 4906 503.
1245 4871 1484 4903 nonina-2.

515 4977 606 5028 Dic
627 4977 836 5044 lepidum
855 5013 869 5037 ‚
887 4976 939 5024 in
958 4975 1106 5024 veteri
1129 4974 1211 5040 qui
1233 4973 1394 5023 littore
1409 4970 1557 5035 surgis
1571 5007 1586 5033 ,
1613 4983 1804 5028 acerve,

2076 304 2090 330 ¹
2186 300 2361 353 chium
2391 301 2477 350 uhi
2508 299 2699 349 veneris
2715 336 2728 359 ,
2758 298 2885 363 patri
2906 298 3213 363 Melesagorae
3226 337 3239 359 ,

2124 390 2257 453 quod
2280 402 2361 439 me
2378 388 2573 453 quidem
2589 390 2641 438 et
2655 400 2828 437 navem
2846 390 2897 437 et
2922 400 3107 437 merces
3128 386 3286 435 malus
3304 388 3456 435 Eurus

2189 478 2476 541 perdiderit,
2496 477 2668 541 Euippi
2687 479 2853 527 autem
2877 476 3037 527 solum
3066 476 3390 539 reliquum-sit
3414 488 3591 527 nomen.

2718 630 2827 675 501.
2862 626 3087 673 PERSAE.

2128 766 2244 815 Euri
2260 764 2479 815 hiberum
2502 768 2553 815 te
2578 766 2799 829 procellae
2818 766 3132 826 evolverunt,

2190 868 2220 902 o
2245 853 2435 915 Philus,
2462 854 2879 905 undis-verberato
2896 854 3089 905 nudum
3108 855 3159 905 in
3176 856 3340 907 littore
3358 894 3371 917 ,

2129 942 2349 992 vinifera}
2378 942 2521 993 Lesbi
2540 944 2683 1007 juxta
2708 946 3183 1007 extremam-partem
3207 965 3218 992 :
3239 944 3384 993 eelsae
3403 946 3557 993 autem

2190 1031 2341 1091 pen-m
2364 1029 2947 1095 marino-ssuctu-irriguae
2961 1030 3095 1093 jaces
3118 1030 3179 1079 ad
3202 1030 3431 1081 radicem.

2669 1180 2775 1223 502.
2812 1174 3141 1223 NICAENETI.

2131 1312 2418 1375 Sepulcrum
2449 1326 2562 1362 sum
2590 1312 2775 1363 Bitonis
2789 1348 2805 1374 ‚
2828 1326 2860 1361 o
2878 1312 3061 1370 viator;
3078 1312 3121 1361 si
3144 1325 3263 1361 vero
3279 1350 3293 1371 ‚
3312 1314 3525 1361 Toronen

2192 1402 2415 1465 linquens
2428 1440 2441 1463 ,
2471 1402 2521 1451 in
2542 1402 2695 1465 ipsam
2720 1400 2872 1451 vadas
2894 1401 3213 1465 Amphipolim
3227 1440 3241 1461 ‚

2132 1488 2211 1539 «lic
2233 1490 2507 1553 Nic-agone,
2532 1502 2798 1552 puerorum
2816 1488 2949 1551 quod
2969 1489 3167 1539 unicum
3185 1488 3257 1539 illi

2194 1577 2490 1641 Strymonias
2510 1580 2695 1627 venius
2718 1576 2983 1627 Hoedorum
2996 1576 3283 1627 exstinxerit
3308 1576 3559 1625 in-occasu.

2685 1724 2790 1771 503.
2825 1720 3132 1769 LEoNlnAE.

2134 1881 2186 1916 a.
2214 1867 2389 1931 Argiva
2413 1881 2444 1916 o
2468 1866 2681 1915 inat-ena
2704 1867 2938 1915 erectum-
2945 1862 3159 1927 pondus,

2196 1957 2329 2006 dicas
2350 1968 2611 2019 quemnam
2632 1954 2878 2014 coliibeas,
2894 1954 2973 2003 vel
2993 1954 3133 2015 cujus
3146 1948 3339 2016 filiam,
3360 1951 3437 2000 vel
3454 1950 3689 2014 cujatem.

2135 2046 2182 2096 b.
2230 2045 2517 2094 Phintonem
2560 2042 2961 2093 Hermionensem
3002 2040 3251 2103 Bathyclis
3265 2078 3279 2100 ‚
3315 2052 3464 2095 ouem
3500 2039 3691 2087 multus

2198 2132 2433 2197 perdidit,
2454 2131 2645 2181 Arcturi
2664 2130 2874 2194 procella
2904 2143 3068 2179 usum.
3470 2126 3695 2190 [fluctus

2676 2270 2801 2315 ⁶504.
2846 2274 3143 2315 Esusnrm.
3226 2266 3237 2275 ⁹

2140 2405 2325 2455 Par-mis
2351 2402 2603 2467 Callignoti
2628 2402 2758 2453 filius
2778 2440 2790 2462 ,
2812 2401 3057 2451 eri-littore
3078 2401 3305 2464 piscator,

2200 2506 2425 2543 summus
2445 2495 2496 2543 et
2514 2491 2648 2542 turdi
2672 2504 2731 2540 ac
2760 2491 2886 2540 scari
2910 2489 3379 2553 piscium-captator,

2141 2583 2191 2631 et
2214 2581 2373 2631 avidae
2395 2593 2555 2645 percae
2584 2578 2993 2641 escam-rapientis
3011 2616 3024 2638 ,
3050 2579 3100 2627 et
3118 2576 3471 2639 omnium-qum
3493 2590 3617 2625 cava

2203 2672 2341 2719 antra
2366 2670 2627 2731 petrasque
2658 2664 3045 2715 inarundo-maris
3066 2664 3313 2724 habitant,

2140 2759 2342 2819 captura
2370 2768 2427 2805 ex
2447 2754 2604 2819 prima
2630 2752 2749 2803 olim
2774 2752 2975 2802 iulidem
2997 2751 3252 2801 saxatilem

2206 2840 2843 2908 mordicus-apprehendens
2858 2877 2871 2900 ,
2892 2838 3147 2890 exitiosam
3167 2852 3196 2890 e
3222 2838 3345 2889 mari
3367 2841 3693 2902 quam-sustu-

2142 2936 2284 3001 periit
2311 2948 2323 2977 ι
2351 2932 2538 2984 lubrica
2556 2930 2735 2981 etenim
2755 2942 2783 2978 e
2805 2923 2954 2978 mann
2976 2927 3234 2978 subsiliens
3542 2927 3666 2977 ierat
3681 2965 3693 2984 ‚

2204 3022 2322 3073 abiit
2342 3022 2391 3070 in
2417 3022 2677 3084 angustum
2700 3017 2909 3067 tremula
2930 3017 3112 3078 guttur.

2145 3118 2205 3164 Et
2225 3114 2303 3163 ille
2334 3111 2533 3174 quidem
2561 3123 2712 3172 prope
2732 3107 2974 3157 funiculos
2989 3109 3039 3156 et
3064 3105 3349 3155 arundinem
3374 3107 3429 3154 et
3458 3104 3626 3154 hamos

2204 3201 2432 3265 spiritum
2454 3198 2615 3249 emisit
2643 3195 2923 3254 revoluta,

2144 3291 2225 3340 tila
2240 3289 2449 3353 implens
2478 3285 2642 3336 satalia
2668 3304 2681 3334 2
2710 3283 2839 3334 illius
2867 3285 3033 3333 autem
3068 3281 3251 3331 mortui

2208 3379 2355 3442 Gripo
2379 3377 2590 3440 piscator
2618 3372 2754 3422 bunc
2778 3370 3021 3436 congessit
3045 3369 3309 3419 tumulum.

2070 3495 3681 3525 Μ

2227 3588 2383 3647 Quem
2403 3617 2419 3644 ,
2439 3582 2570 3646 cujus
2594 3588 2756 3629 natum
2786 3577 2932 3645 patris
2960 3585 3009 3626 et
3035 3575 3161 3624 unde
3192 3574 3343 3638 tegis?

2146 3668 2386 3718 Phintona
2401 3660 2994 3726 Hermionea·Bathycleis
3020 3676 3032 3709 :
3061 3658 3256 3708 abstulit
3290 3658 3432 3707 illum

2215 3747 2409 3800 Arcturi
2432 3746 2632 3796 turbans
2648 3760 2765 3792 επεν-α
2790 3741 2999 3808 procella
3018 3741 3208 3789 fretum.

2724 3897 2837 3952 504.
2874 3910 3109 3942 tsusnzu.

2153 4055 2513 4122 Callignotiades
2548 4052 2766 4118 princeps
2783 4049 2833 4096 in
2853 4045 3087 4096 arundine
3107 4044 3287 4094 Parmis
3302 4077 3317 4102 ‚

2217 4145 2309 4191 Seu
2336 4155 2449 4203 vaga
2475 4151 2633 4202 perca,
2658 4149 2817 4182 scarus
2833 4147 2916 4180 seu
2941 4127 3199 4195 capiendus
3221 4136 3323 4175 erat
3338 4163 3352 4186 ‚

2154 4228 2244 4274 Seu
2263 4221 2429 4271 turdus
2455 4215 2641 4284 pelagi,
2662 4213 2861 4263 madidis
2878 4227 2960 4262 seu
2983 4208 3217 4276 quidquid
3240 4208 3291 4257 in
3318 4208 3479 4256 antris

2219 4303 2416 4363 Delitet,
2446 4308 2529 4350 aut
2554 4313 2640 4363 per
2673 4295 2806 4360 aquis
2833 4293 2994 4344 abdita
3020 4307 3133 4343 saxa
3154 4298 3305 4348 natat,

2155 4391 2435 4452 spumantes
2466 4381 2672 4447 genitam
2699 4378 2842 4427 maris
2858 4378 2985 4426 inter
3004 4375 3152 4425 iulide
3179 4389 3320 4439 rupes

2223 4467 2445 4519 Caeruleae
2461 4465 2663 4532 spolium
2690 4463 2855 4513 nobile
2880 4461 3007 4527 cepit
3031 4475 3185 4525 aqnoe.

2160 4557 2215 4601 Et
2244 4549 2389 4617 periit
2410 4566 2423 4598 ε
2448 4563 2653 4612 :iainque
2672 4547 2755 4596 illa
2781 4561 2946 4594 manus
2964 4543 3121 4608 elapsa
3140 4539 3346 4591 tenentis

2226 4634 2435 4685 Transiit
2458 4635 2506 4682 in
2536 4633 2693 4680 fauces
2722 4647 2772 4680 se
2790 4629 2999 4695 jaculata
3029 4627 3137 4676 viri.

2160 4719 2236 4768 Sic
2255 4718 2336 4766 ille
2358 4725 2409 4765 et
2443 4715 2647 4764 calamos
2674 4721 2723 4762 et
2740 4711 2862 4761 retis
2890 4718 3087 4777 propter
3111 4716 3159 4756 et
3193 4703 3361 4754 hamos

2227 4797 2479 4849 Collabens
2504 4796 2713 4846 animam
2729 4794 2865 4861 ponit
2882 4829 2898 4857 ,
2923 4792 3088 4858 ibique
3105 4792 3244 4857 jacet.

2163 4880 2375 4946 Expletis
2404 4879 2497 4928 filis
2523 4877 2747 4928 fatalibus
2772 4893 2787 4926 z
2816 4875 2949 4925 illius
2968 4873 3152 4926 mnbrae

2234 4963 2459 5029 Griponis
2478 4961 2683 5028 Gripeus
2704 4959 2844 5024 erigit
2866 4957 2997 5008 hunc
3024 4956 3281 5007 tumulum.
