3829 5747
361 145 477 205 546
1463 146 1967 208 ANTIIOLOGIAE

363 278 441 332 τὰς
482 277 608 338 ὄψεις
635 279 942 341 καταλάμπει·
977 280 1092 328 ἀλλὰ
1130 282 1208 327 καὶ
1240 279 1365 341 ὅμως
1398 280 1481 338 τήν
1514 280 1638 343 ἱερὰν
1678 279 1922 333 κατέλιπες

364 348 600 411 καθέδραν·
628 350 810 407 πάντως
833 350 977 405 οὕτως
999 352 1196 409 ἠθέλησε
1219 351 1440 412 Χριστὸς,
1470 350 1598 405 ὅπως
1635 364 1689 397 σε
1716 348 1922 409 τάχιστα

364 425 462 473 τοῖς
489 418 713 484 οὐρανίοις
736 419 983 481 συνὸμιλον
1010 419 1188 482 ποιήσῃ
1205 419 1343 476 νὸοις.
1371 440 1394 463 »ι
1427 422 1488 469 B.

431 562 484 609 Χ.
512 562 697 610 Iterum
727 558 777 611 in
801 575 846 611 c.
873 564 972 611 XV.
993 588 1057 598 —
1075 568 1102 609 2
1129 562 1274 625 βένθε·
1289 561 1457 610 ἅπαντ’
1475 560 1619 619 God.,
1639 560 1794 610 altero
1816 559 1923 608 Ioco

369 629 550 690 βένθεος
579 630 662 679 da.
686 650 708 673 ιι
737 632 904 681 Βένθεα
926 633 1096 692 πάντα,
1115 632 1248 695 quod
1275 634 1378 681 Jac.
1409 630 1722 695 proponebat,
1749 628 1921 693 scripsi

368 702 569 749 secutus
591 699 851 750 editionem
884 704 1008 764 Opp.
1047 714 1096 763 p.
1131 706 1220 751 153
1251 714 1309 751 ac
1330 700 1523 750 codices
1548 704 1657 760 993,
1696 704 1832 750 1700.
1861 702 1924 749 Et

368 768 524 820 codex
550 774 640 821 993
668 771 846 823 obtulit
872 771 992 821 mihi
1019 772 1142 831 ἔασι,
1166 770 1302 834 quod
1324 770 1518 834 111-1011111
1553 770 1753 833 vulgato
1785 772 1922 819 ἑασσι

368 838 644 890 νο1ἐασσιν.
667 840 806 890 cons.
826 843 930 890 not.
959 840 1023 890 ad
1045 840 1266 904 Theoph.
1305 841 1484 890 Simoc.
1520 853 1566 902 p.
1601 844 1710 899 235,
1733 837 1799 887 ad
1825 840 1919 887 Pa-

369 908 585 972 chymer.
616 926 665 975 p.
703 917 783 962 39.
812 912 1076 975 Gregorius
1104 915 1142 962 t.
1175 916 1240 973 11,
1271 926 1320 975 p.
1350 916 1408 961 75
1448 928 1459 959 :
1491 912 1741 959 Ἤθελον...
1774 911 1804 968 ἦ
1839 908 1926 957 τιν·

369 981 538 1041 ἔρημον
571 981 810 1032 Ναιετάειν
835 984 1051 1041 θήρεσσιν
1075 984 1304 1045 ὁμὲστιος·
1339 985 1382 1030 οἱ
1410 982 1500 1044 γὰρ
1527 982 1631 1029 ἔασι
1649 980 1923 1041 Πιστότεροι

369 1053 597 1115 μερόπων.
633 1052 838 1104 Codices
855 1059 916 1105 39
939 1056 990 1103 et
1015 1058 1106 1105 993
1125 1055 1274 1103 ἔασιν.
1297 1079 1358 1090 -
1380 1059 1408 1102 2
1431 1053 1508 1109 ἔης
1539 1063 1638 1100 om.
1669 1049 1793 1100 Cod.
1823 1048 1920 1098 1110.

366 1124 527 1174 Vertit
559 1124 744 1185 Billyus
787 1142 800 1173 ε
851 1128 1064 1175 victima
1107 1128 1230 1173 viva
1265 1124 1377 1174 deo.
1416 1124 1540 1172 Puto
1585 1120 1874 1170 vertendum
1909 1140 1920 1167 :

365 1196 550 1244 vivum
575 1196 824 1259 templum
853 1209 988 1245 erae.
1017 1194 1137 1244 Cod.
1169 1198 1280 1255 993,
1315 1194 1486 1256 ἔμπνον
1515 1192 1650 1255 ἱερὸν.
1685 1212 1708 1233 2·
1747 1194 1810 1241 B.

377 1384 388 1397 ,
427 1336 468 1383 Χ
491 1336 538 1384 *.
567 1335 725 1385 Etiam
743 1334 794 1383 in
824 1349 864 1384 c.
895 1338 998 1384 XV.
1036 1355 1058 1377 ιι
1089 1337 1280 1384 Novum
1307 1333 1399 1383 feci
1423 1332 1719 1395 epigramma
1743 1344 1805 1381 ex
1827 1329 1922 1380 1100

365 1402 602 1465 disticho,
631 1405 769 1469 quod
795 1406 940 1469 vulgo
964 1404 1298 1469 epigrammati
1326 1402 1620 1466 111-1000110011
1649 1415 1921 1451 connexum

365 1476 492 1525 male
522 1480 616 1527 est.
662 1479 868 1526 Secutus
911 1490 1022 1526 sum
1063 1475 1280 1525 codicem
1313 1480 1422 1529 993.
1467 1473 1598 1522 unde
1643 1475 1695 1522 et
1734 1472 1919 1536 Nicgtae

364 1545 680 1608 paraphrasin
708 1545 960 1609 descripsi,
991 1558 1140 1609 quam
1163 1546 1269 1608 Iege
1283 1544 1331 1593 10
1355 1544 1484 1593 notis
1507 1542 1571 1591 ad
1596 1540 1817 1605 Theoph.
1843 1543 1916 1591 Si·

367 1627 492 1664 moe.
525 1616 634 1664 sam
675 1615 920 1665 numerari
957 1617 1188 1678 poterunt
1219 1613 1566 1678 epigrammata
1605 1614 1655 1662 in
1689 1613 1919 1663 Basilium

365 1684 664 1745 duodecim,
691 1700 806 1748 quae
844 1687 1016 1735 auctor
1047 1688 1286 1735 memorat
1320 1684 1370 1733 in
1406 1696 1484 1747 ep.
1521 1688 1594 1733 11.
1639 1682 1808 1733 Voluit
1832 1686 1917 1733 Ja-

364 1754 560 1805 cobsius
578 1756 870 1819 epigramma
892 1754 1242 1805 duodecimum
1269 1754 1426 1804 facere
1446 1767 1508 1804 ex
1533 1754 1684 1804 altero
1711 1753 1923 1803 disticho

363 1825 721 1887 epigrammatis
737 1826 1012 1885 undecimi,
1042 1829 1095 1876 et
1114 1826 1184 1875 sic
1210 1825 1428 1889 Boydius
1445 1824 1494 1874 in
1522 1825 1739 1875 Classico
1757 1824 1921 1875 Diario

363 1899 402 1946 t.
427 1898 508 1957 lx,
535 1910 584 1960 p.
619 1902 722 1957 130,
751 1898 838 1960 qui
855 1896 906 1947 in
929 1897 1212 1961 separandis
1233 1895 1493 1946 duodecim
1526 1895 1660 1945 hisce
1689 1894 1923 1959 epigram-

363 1966 508 2016 matis
532 1980 630 2016 000
647 1966 942 2017 mediocrem
964 1966 1116 2017 subiit
1137 1966 1370 2024 laborem,
1404 1964 1538 2027 quod
1565 1964 1777 2015 editione
1801 1961 1920 2028 ope·-

362 2049 474 2085 rum
493 2037 598 2087 sola
622 2050 769 2097 usus,
792 2036 875 2087 illa
892 2036 1041 2087 etiam
1061 2037 1110 2086 in
1139 2034 1426 2099 Anthologia
1445 2038 1635 2085 exstare
1655 2035 1917 2099 ignoraret.

361 2106 458 2156 Sed
485 2106 707 2159 divisioni
734 2110 763 2158 J
767 2108 1036 2158 acobsianae
1054 2107 1216 2158 obstat
1245 2106 1480 2158 orationis
1513 2106 1646 2157 color
1676 2105 1848 2158 similis
1871 2109 1921 2161 in

362 2176 468 2225 τόδε
489 2178 707 2241 γράμμα,
733 2180 871 2239 μῦθος
894 2180 987 2228 ὅδε.
1013 2204 1073 2216 --
1097 2187 1114 2228 1
1145 2179 1342 2236 ὀκταετῆ
1368 2177 1486 2228 edit.
1509 2180 1634 2240 Opp.
1659 2180 1745 2229 Est
1770 2180 1921 2237 τείνας

361 2246 686 2297 nominativus
698 2247 920 2299 absolute
947 2248 1152 2311 positus.
1183 2268 1206 2291 »ι
1243 2251 1304 2298 B.
1335 2248 1690 2311 Quiposterius
1719 2249 1786 2298 ad
1823 2251 1919 2299 Pa-

361 2316 581 2378 chymer.
611 2332 662 2381 p.
685 2324 781 2369 39:
817 2337 842 2360 ιι
871 2317 1070 2381 Legitur
1100 2319 1248 2381 vulgo
1269 2319 1506 2377 ὀκταέτης.
1534 2317 1632 2368 Sed
1655 2318 1697 2367 si
1716 2318 1922 2369 Basilius

361 2386 581 2437 octennis
609 2401 731 2451 puer
755 2388 924 2451 populi
949 2386 1016 2451 pii
1043 2388 1283 2438 tenuisset
1310 2387 1554 2447 habenas,
1579 2387 1631 2436 id
1667 2387 1794 2439 inter
1814 2390 1921 2452 ejus

361 2456 480 2507 vitae
522 2461 636 2508 acta
669 2473 767 2509 non
803 2459 926 2509 foret
966 2459 1121 2521 ὀλίγον
1137 2494 1153 2520 ,
1201 2458 1290 2509 sed
1333 2459 1382 2507 in
1421 2458 1662 2507 miraculo
1697 2472 1917 2521 prorsus.

361 2526 525 2577 Codex
560 2532 788 2579 vetustus
817 2528 998 2592 optime
1026 2528 1220 2579 exhibet
1246 2528 1458 2583 ὀκτάετες
1472 2561 1486 2586 ,
1516 2531 1770 2578 octennio.
1795 2532 1916 2579 For·

361 2611 493 2647 mam
516 2598 800 2650 adverbium
835 2600 1050 2656 ἑπτάετες
1084 2600 1292 2649 similem
1330 2598 1492 2649 habet.
1525 2619 1549 2641 n
1576 2599 1920 2664 Episcopatum

359 2667 522 2718 tenuit
545 2669 756 2719 Basilius
778 2683 864 2733 per
883 2683 1034 2720 annos
1053 2672 1166 2720 octo
1182 2674 1234 2720 et
1254 2683 1445 2720 menses
1471 2668 1676 2731 aliquot.
1699 2698 1761 2707 —
1789 2678 1816 2721 2
1839 2672 1918 2722 Sic

301 2784 310 2793 ,
361 2738 484 2787 God.
521 2740 676 2790 altero
711 2740 836 2803 1000,
871 2740 950 2789 1110
976 2741 1016 2789 ὥ
1059 2742 1266 2801 βασίλειε
1309 2740 1410 2800 λόγ
1423 2758 1512 2789 ων.
1557 2739 1748 2789 Jacobs.
1791 2742 1917 2804 conj.

357 2815 500 2859 τοῦτο
527 2811 632 2872 μόγ
648 2829 726 2859 ων
745 2818 839 2860 τῶν
871 2816 1028 2861 σῶν...
1053 2811 1226 2873 ὀλίγον.

421 2952 505 3001 XI.
537 2951 724 3001 Iterum
751 2951 802 3001 in
829 2965 874 3000 0.
905 2953 1005 3001 XV.
1035 2977 1088 2988 -
1123 2957 1162 3002 1.
1195 2973 1217 2995 ιι
1255 2952 1400 3002 Plene
1421 2951 1616 3003 distinxi
1637 2955 1753 3016 post
1769 2954 1917 3016 ἔμπης

351 3023 562 3071 secutus
585 3020 850 3072 editionem
868 3025 995 3086 Opp.
1024 3049 1088 3060 -
1110 3027 1139 3072 3
1171 3024 1294 3084 ἔχοις
1326 3025 1460 3086 χερὸς
1480 3023 1602 3072 cod.
1639 3023 1749 3084 hic,
1795 3027 1913 3088 ἔχεις

361 3092 494 3152 χρέος
527 3089 682 3141 altero
703 3091 830 3142 Ioco.
859 3093 1018 3156 Vulgo
1041 3091 1220 3156 legitur
1253 3095 1402 3156 χρέος.
1431 3093 1555 3143 cod.
1603 3097 1724 3144 1760
1761 3093 1913 3158 χερός.

351 3161 484 3212 ‘Cod-
509 3169 619 3224 993,
650 3181 702 3228 μ.
727 3165 768 3214 δ’
805 3165 858 3214 ὃν
887 3167 978 3226 φιλ.
1020 3166 1143 3228 ἔχοις
1172 3168 1338 3231 χειρός.
1383 3166 1560 3230 Recepi
1589 3171 1749 3231 χερὸς,
1779 3167 1917 3230 quod

359 3234 648 3284 sententiam
680 3235 798 3286 tacit
817 3234 1114 3286 nitidiorem.
1148 3255 1171 3278 ι»
1203 3237 1261 3286 Β.
1300 3260 1360 3272 -
1391 3251 1421 3286 ιι
1461 3237 1751 3286 &nsua-tatone
1787 3235 1909 3287 cod.

363 3303 457 3362 1110,
481 3305 636 3356 altero
657 3304 766 3354 Ioco
794 3309 943 3356 recte.
975 3325 999 3348 ιι
1020 3305 1179 3355 Triste
1211 3319 1396 3355 munus
1409 3305 1649 3370 intelligit,
1683 3305 1916 3358 defuncto

359 3374 547 3425 scilicet
579 3375 798 3426 oblatum
815 3413 830 3433 ,
868 3375 1012 3440 quale
1036 3389 1180 3425 nemo
1204 3376 1360 3426 amico
1385 3375 1567 3426 01101το
1593 3377 1730 3428 velit.
1753 3378 1916 3428 Verba

357 3446 440 3492 καὶ
467 3445 546 3494 σοὶ
569 3444 760 3495 sincera
781 3458 879 3494 non
913 3444 1162 3495 videntur.
1205 3466 1228 3488 ιι
1257 3447 1373 3495 Jac.
1411 3447 1636 3494 Fortasse
1676 3447 1833 3496 καίτοι
1869 3447 1911 3497 ὃ.

351 3513 570 3577 scripsit.
613 3516 830 3577 Sequens
859 3513 1099 3566 distichon
1130 3515 1326 3566 Jacobs.
1369 3515 1678 3578 probabiliter
1715 3530 1910 3580 separa-

358 3583 460 3647 bat,
499 3584 901 3650 subscriptionem
949 3586 1249 3636 00101110-
1277 3595 1304 3638 5
1341 3592 1422 3647 τεῇ
1462 3587 1594 3648 κονίῃ
1631 3588 1754 3638 divio.
1791 3587 1910 3637 edil.
1953 3622 1957 3665 Ι

357 3659 485 3720 opp.
507 3661 613 3705 -o
636 3658 997 3720 ἐπιγραμμάτων
1021 3657 1140 3706 God.
1181 3656 1277 3706 1110.
1305 3655 1424 3706 Cod.
1459 3661 1550 3705 993
1577 3657 1712 3714 τήνδε
1731 3658 1913 3706 δυο-ωι-
1954 3676 1957 3691 ·

353 3728 542 3778 δεκάδα.

417 3869 524 3917 XII.
555 3867 716 3917 Habet
754 3869 988 3918 Murator.
1021 3865 1201 3916 Anerd.
1233 3879 1280 3930 p.
1327 3870 1404 3917 07.
1445 3893 1504 3902 -
1545 3873 1589 3916 2.
1627 3866 1914 3917 Accuratius
1951 3828 1957 3903 !

357 3939 558 4001 Gregor.
587 3941 673 3988 Or.
718 3939 896 3990 XVIII.
928 3951 979 4002 p.
1018 3943 1110 3988 358
1139 3941 1268 3987 extr.
1311 3936 1396 3986 ed.
1444 3937 1644 3986 Bened.:
1687 3939 1831 3994 ζήσας
1863 3940 1912 3988 δὲ

357 4009 524 4071 σχεδόν
551 4026 595 4057 τι
630 4010 733 4072 περὶ
767 4009 828 4058 τὰ
859 4011 1024 4059 ἑκατὸν
1060 4009 1140 4066 ἔτη
1159 4044 1174 4068 ,
1211 4010 1332 4069 πέρα
1361 4013 1453 4057 τῶν
1489 4010 1754 4057 Δαυιδικῶν
1791 4010 1912 4072 ὅρων
1952 4049 1957 4059 .

355 4081 458 4142 περὶ
473 4085 563 4128 τοῦ
581 4081 685 4128 καθ’
716 4083 835 4141 ἡμᾶς
859 4081 1027 4144 χρόνου
1049 4078 1259 4138 (Psalm.
1277 4080 1506 4128 Lxxxlx
1523 4116 1538 4138 ,
1567 4084 1673 4138 10),
1697 4081 1778 4127 καὶ
1800 4081 1908 4129 τού·

354 4166 448 4197 των
469 4151 621 4200 αὐτῶν
649 4151 695 4198 ἐν
719 4155 777 4212 τῇ
797 4151 1022 4214 ἱερωσύνῃ
1041 4151 1210 4200 πέντε
1228 4151 1328 4198 καὶ
1355 4149 1724 4211 τεσσαράκοντα,
1747 4150 1910 4212 μέτρον

354 4226 434 4276 τῆς
457 4221 742 4283 ἀνθρωπίνης
760 4227 898 4281 ζωῆς,
919 4223 1080 4270 ἔπειτα
1099 4221 1146 4271 lv
1165 4221 1285 4283 γήρᾳ
1299 4220 1430 4280 καλῷ
1448 4219 1664 4268 καταλύει
1683 4220 1761 4266 τὸν
1787 4219 1906 4280 βίον.

355 4315 415 4324 -
447 4295 492 4340 3.
527 4309 551 4332 ιι
577 4291 779 4354 Gregor.
809 4293 848 4340 t.
894 4292 961 4340 II.
1006 4304 1056 4353 p.
1102 4293 1206 4347 108,
1235 4288 1298 4338 de
1335 4287 1580 4351 Theognio
1623 4307 1635 4335 ι
1671 4287 1905 4350 μείλιχος,

355 4359 611 4418 ἡδυεπὴς...
645 4364 744 4410 νΒ.
781 4387 838 4396 -·
860 4364 889 4410 4
927 4361 1024 4423 ἔχει
1051 4359 1262 4409 malebat
1292 4360 1469 4408 Mutat.
1503 4383 1566 4394 --
1607 4365 1636 4406 6
1669 4358 1741 4414 &t-
1767 4357 1905 4418 θοὰς

353 4431 602 4492 ἀμφιέπετε
629 4431 750 4482 cod.
779 4435 832 4482 et
855 4431 978 4482 liber
1000 4431 1194 4491 Medic„
1223 4444 1351 4480 corr.
1383 4431 1560 4480 Murat.

414 4571 544 4620 xm.
581 4573 667 4633 Ap.
695 4571 875 4621 Murat.
909 4585 957 4634 p.
997 4575 1075 4622 08.
1117 4597 1179 4606 -
1211 4573 1252 4618 1.
1287 4568 1366 4618 Sic
1393 4569 1592 4631 Gregor.
1632 4569 1770 4617 Orat.
1801 4570 1907 4627 VII,

351 4651 402 4701 p,
453 4643 556 4700 199,
587 4641 632 4690 D
659 4639 738 4689 ed.
772 4639 974 4690 Bened.x
1011 4640 1164 4700 πατὴρ
1198 4638 1280 4698 μὲν
1317 4637 1372 4686 ἐκ
1397 4641 1479 4695 τῆς
1521 4637 1790 4699 ἀγριελαίου
1819 4655 1910 4686 κα·-

351 4712 442 4765 ἰῶς
467 4708 792 4771 ἕνκεντρισθεὶς
812 4711 876 4766 εἰς
897 4711 980 4768 τὴν
999 4710 1302 4771 καλλιέλαιον,
1327 4710 1378 4758 et
1402 4706 1509 4756 aliis
1535 4705 1587 4755 ll.
1620 4720 1651 4754 a
1683 4706 1910 4757 Jacobsio

353 4779 587 4838 collectis,
619 4779 906 4843 metaphora
939 4779 1156 4840 Paulina,
1193 4781 1283 4841 Ep.
1317 4777 1383 4828 ad
1413 4780 1554 4828 Rom.
1587 4779 1694 4836 XII,
1729 4781 1804 4826 17.
1847 4803 1911 4813 -

351 4857 398 4899 2.
430 4869 453 4892 ιι
483 4848 739 4913 Proposuit
775 4851 880 4898 Jac.
911 4849 990 4898 1110
1017 4853 1068 4899 01
1090 4862 1140 4898 ν.
1177 4852 1206 4898 4
1234 4847 1416 4898 addere
1442 4847 1498 4897 δ’.
1546 4846 1644 4896 Sed
1683 4845 1913 4897 videntur

349 4919 400 4967 in
422 4918 517 4967 hoc
547 4931 625 4982 ep.
659 4917 896 4980 asyndeta
923 4917 1147 4983 quznsita.
1183 4921 1418 4970 ceterum
1442 4917 1626 4969 librarii
1649 4916 1839 4968 addunt
1857 4920 1911 4968 et

347 4991 584 5040 omittunt
612 4989 809 5053 copulas
831 4992 1033 5040 temere.
1061 5011 1083 5034 »
1118 4993 1176 5039 B.
1209 5017 1264 5026 —-
1289 4993 1335 5039 3.
1367 5009 1388 5032 ιι
1417 4991 1623 5053 Πλευρῆς
1648 4989 1904 5051 θεόφρονος,

2016 146 2163 205 ΡΑΙ.
2173 147 2417 206 ΑΤΙΝΛΞ

2010 276 2071 327 de
2097 278 2263 327 Nonna
2282 278 2515 341 conjuye,
2542 277 2621 327 cui
2647 278 2851 329 debehat
2883 280 3145 331 tramitum
3174 280 3239 330 ad
3256 281 3441 333 Christi
3464 282 3589 333 rui-

2009 348 2133 397 tum.
2156 348 2341 410 Πλευρόι
2358 360 2448 410 pro
2466 349 2688 411 conjuye
2710 348 2834 399 dixit
2842 354 3011 399 noster
3028 350 3175 401 etiam
3195 354 3357 401 carm.
3377 354 3588 408 XLVII,

2010 421 2087 477 37,
2115 432 2167 481 p.
2192 423 2301 465 ooo.
2326 417 2505 467 Ὀλόον
2531 417 2746 479 intelligo
2770 431 2940 467 veram
2969 419 3135 481 iidem,
3164 435 3277 485 quae
3306 422 3373 472 ad
3403 422 3581 472 beati-

2010 486 2231 537 tudinem
2252 487 2401 538 ducit.
2434 488 2586 538 Aliter
2614 488 2764 537 schol.
2794 490 2970 552 (quem
2992 504 3041 539 v.
3058 492 3123 541 ad
3139 506 3189 539 v.
3221 493 3299 553 o.)
3322 513 3346 535 υ
3368 496 3479 541 Joc-
3518 518 3591 527 --

2010 562 2058 607 4.
2094 578 2117 601 ιι
2142 562 2286 623 Γῆρας
2310 560 2354 614 ἐς
2379 560 2571 621 λιπαρὸν
2586 558 2821 608 illustravi
2848 558 2913 608 ad
2936 563 3125 624 Eunap.
3156 575 3205 624 p.
3231 566 3336 621 171,
3360 565 3483 620 585ς
3512 560 3589 609 ad

2010 629 2187 691 odyss.
2212 636 2271 689 Λ,
2303 635 2405 680 130.
2437 629 2577 679 Cous.
2607 643 2683 692 ep.
2725 634 2827 679 132.
2859 632 3141 681 Gennadius
3166 632 3215 681 in
3238 632 3361 681 meis
3382 630 3583 679 Anecd.

2010 700 2048 749 t.
2080 702 2141 759 V,
2161 714 2209 763 p.
2259 704 2338 749 131
2374 720 2385 749 2
2426 702 2488 757 εἰς
2518 702 2736 761 εὔδαιμον
2770 706 2912 761 γῆρας
2956 704 3037 750 καὶ
3080 702 3273 763 λιπαρὸν
3300 702 3585 764 ἀφιγμένον.

2010 770 2255 819 Scholium
2284 770 2435 820 hocce
2461 783 2491 819 e
2525 768 2636 819 cod.
2668 767 2983 817 Ambrosiano
3010 772 3238 834 apposuit
3264 770 3583 821 muratorius

2010 840 2191 889 Anecd.
2220 854 2268 904 p.
2291 846 2353 892 70
2375 862 2387 891 ι
2417 844 2469 890 ἐκ
2495 847 2575 899 τῆς
2602 839 2833 898 θεοφιλους
2864 840 2913 887 δέ
2932 855 3020 900 μου
3040 842 3237 897 συζύγου
3263 843 3459 889 πλοῦτον
3490 858 3583 903 μοι

2010 912 2215 972 παρέσχε
2254 912 2434 961 παίδων
2470 912 2745 971 πολύτιμον,
2786 908 2853 955 ὧν
2879 910 2933 957 τὸ
2968 908 3217 971 κεφάλαιον
3252 910 3279 957 ὸ
3321 912 3583 971 ἱερώτατος

2011 983 2089 1028 καὶ
2128 984 2507 1043 θαυμαστὸτατος
2530 989 2643 1037 παῖς
2692 980 2950 1042 Γρηγόριος·
2990 982 3238 1043 ἀμφότεροι
3282 982 3335 1031 δὲ
3362 983 3457 1043 ἐγὼ
3486 984 3581 1030 καὶ

2011 1052 2201 1111 σύζυγσς
2237 1054 2301 1104 εἷς
2348 1058 2490 1115 γῆρας
2528 1052 2719 1113 λιπαρὸν
2759 1052 3131 1113 κατηντήσαμεν.
3178 1054 3235 1099 Εἰ
3274 1052 3321 1101 δὲ
3370 1052 3581 1100 θάνατον

2010 1122 2213 1179 ὑπέστην
2238 1122 2331 1183 ἐγὼ
2362 1124 2389 1171 ὁ
2418 1122 2657 1185 Γρηγόριος
2675 1158 2688 1181 ,
2713 1120 2843 1169 οὐδὲν
2873 1122 3158 1184 θαυμαστόν·
3192 1124 3350 1179 θνητὸς
3376 1122 3465 1185 γὰρ
3482 1122 3577 1170 ἄν·

2011 1194 2188 1255 θρωπος
2206 1192 2280 1253 ἦν.
2312 1214 2332 1235 n
2356 1194 2417 1241 B.

2070 1334 2198 1383 XIV.
2226 1337 2313 1395 Ap.
2340 1334 2519 1381 Murat.
2542 1347 2589 1395 p.
2620 1337 2699 1383 70.
2721 1360 2783 1370 -
2802 1339 2843 1383 1.
2867 1332 3029 1382 501101.
3052 1332 3275 1381 Ambros.
3304 1331 3369 1379 ib.
3390 1344 3440 1394 p.
3472 1335 3529 1381 71
3562 1355 3573 1379 :

2010 1401 2050 1449 εἷ
2068 1418 2133 1456 τις
2158 1403 2232 1449 ἐπὶ
2250 1406 2331 1450 τοῦ
2348 1402 2479 1463 ὄρους
2499 1404 2675 1461 Μωσῆς
2698 1409 2776 1460 τῆς
2792 1404 2994 1465 καθαρᾶς
3006 1407 3091 1451 τοῦ
3108 1403 3213 1450 θεοῦ
3238 1407 3389 1461 φωνῆς
3414 1402 3569 1459 ἤκου-

2009 1486 2105 1521 σεν.
2136 1497 2197 1507 -
2226 1478 2271 1521 2.
2316 1490 2339 1511 ι·
2368 1473 2520 1530 Νόος,
2552 1474 2722 1539 supple
2762 1476 2941 1537 μύστης
2984 1475 3163 1535 ἐγένετο
3196 1479 3275 1531 τῆς
3316 1476 3421 1521 θεοῦ
3466 1492 3573 1521 εω-

2007 1546 2102 1597 νῆς.
2132 1543 2257 1591 Cum
2286 1542 2423 1591 Mose
2449 1546 2636 1605 patrem
2660 1546 2911 1607 comparat
2940 1543 3169 1593 Carmine
3202 1542 3266 1592 de
3290 1543 3437 1592 rebus
3462 1546 3577 1593 su's

2010 1624 2057 1659 v.
2096 1616 2199 1669 130,
2230 1626 2278 1675 p.
2316 1617 2396 1669 33,
2446 1614 2501 1660 C.
2535 1642 2595 1653 -
2620 1620 2666 1663 3.
2694 1612 2848 1671 τηλόθ’
2872 1612 3025 1672 ἐόντα,
3068 1613 3235 1675 procul
3261 1626 3289 1662 a
3315 1626 3433 1663 vera
3466 1614 3575 1663 11110

2009 1683 2235 1730 stantem.
2272 1702 2294 1723 »ι
2324 1685 2430 1733 Jac.

2070 1822 2170 1868 XV.
2197 1826 2286 1884 Ap.
2318 1826 2480 1874 Murat
2502 1837 2551 1887 p.
2583 1830 2657 1875 72.
2676 1854 2735 1867 -
2762 1834 2802 1875 1.
2836 1826 2949 1874 δῶκ’
2972 1824 3096 1875 God.
3124 1845 3148 1869 ιι
3176 1826 3379 1888 Ἔρεψα,
3403 1826 3567 1875 001101.

2012 1889 2254 1940 Ambros.:
2278 1896 2619 1945 κατεσκεύασα.
2638 1894 2855 1959 sumpsit
2872 1896 2980 1953 νηὸν
3004 1896 3145 1958 ἔρεψα
3170 1908 3228 1944 ex
3256 1898 3399 1945 Hom.
3420 1897 3479 1953 Il,
3504 1900 3569 1951 Α,

2008 1964 2086 2018 39,
2125 1960 2207 2009 ubi
2250 1964 2401 2026 Heyn.
2440 1966 2827 2029 Descriptionem
2868 1965 3038 2029 templi
3077 1979 3108 2015 a
3149 1966 3381 2029 Gregorio
3424 1967 3573 2030 patrr

2008 2032 2242 2082 exstructi
2271 2034 2381 2084 vide
2404 2035 2451 2083 in
2476 2036 2695 2085 oratione
2714 2034 2799 2083 11111
2828 2036 2955 2094 XIX,
2982 2050 3031 2097 p.
3054 2036 3373 2097 313(xv111‚
3391 2049 3442 2098 p.
3472 2040 3575 2085 359

2008 2102 2222 2165 Bened.)
2262 2124 2275 2153 ε
2321 2105 2420 2154 ἐπεὶ
2458 2106 2507 2155 δὲ
2544 2108 2623 2155 καὶ
2656 2105 2948 2167 μνημόσυνον
2976 2112 3055 2162 τῆς
3088 2106 3265 2154 ἐκείνου
3296 2109 3569 2167 μεγαὶοιὺυ·

2008 2174 2114 2236 χίας
2138 2175 2229 2223 ἔδει
2257 2180 2326 2239 τῷ
2351 2176 2441 2239 βίῳ
2472 2178 2826 2237 καταλειφθῆναι
2844 2212 2858 2237 ,
2882 2177 2926 2223 τί
2960 2178 3133 2237 μᾶλλον
3167 2177 3257 2225 ἔδει
3282 2179 3312 2234 ἢ
3346 2178 3427 2225 τὸν
3444 2180 3573 2225 νεὼν

2007 2252 2186 2305 τοῦτον,
2226 2248 2277 2295 ὃν
2296 2249 2386 2310 θεῷ
2405 2263 2455 2295 τε
2494 2248 2655 2307 ἤγειρα
2674 2248 2753 2295 καὶ
2783 2250 2918 2309 ἡμῖν;
2956 2248 3009 2294 et
3034 2259 3147 2308 quae
3182 2252 3475 2308 sequuntur.
3508 2274 3573 2282 —

2008 2320 2053 2365 4.
2086 2317 2254 2380 Σοφίης
2278 2318 2533 2379 ἀμφοτέρῃς
2552 2356 2565 2375 ,
2590 2319 2643 2365 01
2664 2330 2813 2365 sacrae
2834 2317 2885 2365 et
2922 2316 3168 2378 profanaez
3205 2316 3333 2365 00111.
3368 2331 3447 2379 ep.
3484 2324 3569 2372 10.

2008 2389 2060 2436 01
2100 2385 2163 2437 de
2196 2388 2415 2451 πρύτανιν
2446 2386 2573 2437 conf.
2610 2389 2719 2447 vn,
2765 2400 2843 2451 ep.
2882 2392 2993 2445 519,
3030 2384 3115 2435 ubi
3145 2386 3205 2437 de
3237 2387 3504 2437 Periandro
3560 2402 3573 2431 ε

2006 2465 2207 2515 πλούτου
2223 2466 2302 2514 καὶ
2334 2465 2495 2527 aovin<
2522 2468 2765 2529 πρύτανιν.
2807 2484 2831 2508 ιι
2854 2467 2918 2514 Β.

2074 2608 2197 2655 XVI.
2224 2614 2313 2670 Ap.
2340 2609 2516 2657 Mural.
2550 2621 2597 2670 p.
2628 2611 2707 2656 71.
2742 2632 2803 2643 -
2821 2610 2847 2655 ⁴
2884 2607 3122 2663 ἀντιάσαις
3148 2618 3224 2670 ap.
3250 2607 3377 2655 Mur.

2072 2748 2221 2797 XVII.
2255 2751 2345 2810 Ap.
2368 2750 2550 2797 Murat.
2592 2763 2639 2810 p.
2668 2751 2745 2797 71.
2781 2778 2841 2791 --
2867 2753 2907 2805 1,
2930 2754 2974 2795 2.
3002 2767 3024 2789 α
3053 2745 3303 2795 Distichon
3324 2744 3577 2809 repetitur

2008 2816 2172 2867 Carm.
2211 2820 2291 2878 IV,
2318 2822 2407 2869 217
2436 2831 2560 2882 seq.‚
2596 2832 2645 2882 p.
2681 2822 2761 2878 76,
2790 2819 2848 2875 C,
2882 2817 2963 2867 ubi
2994 2818 3040 2873 ἐξ
3067 2818 3180 2865 ὀΐων
3206 2817 3255 2865 δὲ
3274 2815 3451 2880 legitur
3472 2830 3575 2880 pro

2006 2889 2152 2951 αὐτὰρ
2170 2889 2345 2938 ἔπειτα.
2370 2892 2425 2938 10
2443 2894 2609 2951 νομέας
2628 2902 2741 2938 cum
2758 2888 2937 2938 Codice
2954 2887 3201 2951 conspirat
3221 2887 3344 2936 liber
3360 2887 3569 2942 Medica

2009 2957 2059 3006 in
2083 2957 2305 3008 Ambros.
2348 2961 2525 3020 νομέως
2562 2960 2759 3019 νομέων.
2800 2978 2825 3000 ·
2859 2961 2974 3006 Jac.
3008 2957 3095 3006 His
3138 2955 3428 3006 testimoniis
3458 2969 3573 3018 per-

2005 3030 2172 3078 motus
2194 3033 2244 3078 I..
2273 3027 2555 3078 Dindorfius
2575 3032 2743 3089 νομέας
2788 3028 3143 3078 nominativum
3168 3027 3218 3076 in
3244 3027 3389 3077 Thes.
3422 3039 3569 3075 rece-

2008 3101 2097 3166 pit..
2132 3121 2157 3144 ιι
2184 3100 2353 3151 Habeo
2378 3101 2559 3160 νομέων
2598 3113 2690 3162 pro
2734 3097 2987 3162 participio
3024 3096 3158 3147 verbi
3198 3099 3351 3159 νομέω
3388 3095 3571 3160 [cujus

2004 3171 2281 3234 exemplum
2308 3169 2440 3221 aliud
2481 3183 2577 3219 non
2616 3168 2871 3232 affertur1,
2913 3171 2965 3218 et
3007 3167 3079 3218 sic
3114 3167 3347 3217 intellexit
3376 3166 3571 3227 Billyus

2005 3243 2043 3291 t.
2074 3243 2142 3300 11,
2167 3255 2219 3304 p.
2244 3243 2298 3290 71
2330 3260 2343 3290 ι
2380 3242 2427 3289 et
2452 3252 2668 3302 pascens
2690 3242 2947 3302 pastores.
2982 3237 3161 3288 Prioris
3177 3251 3351 3287 versus
3380 3236 3561 3286 memi-

2006 3313 2147 3360 nerat
2203 3309 2367 3360 forsan
2412 3309 2677 3372 Gregorius
2724 3307 2892 3358 Presb.
2930 3308 3045 3357 Vita
3085 3309 3219 3367 Nax„
3258 3306 3345 3370 qui
3384 3306 3455 3356 ait
3496 3305 3569 3354 de

2004 3379 2236 3445 Gregorio
2264 3383 2401 3443 patre
2427 3394 2475 3444 p.
2508 3385 2539 3429 3
2566 3400 2577 3427 :
2604 3380 2829 3444 πρόὸατον
2866 3382 2949 3442 μὲν
2980 3379 3029 3426 ἐν
3061 3379 3259 3442 πρώτοις
3273 3415 3289 3438 ,
3318 3381 3477 3428 ἔπειτα
3512 3379 3569 3426 δε

2002 3454 2082 3502 καὶ
2102 3453 2276 3514 ποιμὴν
2298 3453 2570 3511 ἐπιστήμων
2592 3455 2672 3508 τῆς
2702 3450 2953 3507 Natini-utcu
2990 3450 3223 3505 καταστὰς
3256 3449 3561 3506 Ἐκκλησίας.

2002 3523 2111 3583 Ipse
2137 3519 2397 3584 Gregorius
2426 3521 2541 3568 Νη.
2569 3522 2694 3582 opp.
2729 3522 2767 3568 t.
2800 3519 2863 3580 n,
2896 3531 2945 3582 p.
2972 3524 2999 3567 2
3026 3538 3038 3568 ε

2132 3657 2315 3714 Πλάνης
2338 3657 2392 3706 τὸ
2415 3656 2632 3718 πρόσθεν,
2667 3657 2858 3718 ὕστερον
2892 3658 3093 3718 Χριστοῦ
3124 3657 3265 3718 φίλος,

2129 3727 2319 3776 Ἔπειτα
2342 3728 2544 3788 ποιμήν,
2562 3729 2796 3788 ποιμένων
2822 3728 2848 3775 ὃ
2866 3743 2910 3774 τι
2938 3727 3118 3788 κράτος.
3142 3747 3163 3768 ι»
3188 3725 3247 3773 Β.

2095 3873 2142 3918 3.
2176 3887 2201 3911 ιι
2242 3867 2491 3918 Sententia
2534 3868 2612 3915 est
2650 3887 2661 3914 :
2708 3864 2929 3914 homines
2960 3878 3073 3914 cum
3099 3865 3201 3912 Deo
3239 3863 3462 3926 jungens,
3506 3867 3569 3912 et

2006 3941 2269 4000 utramque
2320 3937 2548 3986 naturam
2595 3933 2958 3998 quodammodo
3006 3933 3241 3990 miscens,
3287 3929 3419 3994 quod
3470 3945 3569 3994 per

2006 4007 2293 4070 mysterium
2320 4004 2627 4055 eucharistias
2656 4003 2887 4054 efficitur.
2930 4001 3071 4050 00111.
3116 4003 3273 4049 carru.
3310 4003 3347 4058 Ι,
3378 4013 3427 4062 p.
3466 4005 3563 4049 ¹32

2003 4091 2131 4140 sqq..
2160 4089 2208 4139 p.
2238 4080 2319 4135 33,
2348 4077 2405 4123 G.
2430 4077 2585 4124 ulae.
2609 4075 2752 4123 Gons.
2784 4086 2861 4135 ep.
2882 4075 2961 4132 99,
2998 4073 3101 4130 129,
3131 4074 3235 4121 130.
3260 4073 3363 4118 185.
3392 4071 3557 4118 Boiss.

2001 4175 2059 4189 -·
2094 4153 2122 4196 5
2148 4147 2355 4208 εὔγηρως
2372 4143 2423 4192 10
2456 4143 2577 4192 God.
2599 4155 2708 4192 esse
2728 4140 2940 4190 videtur.
2976 4141 3079 4187 Hoc
3104 4137 3347 4187 distichon
3370 4139 3555 4187 Murat.

2002 4230 2115 4264 cum
2146 4217 2379 4276 sequente
2406 4212 2555 4276 epigr.
2582 4211 2746 4272 junxit
2762 4209 3053 4271 effinxitque
3068 4206 3405 4257 tetrastichon.

2072 4357 2243 4405 XVIII.
2270 4359 2359 4417 Ap.
2392 4354 2573 4402 Μαι-111.
2599 4364 2648 4413 p.
2671 4355 2749 4400 73.
2774 4375 2833 4385 —-
2867 4355 2907 4398 1.
2940 4347 3210 4412 Respicitur
3234 4346 3457 4410 parabola
3476 4360 3559 4410 ap.

2010 4426 2183 4476 Matth.
2215 4427 2308 4480 XX,
2344 4429 2472 4473 mo.
2503 4450 2561 4458 -
2586 4427 2633 4471 3.
2660 4423 2749 4469 Hic
2776 4433 2959 4469 novum
2982 4418 3033 4466 in
3064 4417 3245 4466 Codice
3262 4417 3439 4466 lemma
3459 4429 3471 4458 ε
3494 4420 3561 4472 εἰς

2008 4500 2085 4547 τὸν
2114 4497 2251 4544 αὐτὸν
2288 4498 2481 4556 πατέρα.
2510 4493 2587 4541 Sic
2610 4492 2757 4541 etiam
2774 4491 2951 4539 Murat.
2982 4487 3225 4550 accepisse
3251 4487 3461 4537 videtur.

2067 4640 2185 4686 XIX.
2210 4643 2295 4698 Ap.
2314 4637 2491 4684 Mutat.
2512 4648 2561 4697 p.
2581 4638 2658 4684 7⁴.
2682 4640 2783 4684 —2.
2804 4632 2946 4682 Cous.
2963 4629 3027 4680 ad
3040 4644 3117 4693 ep.
3140 4635 3215 4692 13,
3235 4634 3282 4680 3.
3310 4651 3331 4670 ιι
3353 4629 3557 4679 Nomine

2004 4707 2177 4768 κεφαλή
2196 4705 2425 4755 maritum
2440 4717 2493 4754 se
2508 4703 2763 4766 significat,
2786 4704 3009 4765 respectu
3028 4700 3089 4750 ad
3106 4699 3252 4750 verba
3268 4699 3418 4757 Pauli,
3440 4700 3461 4747 I
3481 4699 3559 4748 Ad

2005 4781 2119 4827 For.
2154 4779 2238 4836 XI,
2266 4782 2329 4825 3:
2360 4777 2534 4836 κεφαλὴ
2568 4775 2783 4834 γυναικὸς
2818 4775 2845 4822 ὁ
2869 4775 3000 4836 ἀνὴρ.
3031 4799 3089 4807 -
3115 4777 3143 4821 4
3172 4773 3309 4821 ἐτέων
3338 4769 3462 4819 cod.
3502 4774 3557 4818 ot

1999 4848 2111 4898 libri
2142 4844 2419 4905 Muratorii,
2450 4843 2539 4895 sed
2563 4844 2645 4894 ille
2672 4845 3005 4907 superscripto
3030 4860 3083 4902 π,
3114 4844 3260 4892 ἐπέων
3280 4839 3441 4904 [quod
3468 4841 3557 4889 mi-

2000 4931 2113 4966 rum
2141 4919 2218 4966 est
2244 4915 2393 4977 recipi
2412 4926 2441 4964 a
2462 4916 2567 4964 300.
2590 4915 2643 4964 10
2669 4915 2889 4978 exemplo
2914 4913 3101 4964 ultimae
3126 4913 3349 4974 manusj.
3384 4911 3529 4959 Varie

1998 4989 2074 5038 tas
2111 4988 2259 5037 ἐπέων
2290 4984 2645 5036 contemnenda
2682 4989 2776 5035 est.
2808 4987 2893 5034 Est
2916 4985 3087 5049 πλήρης
3112 4985 3226 5034 ἐτῶν
3256 4981 3435 5032 10011110
3473 4979 3547 5029 111-
