3829 5747
460 166 576 225 328

402 309 428 345 ⁸
454 296 595 358 Οὗδέ
620 298 671 354 τί
700 320 757 355 σε
786 296 1014 354 κτεάνων
1044 297 1317 377 ἐῤῥύσατο·
1344 303 1463 376 φεῦ,
1485 299 1668 357 ἐλεεινὲ
1688 346 1705 371 ,

531 384 663 443 ὤλεο
692 386 958 465 μοχθήσας
982 385 1154 465 ἰχθύσι
1185 386 1274 444 καὶ
1303 388 1541 465 πελάγει.

870 536 1005 586 287.
1055 529 1234 586 ANTI
1245 528 1573 587 ΠΑΤΡΟΥ.

456 664 563 725 Καὶ
590 665 737 724 νέκυν
768 666 1061 745 ἀπρηῦντος
1084 667 1283 737 ἀνιήσει
1308 691 1375 743 με
1402 668 1639 727 Θάλασσα

532 757 718 824 Λῦσιν,
748 752 979 832 ἐρημαίῃ
1011 756 1239 833 κρυπτὸν
1270 755 1374 813 ὑπὸ
1401 757 1645 831 σπιλάδι,

453 841 667 919 στρηνὲς
696 840 777 899 ἀεὶ
806 848 1042 921 φωνεῦσα
1067 844 1193 920 παρ’
1223 846 1403 918 οὗατι,
1430 844 1521 902 καὶ
1550 842 1694 923 παρὰ
1730 844 1901 922 κωφὸν

532 933 702 1004 σῆμα.
730 929 802 989 Τι’
826 929 898 1007 μ’,
923 930 1193 1009 ὤνθρωποι
1212 976 1226 1003 ,
1255 932 1379 1008 τῇδε
1404 930 1741 1011 παρῳκίσατε
1758 976 1774 1005 ,

453 1015 487 1087 ἢ
517 1019 695 1087 πνοιῆς
720 1016 932 1097 χήρωσε
976 1017 1062 1076 τὸν
1090 1020 1183 1076 οὒκ
1205 1019 1289 1076 ἐπὶ
1318 1019 1517 1099 φορτίδι
1541 1017 1627 1091 νηῒ

530 1106 777 1183 ἔμπορον,
807 1108 921 1164 ἀλλ’
934 1107 1121 1183 ὀλίγης
1148 1106 1383 1165 ναυτίλον
1412 1109 1636 1187 εἰρεσίης

451 1191 719 1265 θηκαμένη
746 1192 1001 1271 ναυηγόν;
1028 1198 1056 1252 ὁ
1084 1194 1210 1252 δ’ἐκ
1231 1194 1438 1253 πόντοιο
1466 1195 1704 1270 ματεύων

533 1280 693 1357 ζωὴν,
725 1282 783 1339 ἐκ
808 1282 998 1340 πόντου
1026 1281 1116 1340 καὶ
1149 1281 1307 1361 μόρον
1339 1284 1684 1361 εἱλκυσάμην.

962 1426 1067 1476 288
1077 1467 1086 1477 .
1124 1430 1243 1474 ΤΟΥ
1278 1429 1492 1477 ΑΥΤΟΥ.

454 1550 745 1630 Οὐδετέρης
770 1548 885 1617 ὅλος
911 1550 1020 1628 εἰμὶ
1049 1551 1215 1611 θανὼν
1242 1552 1423 1625 νέκυς,
1452 1552 1586 1613 ἀλλὰ
1610 1554 1849 1614 θάλασσα

530 1637 620 1694 καὶ
646 1637 785 1715 χθὼν
812 1638 905 1709 τὴν
938 1640 1029 1697 ἀπ’
1054 1643 1179 1716 ἐμεῦ
1212 1643 1397 1719 μοῖραν
1427 1638 1635 1719 ἔχουσιν
1666 1640 1804 1712 ἴσην.

454 1724 641 1803 Σάρκα
669 1723 771 1803 γὰρ
796 1728 847 1783 ἐν
877 1724 1051 1805 πόντῳ
1079 1726 1240 1806 φάγον
1272 1727 1441 1806 ἰχθύες
1459 1751 1472 1764 ·
1495 1727 1652 1786 ὀστέα
1677 1728 1720 1786 δ’
1742 1721 1865 1787 αὖτε

536 1811 821 1889 βέὸρασται
845 1815 1021 1893 ψυχρῇ
1044 1814 1168 1891 τῇδε
1192 1819 1322 1894 παρ’
1348 1814 1501 1886 ἠϊόνι.

626 1964 761 2016 289.
808 1957 1301 2017 ΑΝΤΙΠΑΤΡΟΥ
1343 1959 1831 2020 ΜΑΚΕΔΟΝΟΣ.

454 2092 627 2151 ἈνΟέα
655 2094 742 2153 τὸν
765 2094 989 2173 ναυηγὸν
1020 2094 1104 2153 ἐπὶ
1128 2098 1297 2172 στόμα
1328 2099 1571 2167 Πηνειοῖο

531 2178 709 2245 νυκτὸς
739 2184 869 2259 ὑπὲρ
902 2186 1052 2259 βαιῆς
1074 2181 1356 2258 νηξάμενον
1387 2184 1619 2257 σανίδος,

454 2268 657 2343 μούνιος
680 2272 737 2326 ἐκ
762 2270 973 2344 θάμνοιο
994 2269 1152 2349 θορὼν
1175 2271 1345 2343 λύκος,
1372 2271 1600 2332 ἄσκοπον
1622 2272 1805 2352 ἄνδρα,

531 2354 763 2416 ἔκτανεν.
796 2352 869 2414 Ὢ
898 2356 1048 2434 γαίης
1078 2358 1289 2433 κύματα
1318 2358 1630 2438 πιστότεραέ

680 2506 812 2556 290.
858 2498 1345 2559 ΣΤΑΤΥΛΛΙΟΥ
1386 2502 1781 2561 ΦΛΑΚΚΟΥ.

452 2634 705 2692 Λαίλαπα
731 2634 822 2694 καὶ
850 2634 1038 2712 μανίην
1066 2638 1216 2708 ὀλοῆς
1244 2638 1571 2717 προφυγόντα
1600 2641 1861 2713 Θαλάσσης

531 2722 774 2801 ναυηγὸν,
804 2722 1060 2791 Λιὸυκαῖς
1085 2725 1319 2801 κείμενον
1350 2729 1400 2784 ἐν
1424 2728 1709 2807 ψαμάθοις,

454 2812 552 2890 οὐχ
574 2810 695 2877 ἑκὰς
718 2812 929 2889 ἧῖόνων,
952 2814 1177 2894 πυμάτῳ
1209 2814 1567 2894 βεὸαρημένον
1591 2816 1734 2896 ὕπνῳ
1749 2865 1766 2895 ‚

534 2900 749 2975 γυμνὸν,
778 2899 881 2958 ἀπὸ
912 2906 1160 2979 στυγερῆς
1187 2906 1254 2969 ὡς
1283 2905 1420 2979 κάμε
1444 2909 1752 2985 ναυφθορίης
1769 2953 1785 2978 ,

456 2988 638 3044 ἔκτανε
666 2989 849 3068 λυγρὸς
884 2989 1007 3068 ἔχις.
1040 2991 1112 3052 Τί
1140 2992 1313 3068 μάτην
1338 2995 1464 3072 πρὸς
1488 2995 1681 3072 κύματ’
1703 2997 1945 3075 ἐμόχθει,

534 3073 627 3145 τὴν
654 3075 739 3132 ἐπὶ
768 3080 863 3153 γῆς
891 3077 1088 3154 φεύγων
1112 3087 1300 3158 μοῖραν
1325 3083 1689 3161 ὀφειλομένην,

730 3224 866 3274 291.
914 3219 1299 3280 ΞΕΝΟΚΡΙΤ
1299 3224 1400 3281 ΟΥ
1442 3224 1733 3285 ΡΟΔΙΟΥ.

456 3355 656 3414 Χαῖταί
684 3379 773 3415 σου
802 3357 1073 3425 στάζουσιν
1101 3358 1172 3418 ἔθ’
1194 3361 1431 3440 ἁλμυρὰ,
1465 3363 1688 3444 δύσμορε
1713 3369 1871 3448 κούρη
1888 3414 1906 3441 ,

534 3441 725 3520 ναυηγὲ
742 3487 757 3515 ,
781 3443 1028 3524 φθιμένης
1054 3447 1127 3503 εἰν
1158 3447 1274 3519 ἁλὶ,
1304 3451 1579 3522 Λυσιδίκη.

452 3610 555 3657 Nee
582 3617 653 3657 lot
678 3625 790 3674 opes
811 3619 1011 3676 potuere
1036 3611 1121 3660 tibi
1150 3611 1402 3662 defendere
1435 3615 1546 3664 laeva

518 3696 631 3742 Fata
648 3729 663 3754 ‚
693 3693 916 3743 laborasti
948 3695 1151 3759 piscibus
1175 3705 1224 3746 et
1247 3697 1427 3762 pelagO.

1006 3808 1119 3867 287.
1170 3824 1455 3859 Λιιτιιατιιι.

453 3915 659 3974 AEquora
690 3913 975 3977 permittunt
992 3913 1109 3963 mihi
1130 3931 1217 3964 nec
1237 3924 1341 3980 post
1361 3915 1454 3965 fata
1472 3919 1677 3981 quietem

519 3992 698 4058 Lysidi.
725 3994 911 4044 deserto
935 3995 1017 4060 qui
1048 4004 1178 4060 tegor
1202 3998 1248 4045 in
1270 3999 1463 4064 scopulo
1495 4015 1507 4048 :

453 4072 529 4123 Sic
558 4090 693 4124 aures
716 4084 825 4124 trux
844 4077 927 4125 ille
950 4077 1104 4140 fragor
1122 4079 1411 4144 surdumque
1434 4080 1741 4144 sepulchrum

519 4155 791 4222 Perstrepit.
860 4157 953 4206 Hie
980 4157 1195 4208 homines
1224 4176 1309 4208 cnr
1340 4159 1456 4208 mihi
1484 4160 1619 4209 busta
1657 4162 1809 4211 datis?

452 4236 527 4284 Ad
553 4251 714 4293 mare,
741 4239 868 4303 quod
902 4240 1041 4288 vilain
1068 4241 1225 4305 rapuit
1250 4241 1367 4290 mihi
1386 4279 1400 4304 ,
1420 4257 1527 4290 cum
1550 4259 1651 4290 mea
1682 4245 1844 4293 mullis

518 4319 628 4367 Non
652 4327 770 4367 esset
794 4319 933 4368 remis
962 4319 1188 4370 invidiosa
1218 4323 1349 4370 ratis.

453 4399 579 4446 Dum
609 4414 741 4446 meus
766 4399 815 4448 in
844 4401 1011 4466 pelago
1031 4402 1167 4449 labor
1191 4413 1260 4450 est
1284 4403 1399 4450 mibi
1428 4419 1644 4467 quaerere
1674 4406 1841 4462 vitam.

520 4484 573 4529 In
600 4482 765 4548 pelago
790 4499 918 4531 mors
936 4493 1006 4533 est
1034 4501 1143 4534 ecee
1166 4496 1353 4552 reperta
1380 4485 1518 4536 mihi.

1051 4593 1163 4641 288.
1194 4609 1425 4642 numen.

454 4699 562 4745 Non
590 4697 728 4744 tellus
756 4707 932 4758 totum,
958 4715 1053 4746 non
1080 4715 1156 4748 me
1188 4709 1315 4748 leniet
1338 4702 1461 4748 unda
1480 4737 1495 4762 ‚
1518 4702 1595 4748 sed
1622 4717 1801 4765 aequam

521 4780 669 4826 Terra
694 4779 786 4827 mei
818 4787 999 4843 partem
1019 4816 1034 4841 ,
1064 4797 1153 4830 nec
1185 4782 1339 4830 minus
1362 4799 1525 4848 oequor
1551 4783 1714 4833 habet.

456 4858 665 4908 Piscibus
699 4875 803 4908 esca
832 4859 1083 4910 rarefacta
1112 4871 1179 4912 est
1208 4879 1311 4912 mea
1338 4880 1351 4913 :
1384 4864 1545 4912 liuore
1568 4881 1749 4915 summo

524 4943 631 4989 Huc
657 4941 803 5005 ejecta
832 4941 975 4990 maris
999 4941 1221 4993 fluctibus
1251 4960 1349 4994 ossa
1368 4945 1545 5010 jacent.

1567 160 2073 227 ANTHOLOGIAE
2117 166 2519 225 PALATINAE

2049 310 2060 359 ῑ
2092 311 2258 371 Neque
2277 308 2430 357 ullum
2449 310 2498 357 te
2515 306 2752 355 bonorum
2770 307 2999 357 servavit.
3019 309 3156 357 Heu!
3177 308 3457 371 miserande,

2051 362 2058 477 ι
2155 396 2363 460 periisti,
2386 396 2850 459 labores-pemeusus
2865 408 2966 458 pro
2999 394 3215 458 piscibus
3241 399 3292 446 et
3318 410 3447 446 man.

2617 540 2722 586 287.
2756 538 3106 587 ANTIPATRI.

2094 678 2248 727 Etiam
2273 681 2518 727 mortuum
2544 676 2743 726 immitis
2759 676 2955 728 vexabit
2971 690 3051 725 me
3074 678 3255 739 pontus

2090 788 2098 794 ·
2158 768 2319 830 Lysia,
2350 767 2547 817 deserto
2567 766 2816 815 conditum
2843 752 2938 815 sub
2963 765 3193 828 scopulo,

2093 854 2302 917 graviter
2321 866 2476 916 usque
2495 866 2670 902 sonans
2695 852 2758 901 ad
2781 866 2967 911 aurem,
2987 856 3036 901 et
3051 854 3192 915 juxta
3215 856 3410 903 mutum
3439 854 3668 917 [suistis

2156 944 2542 991 monumentum.
2573 940 2704 997 Quid
2721 954 2800 989 me
2816 977 2828 1000 ‚
2852 939 3151 1011 o-homineffi
3177 940 3295 990 huic
3321 941 3660 1005 vicinum-po-

2093 1032 2180 1095 qui
2199 1031 2357 1080 anima
2379 1028 2600 1079 viduavit
2617 1042 2712 1077 non
2731 1028 2781 1076 in
2800 1028 3018 1077 oneraria
3037 1042 3162 1079 nave

2157 1121 2476 1167 mercatorem
2493 1153 2506 1176 ,
2535 1116 2624 1165 sed
2648 1116 2785 1179 parvi
2811 1119 3012 1165 nautam
3039 1116 3227 1180 remigii

2094 1208 2304 1257 reddens
2321 1206 2644 1267 naufragum?
2661 1206 2760 1266 Ego
2783 1218 2900 1253 vero
2930 1218 2958 1254 e
2975 1205 3098 1253 mari
3107 1218 3331 1267 quaerens

2157 1294 2372 1355 victum,
2400 1305 2429 1341 e
2457 1291 2580 1340 mari
2605 1290 2750 1341 etiam
2777 1294 2984 1340 mortem
3009 1291 3283 1341 mibi-traxi.

2649 1438 2757 1485 288.
2800 1440 3100 1485 Esusnssr.
3131 1486 3142 1499 ,

2053 1242 2062 1715 ι
2096 1574 2325 1625 Neutrius
2349 1578 2488 1625 totus
2510 1589 2624 1626 sum
2641 1578 2934 1639 post-fatum
2953 1576 3176 1625 mortuus
3193 1612 3205 1635 ‚
3227 1572 3320 1623 sed
3335 1586 3473 1622 mare

2158 1664 2208 1711 et
2224 1665 2354 1713 terra
2378 1662 2441 1712 de
2458 1677 2537 1713 me
2555 1667 2742 1727 partem
2761 1664 2942 1713 habeut
2969 1675 3179 1725 aequam.

2097 1751 2304 1799 Carnem
2323 1752 2452 1800 enim
2469 1750 2520 1800 in
2533 1756 2682 1814 ponto
2700 1752 3015 1802 comederunt
3027 1750 3202 1813 pisces3
3219 1762 3334 1799 ossa
3351 1762 3468 1799 vero
3485 1760 3664 1797 rursus

2157 1838 2442 1900 eiecta-sunt
2456 1839 2678 1902 frigidam
2693 1839 2820 1889 hauc
2835 1853 2983 1903 prope
3000 1839 3170 1901 ripam.

2437 1985 2543 2031 289.
2577 1982 2902 2030 ANTIPATRI
2937 1980 3314 2029 MACEDONIS.

2096 2118 2338 2169 Antheum
2367 2121 2658 2184 naufragum
2685 2122 2749 2171 ad
2775 2121 2956 2171 ostium
2989 2121 3132 2171 Penei

2158 2212 2302 2258 noctu
2323 2222 2467 2271 super
2486 2209 2654 2272 exigua
2673 2211 3092 2271 quum-enatasset
3119 2208 3284 2257 tabula
3297 2244 3311 2266 ‚

2095 2297 2340 2345 solitarius
2359 2298 2560 2347 dumeto
2578 2298 2833 2361 prosiliens
2849 2298 2999 2361 lupus
3013 2336 3026 2357 ‚
3046 2296 3372 2359 improvidum
3402 2295 3562 2343 virum
3577 2330 3594 2355 ‚

2156 2384 2348 2433 occidit.
2370 2387 2413 2433 O
2429 2386 2560 2434 terra
2579 2386 2759 2435 fluctus
2779 2384 3046 2434 fideliores!

2533 2529 2637 2572 290.
2673 2524 2937 2574 STATILII
2969 2525 3005 2572 F
3005 2524 3191 2573 LAccl
3196 2560 3207 2570 .

2093 2661 2303 2713 Turbine
2328 2665 2377 2712 et
2406 2661 2538 2711 rabie
2561 2662 2746 2713 exitiosi
2772 2663 2991 2725 elapsum
3022 2664 3171 2711 maris

2154 2750 2444 2813 naufragum
2464 2788 2477 2811 ,
2505 2750 2696 2812 Libycis
2721 2751 2961 2813 jacentem
2984 2751 3033 2800 in
3064 2750 3250 2810 arenis,

2055 2827 2061 2889 Ι
2095 2854 2191 2889 non
2217 2841 2388 2904 procul
2414 2839 2708 2892 &littoribus
2726 2879 2739 2902 ,
2765 2854 2991 2906 supremo
3019 2844 3274 2906 gravatum
3301 2853 3496 2902 somno,

2056 2905 2062 2974 ι
2157 2929 2360 2990 nudum,
2391 2931 2664 2980 aluctuoso
2683 2929 2997 2993 defatigatum
3017 2929 3282 2992 naufragio,

2096 3015 2274 3065 occidit
2300 3017 2568 3080 perniciosa
2595 3016 2776 3081 vipera.
2799 3017 2929 3074 Quid
2955 3017 3139 3067 frustra
3170 3017 3402 3066 fluetibus
3430 3016 3646 3065 obluda-

2161 3103 2279 3152 dum
2301 3105 2493 3167 fugeret
2517 3104 2728 3154 interris
2749 3106 2929 3154 sortem
2948 3103 3164 3153 debitam
3176 3107 3199 3153 ἓ
3461 3101 3645 3167 [batur‚

2514 3246 2614 3294 291.
2651 3247 2981 3294 XENocmTl
3011 3246 3248 3294 mlonu.

2095 3383 2263 3432 Crines
2291 3387 2390 3433 tuae
2418 3384 2603 3436 stillant
2629 3385 2792 3436 adhuc
2817 3387 3129 3450 salsuginem,
3159 3385 3319 3436 infelix
3346 3387 3539 3448 puella,

2053 3495 2061 3514 .
2155 3469 2384 3531 naufraga
2399 3507 2412 3529 ,
2433 3471 2680 3520 exstinctae
2706 3471 2755 3519 in
2781 3472 2928 3532 mari,
2949 3471 3187 3533 Lysidice.

2500 3631 2614 3693 ²⁸9·
2664 3646 2924 3678 Αιιτιιηιτιιι
2956 3645 3242 3679 ιΑοιυοιιιε.

2099 3737 2216 3782 Cum
2244 3751 2388 3800 prope
2411 3738 2508 3802 jam
2534 3739 2690 3788 salvus
2713 3738 2856 3788 Penei
2877 3749 3013 3788 naret
3035 3738 3085 3787 in
3108 3755 3194 3788 ore

2161 3816 2378 3868 Antheus
2401 3821 2567 3883 exigua
2590 3821 2840 3884 naufragus
2863 3823 2912 3870 in
2946 3822 3134 3882 tabula3

2099 3899 2324 3948 Exsiliens
2345 3901 2458 3950 silva
2483 3903 2704 3952 miserum
2731 3905 2866 3968 lupus
2895 3915 3080 3954 enecat.
3151 3903 3313 3952 Eheu!

2163 3982 2276 4030 Fida
2305 3984 2458 4033 minus
2483 3986 2648 4044 tellus,
2677 4003 2818 4051 quam
2849 3989 2992 4036 maris
3015 3987 3142 4036 unda
3165 3985 3277 4038 suit.

2575 4121 2689 4166 290.
2725 4121 2936 4153 &unul
2971 4121 3158 4154 nancel.

2099 4220 2223 4264 Dum
2249 4215 2426 4277 fugiens
2450 4214 2581 4262 soevis
2603 4214 2799 4276 agitatus
2821 4212 3008 4262 flatibus
3029 4215 3174 4262 undas

2163 4297 2424 4359 Naufragus
2451 4298 2500 4345 in
2523 4297 2696 4362 Libyca
2715 4296 2812 4359 jam
2833 4297 3086 4361 requiescit
3105 4295 3250 4344 humo
3265 4333 3281 4356 ,

2099 4378 2317 4429 Membra
2333 4395 2502 4445 sopore
2523 4380 2651 4443 gravi
2676 4380 2882 4429 domitus
2899 4415 2916 4436 ,
2942 4395 3039 4427 non
3067 4379 3230 4428 liuore
3247 4378 3418 4441 longe,

2162 4463 2328 4512 Nudus
2350 4461 2411 4510 ab
2433 4462 2664 4526 aequoreis
2691 4463 2772 4512 vix
2796 4472 3032 4511 recreatus
3055 4461 3216 4526 aquis,

2098 4546 2306 4611 Vipereo
2338 4545 2461 4610 perit
2489 4561 2589 4596 ore.
2661 4547 2788 4608 Quid
2820 4545 2912 4594 heu
2954 4545 3191 4610 pugnabat
3217 4544 3264 4593 in
3291 4543 3444 4592 undas

2163 4631 2230 4676 Ut
2255 4627 2434 4692 sugeret
2461 4628 2600 4676 terris
2623 4628 2782 4677 debita
2805 4628 2900 4677 sala
2923 4629 3051 4677 sibi?

2545 4760 2656 4809 291.
2692 4761 2966 4793 xtnocurx
3002 4759 3195 4793 anomi-

2093 4865 2230 4914 Nunc
2256 4878 2444 4928 quoque
2461 4864 2578 4913 salsa
2605 4864 2695 4914 tuis
2719 4864 2924 4914 destillat
2942 4873 3072 4929 gutta
3098 4863 3313 4931 capillis,

2157 4948 2370 5012 Lysidiee
2388 4984 2404 5010 ,
2425 4964 2546 4998 saevo
2575 4959 2704 5016 rapta
2737 4950 2894 5014 puella
2919 4949 3056 4999 inari.
