3829 5747
1265 176 1341 235 ΙΝ
1387 176 1635 239 CAPUT
1678 179 1777 237 Vll
1822 132 2280 245 ᾸΝΝΟΤΑΤΙΟ.

192 288 329 354 ouban
341 328 353 349 ,
372 303 533 356 apogr.
554 294 664 343 Par.
685 292 1127 356 nauffilieinesius
1145 297 1313 357 σε’λαμ,
1336 300 1495 363 Majns
1508 300 1559 350 in
1575 301 1732 351 obss.

188 364 303 411 sacr.
332 363 415 422 1v,
435 376 483 425 p.
512 366 617 422 150,
642 364 811 423 σε’λομ,
838 364 1087 415 Fesslerus
1112 379 1191 429 ap.
1234 369 1383 417 Groet‘.
1423 372 1600 433 σὲλωμ.
1630 369 1726 419 Sed

188 430 229 479 in
242 431 618 493 pronuntiatione
632 431 871 482 vo'calium
886 433 1019 496 apud
1034 433 1245 485 Orientis
1262 437 1469 499 populos
1486 438 1724 503 insignem

186 514 281 549 esse
320 500 600 552 varietatem
626 502 745 552 satis
772 505 977 554 constat.
1022 525 1046 547 ι»
1083 508 1200 555 Jac.
1225 532 1285 543 -
1313 512 1340 556 8
1374 510 1544 564 ναίδιος
1578 508 1730 559 codd.

190 590 210 611 ιι
226 570 311 627 Qui
336 570 557 621 Phoenice
576 570 699 621 scire
721 585 775 622 se
791 573 997 635 putabat
1015 574 1225 638 Scaliger
1246 577 1454 626 correxIt
1472 579 1671 635 αὺδονίς.
1696 598 1721 623 ›-

188 643 240 688 Β.
266 640 493 691 Nimirum
512 644 685 691 Hanno
702 640 753 691 in
782 644 983 693 l’mnulo
1015 645 1235 695 Plautina
1262 650 1325 705 V,
1347 661 1418 697 sc.
1443 656 1489 707 2,
1510 654 1589 709 41,
1618 661 1721 711 poe-

185 708 278 759 nice
304 710 521 761 salutans
547 711 803 761 ‚Haudom'
828 711 966 764 dicit.
996 714 1227 764 Wexium
1256 719 1327 767 De
1362 718 1555 767 Punicis
1575 720 1725 768 Plau-

184 779 282 828 tinis
290 781 578 831 meletemat.
598 794 645 845 p.
665 788 725 833 29
744 783 862 833 citat
877 785 981 832 Jac.
999 784 1265 835 Salmasius
1273 786 1455 839 adlevit
1478 810 1490 837 ι
1508 810 1531 831 οι
1546 792 1688 839 Forte
1709 803 1721 831 =

187 856 305 911 χοῖρε
327 853 401 900 καὶ
427 852 545 901 αὐτὸ
566 852 762 916 φράσον.
794 854 881 905 llic
907 855 1050 905 locus
1066 855 1389 921 interpolatus
1411 860 1555 910 estin
1576 874 1725 910 mem-

186 922 343 971 branis.
371 940 395 965 υ

236 1063 405 1112 CDXX.
432 1064 634 1112 Lemma
656 1082 669 1111 ·.
690 1068 744 1113 Δ.
768 1064 1004 1121 Ἀθηναίου
1020 1070 1105 1115 τοῦ
1130 1068 1399 1123 Διοπείθους
1424 1071 1491 1126 είς
1510 1072 1725 1119 Δέσόονα

186 1132 277 1189 (sic)
296 1134 394 1180 τινὰ
415 1132 621 1192 αὐλητὴν
638 1134 831 1197 ἀγαθόν.
858 1154 881 1177 «ι
910 1137 1092 1185 Auctor
1110 1136 1259 1197 igitur
1275 1137 1424 1200 hujus
1454 1138 1605 1203 epigr.
1634 1142 1726 1189 sor-

182 1203 297 1249 tasse
324 1199 453 1250 idem
479 1201 559 1250 ille
587 1201 849 1263 Diotimus,
877 1202 1118 1266 Diopithis
1144 1204 1277 1255 tilius
1294 1244 1306 1265 ‚
1336 1209 1418 1256 cui
1445 1210 1724 1273 Lycurgum

182 1273 403 1319 oratorem
440 1270 652 1321 honores
692 1272 969 1324 decrevisse
1007 1274 1159 1325 tradit
1199 1277 1490 1327 Plutarchus
1528 1280 1650 1330 Vitt.
1680 1282 1723 1329 X

182 1342 309 1387 oratt.
338 1350 383 1401 p.
407 1342 516 1388 844.
544 1360 568 1383 ιο
598 1342 819 1390 Metuek.
846 1356 897 1405 p.
929 1346 1032 1392 141.
1063 1344 1158 1402 Qui
1192 1344 1367 1397 deinde
1392 1346 1611 1410 disputat
1652 1347 1715 1399 de

182 1410 380 1472 analogia
396 1410 607 1459 nominis
624 1412 857 1461 rarissimi
875 1415 1093 1477 Δέσὸων,
1116 1433 1232 1472 ωνος
1253 1420 1301 1466 et
1320 1417 1507 1480 poetica
1526 1418 1721 1469 licentia

182 1494 287 1535 ονος.
304 1506 365 1514 --
390 1486 418 1529 2
452 1480 635 1529 λὲσὸον’
656 1480 843 1543 codex,
873 1496 970 1532 non
997 1486 1195 1544 Λὲσὸον,
1223 1486 1356 1548 quod
1382 1486 1635 1536 edebatur.
1659 1519 1722 1530 -

180 1556 205 1595 3
222 1551 491 1613 συνέδραμε,
518 1552 597 1599 καί
636 1551 734 1613 μετ’
752 1550 873 1601 cod.
914 1555 965 1602 et
1001 1554 1155 1603 l‘lan.:
1192 1557 1267 1604 ναὶ
1307 1556 1407 1618 μετ’
1424 1558 1717 1619 Meinekiusz,

183 1621 461 1681 συιὲδραμεν,
499 1622 551 1669 αἱ
587 1622 687 1682 μετ’
726 1622 999 1682 Heckerus‚
1035 1623 1161 1673 inter
1193 1638 1321 1687 quas
1359 1626 1720 1679 emendationes

178 1700 339 1751 anceps
384 1689 523 1752 optio
551 1708 565 1737 ε
596 1693 805 1753 utraque
846 1690 1059 1741 restituit
1102 1706 1220 1742 rem.
1276 1697 1456 1745 Tamen
1501 1696 1721 1747 Piccolos

179 1758 457 1821 proponebat
481 1759 707 1823 uei-ww?
726 1761 960 1823 Ἐρώτων.
992 1781 1015 1802 «ι
1039 1764 1219 1812 Sensus
1238 1776 1345 1813 esse
1364 1764 1557 1815 videtur
1579 1786 1590 1813 ε
1613 1768 1721 1816 Per·

178 1842 323 1879 sarum
362 1842 529 1893 legem
568 1828 801 1879 felicitate
840 1830 1055 1892 aequavit
1068 1868 1081 1891 ‚
1120 1832 1223 1882 sive
1250 1837 1309 1883 ut
1332 1835 1519 1885 Horatii
1556 1834 1719 1885 verbis

176 1900 343 1960 dicam,
369 1902 661 1949 Persarum
694 1902 857 1961 vique‘t
899 1913 1017 1962 reqe
1052 1900 1264 1951 beatior.
1290 1905 1428 1953 Hanc
1457 1904 1588 1954 enim
1617 1904 1716 1955 vim

178 1968 337 2030 mssim
376 1966 559 2018 habere
582 1971 773 2019 constat
810 1970 1026 2032 βασιλεὺς
1047 1970 1230 2020 omisso
1252 1972 1472 2023 articulo.
1496 1977 1573 2023 De
1600 1992 1711 2025 ουν-

176 2043 334 2101 τρέχειν
358 2038 465 2087 dixi
489 2037 556 2088 ad
584 2038 767 2087 comic.
806 2042 842 2088 t.
892 2040 983 2099 111,
1024 2053 1070 2102 p.
1112 2045 1222 2090 382.
1262 2042 1451 2093 Deinde
1494 2048 1639 2107 Spem
1666 2047 1717 2095 et

175 2112 358 2158 Amores
398 2108 749 2157 immortalium
798 2108 1072 2159 levissimos
1118 2122 1227 2160 esse
1268 2110 1402 2161 dicit.
1431 2132 1454 2157 ι»
1496 2116 1711 2172 Memelr.

177 2179 403 2227 nocherus
436 2182 686 2243 comparat
710 2180 1001 2243 παρέδραμε,
1026 2184 1328 2243 superavit,
1353 2181 1440 2233 sed
1463 2186 1599 2235 malit
1624 2188 1713 2247 βα-

176 2251 336 2297 σιλεῦσι
349 2284 363 2306 ,
384 2248 608 2299 l’iccolos
627 2250 713 2298 κᾶν
734 2251 944 2312 βασιλῆϊ.
957 2258 1077 2301 -5,
1098 2270 1122 2293 οι
1142 2252 1295 2301 Mutoe
1310 2257 1425 2303 sunt
1439 2255 1547 2317 eJus
1564 2254 1715 2317 tibiae,

175 2326 273 2379 quae
312 2319 521 2368 sortasse
556 2318 608 2367 in
642 2318 835 2368 tumulo
854 2318 1107 2381 jacebant,
1138 2319 1243 2370 sive
1278 2322 1421 2385 cippo
1462 2323 1719 2386 insculpta

178 2387 462 2438 visebantur.
489 2408 514 2432 u
536 2390 650 2437 Joc.
674 2389 771 2446 Qui
802 2389 852 2437 in
890 2392 1058 2439 nostro
1083 2390 1309 2453 exemplo
1334 2392 1500 2453 posuit
1522 2394 1590 2449 οἷς
1624 2396 1719 2443 ἐνέ-

176 2474 370 2517 πνευσεν,
395 2458 463 2508 de
484 2456 767 2518 conjectura
806 2459 1035 2522 Lennepii
1072 2474 1123 2524 p.
1154 2464 1262 2511 237.
1306 2462 1473 2511 codex
1501 2466 1551 2513 et
1581 2465 1714 2514 Plan.

178 2528 216 2574 οῖ
230 2528 272 2576 σ“
290 2530 506 2577 ἐνέπουσι
517 2563 535 2591 ,
554 2529 665 2591 post
684 2527 851 2591 Steph.
874 2530 921 2578 οῖ
939 2529 1003 2579 σ’.
1030 2530 1247 2580 Ρίοοοίοε
1261 2531 1481 2582 tentabat
1497 2534 1717 2593 ἀπευθίες

176 2598 249 2645 ἶσα
278 2600 499 2649 νέποσσιν
527 2599 603 2649 vel
631 2598 942 2649 insolentiore
969 2600 1125 2649 torma
1149 2603 1387 2663 νὲπουσιν,
1409 2603 1545 2666 quod
1569 2605 1718 2669 vulgo

174 2666 537 2732 ὀίωίιιτῐχθύων
556 2669 856 2732 ἀφωνότεροι.
878 2688 901 2711 σι
922 2669 1097 2720 suidas
1111 2670 1234 2731 huc,
1254 2675 1393 2735 puto,
1410 2674 1675 2739 respiciens
1698 2697 1711 2725 ε

178 2740 399 2795 &mutii-‚z-
420 2741 639 2801 ἄπειροι,
666 2740 954 2789 ἀπαίδευτοι.
999 2744 1095 2791 Pro
1120 2740 1253 2791 edito
1290 2744 1337 2791 οί
1364 2744 1427 2806 σ’,
1455 2744 1587 2807 quod
1616 2759 1712 2795 non

178 2813 323 2872 potest
350 2810 581 2875 intelligi,
602 2811 771 2876 scripsi
798 2812 843 2860 oi
867 2811 914 2861 σ’
932 2813 1169 2875 ἐνέπουσι,
1191 2828 1293 2880 quo
1316 2817 1367 2864 te
1391 2818 1579 2878 jacere
1606 2817 1717 2867 Ioco

174 2882 353 2943 [erunt.
377 2882 547 2932 Malim
570 2881 719 2931 etiam
742 2877 774 2940 ᾖ
794 2880 856 2930 τ’.
882 2902 905 2925 ι»
938 2884 1003 2931 Β.
1030 2883 1124 2941 Qui
1157 2888 1339 2934 κεῖσθαι
1366 2899 1455 2948 pro
1479 2886 1719 2938 infinitivo

176 2955 391 3014 habebat,
414 2955 475 3003 nt
518 2951 786 3003 Meinekius
813 2971 826 3000 ι
864 2971 887 2994 ιι
919 2953 1121 3017 Scripsit
1148 2954 1253 3003 sine
1287 2954 1436 3005 dubio
1460 2961 1604 3019 poeta
1634 2979 1646 3007 ι
1670 2995 1701 3008 ..

177 3023 374 3078 utentes:
392 3022 503 3072 οἶδ’
528 3023 743 3071 ἐνέπουσι
774 3024 956 3071 κεῖσθαι
972 3057 985 3080 ,
1013 3023 1148 3072 tibiae
1173 3023 1275 3074 illa:
1297 3024 1345 3074 in
1370 3025 1592 3089 sepulcro
1628 3041 1717 3090 po-

174 3093 269 3142 sitas
296 3097 475 3143 mutas
500 3094 551 3142 et
578 3093 832 3154 inqlorias
852 3105 908 3140 se
928 3094 1111 3154 jacere
1148 3094 1402 3146 indicant.
1438 3116 1461 3140 ιι
1488 3098 1579 3146 Sed
1608 3098 1713 3148 Pic-

174 3165 291 3212 colos
321 3167 371 3214 et
408 3163 664 3213 flecken-us
703 3161 1049 3226 imparatirum
1085 3168 1317 3226 praestare
1350 3172 1629 3228 senserunt,
1661 3171 1719 3217 ut

174 3235 409 3284 onbsius
426 3247 581 3296 quem
604 3232 873 3295 sequimur.
898 3258 953 3269 -
974 3241 1004 3284 6
1024 3235 1123 3284 ἐπεὶ
1157 3237 1257 3284 οὔθ’
1284 3239 1401 3298 ἱερὸς
1419 3238 1504 3287 οἶδ’
1522 3239 1717 3303 Ἀχέρων

174 3305 279 3354 Cod.
304 3307 355 3354 et
386 3306 527 3354 Plan.
556 3304 669 3353 ante
703 3303 1049 3353 ascensianam
1082 3305 1303 3365 tertiam3
1326 3307 1717 3372 interpolationes

174 3374 309 3424 habes
333 3389 411 3439 ap.
439 3378 549 3424 Jac.
572 3373 711 3422 Anal.
732 3375 769 3424 t.
792 3376 901 3432 vn,
922 3387 969 3436 p.
998 3379 1103 3426 166.
1134 3395 1156 3416 α
1187 3377 1381 3440 Conjeci
1417 3382 1471 3428 οὐ
1507 3381 1715 3441 θιάσους,

172 3446 222 3494 οὐ
253 3448 405 3509 χορὸν,
432 3444 573 3508 quod
610 3443 797 3506 aliquot
822 3444 1026 3508 vestigia
1052 3450 1301 3508 corruptoe
1339 3449 1593 3512 scripturae
1620 3453 1716 3500 οὗθ’

172 3517 275 3576 ἱερὸς
300 3517 496 3567 retinet.
522 3535 546 3557 u
572 3515 633 3562 B.
662 3514 807 3572 Quod
832 3513 993 3578 ipsum
1012 3516 1273 3581 Jacobsius
1297 3519 1563 3580 conjecerat
1588 3523 1713 3573 Add.

175 3599 215 3647 p.
246 3589 361 3644 LVI,
390 3588 444 3636 et
472 3585 610 3646 hoe:
639 3585 697 3633 οὐ
724 3584 929 3644 θιάσους,
948 3585 1275 3650 ἀλλ’ἇχιόἷδ’
1294 3589 1511 3652 Ἀχέρων,
1542 3592 1718 3643 collato

174 3655 398 3719 Euripidis
424 3667 577 3704 versu
594 3667 657 3703 ex
674 3653 922 3716 Licymnio
953 3674 965 3703 :
996 3655 1193 3718 Ἀχέρων
1214 3657 1333 3720 ἄχεα
1351 3662 1593 3723 πορθμεύει
1612 3665 1718 3726 βρο-

172 3734 318 3776 τοῖσιν,
348 3747 369 3768 ι.
404 3729 521 3783 Quo
548 3723 749 3785 adJutus
780 3724 954 3787 (inquit
975 3725 1202 3789 Meineit.)
1224 3729 1392 3792 scripsi
1418 3731 1516 3780 insi
1534 3735 1589 3782 οὐ
1612 3735 1713 3782 θιά-

173 3813 268 3852 σους
298 3800 415 3862 ἱερὸς
441 3797 533 3847 οἶδ’
555 3797 655 3858 Ἆχ.
690 3798 811 3845 Nam
842 3798 960 3860 ἱερὸς
992 3811 1083 3846 cnr
1111 3811 1200 3861 pro
1225 3805 1455 3864 corrupto
1479 3801 1718 3857 habeatur

171 3865 273 3916 nihil
290 3881 482 3918 caussae
508 3869 603 3916 est.
633 3887 657 3910 υ
684 3866 975 3930 Recepimus
1003 3881 1117 3918 cum
1135 3869 1344 3921 Piccolo.

224 4008 419 4056 coxxl.
452 4008 656 4056 Lemma
686 4026 697 4054 :
726 4011 811 4055 τοῦ
856 4007 1001 4056 αὐτοῦ
1050 4009 1319 4072 Μελεάγρου
1359 4013 1424 4069 εἰς
1454 4015 1533 4063 τὸν
1578 4017 1717 4068 αὐτὸν

172 4079 423 4139 Μελέαγρον
456 4077 795 4139 αἰνιγματῶδες
813 4093 825 4104 ·
866 4080 947 4127 καὶ
984 4078 1056 4127 ὅτι
1092 4080 1178 4128 διὰ
1214 4083 1298 4139 τὴν
1327 4083 1597 4146 ὁμωνυμίαν
1633 4095 1717 4139 τοῦ

174 4153 363 4198 2222205,
386 4148 664 4209 Μελάγρου
692 4149 857 4197 ἑαυτὸν
884 4150 1033 4204 οὕτως
1062 4150 1315 4200 ἐσκεύασεν
1336 4153 1501 4214 meave
1525 4159 1607 4206 καὶ
1627 4159 1713 4207 κά·

174 4231 277 4276 ,ρον
294 4217 506 4280 δέρματι,
530 4235 556 4257 ιι
585 4215 892 4266 musti-atum
918 4217 1215 4281 epigramma
1238 4219 1288 4268 in
1312 4223 1549 4275 Huschkii
1574 4231 1712 4279 Anal.

174 4284 269 4333 erit.
288 4299 331 4334 ο.
353 4294 402 4347 2,
428 4300 477 4349 p.
501 4288 669 4336 36-54.
688 4304 713 4328 ν
730 4288 788 4334 Β.
813 4288 964 4336 Poeta
983 4287 1120 4352 tingit
1141 4301 1197 4338 se
1221 4289 1272 4338 in
1290 4293 1483 4344 tumulo
1506 4295 1713 4350 colloca·

172 4357 261 4405 tam
279 4357 445 4407 ridere
463 4358 679 4406 statuam
695 4357 891 4420 juvenis
916 4359 1028 4409 alati
1046 4397 1059 4420 ‚
1085 4359 1381 4412 venabulum
1403 4367 1453 4413 et
1470 4365 1573 4414 suis
1595 4381 1713 4418 exu-

172 4425 264 4474 vias
304 4426 571 4490 gestantis.
617 4427 865 4490 variisque
910 4429 1202 4490 conjecturis
1250 4431 1431 4482 frustra
1486 4437 1685 4489 tentatis
1701 4479 1714 4499 ,

3221 177 3226 183 ’
3267 203 3383 260 407

1828 304 1956 368 cippi
1982 306 2090 355 loco
2113 308 2270 369 posita
2288 348 2300 369 ‚
2321 324 2435 372 quae
2461 324 2614 374 quum
2641 315 2788 365 maris
2811 321 2967 379 esset,
2983 332 3135 371 masc.
3163 322 3252 371 ἐὼν
3272 324 3384 373 ferri

1823 378 2004 437 posset.
2030 396 2055 417 ι·
2087 377 2244 442 Graes.
2271 393 2318 442 p.
2348 386 2450 432 148.
2473 410 2534 419 ·—
2553 388 2599 433 3.
2623 404 2646 427 «ι
2677 387 2740 433 lix
2760 386 2852 435 hoc
2881 389 3026 439 etiam
3061 390 3169 442 loco
3186 400 3386 458 apparet

1825 449 1958 496 recte
1973 447 2221 510 iudicasse
2247 452 2571 517 Lessingium‚
2597 468 2777 517 pueros
2801 458 2980 520 alatos,
3004 462 3090 523 qui
3121 462 3169 511 in
3207 476 3379 515 monu-

1822 518 2001 568 mentis
2049 521 2398 583 sepulcralibus
2441 524 2612 573 crebro
2649 528 3029 590 conspiciuntur,
3073 536 3256 583 temere
3295 549 3382 597 pro

1821 588 2142 651 Cupidinibus
2168 591 2352 642 haberi.
2382 613 2408 636 ι»
2437 598 2553 643 Jac.
2575 622 2638 631 -
2661 604 2689 646 5
2716 600 2880 661 χρόνον
2899 601 3021 649 cod.
3045 604 3096 651 et
3114 604 3246 653 Plan.
3267 609 3381 657 ante

1820 657 2042 709 Aldinam
2071 674 2171 711 sec.
2196 664 2471 728 Ταχύπουν,
2496 677 2609 713 nam
2643 668 2815 731 Κρόνος
2834 668 3106 721 habebatur
3123 674 3300 737 χρόνος.
3319 702 3382 712 --

1820 732 1847 778 7
1876 735 1961 790 γῆς
1977 732 2141 793 ὕπερθε
2165 733 2284 782 Ccd.
2318 738 2368 783 et
2391 734 2545 796 Plan„
2565 750 2692 785 corr.
2712 740 2924 803 Scaliger
2940 744 2991 791 et
3007 746 3296 807 Opsopoeus.
3318 774 3379 787 -—

1819 803 1848 848 8
1890 801 1993 849 ἐσσὶ
2024 801 2147 851 cod.
2181 806 2233 853 et
2269 804 2424 864 Plan„
2449 818 2575 853 corr.
2605 808 2814 857 Brunek.
2844 829 2868 851 κ
2903 813 3116 874 Πτερόεις
3139 814 3273 873 λόγος
3302 819 3381 865 est

1817 870 2128 934 Eloquentia,
2152 888 2264 935 quae
2291 875 2515 924 Mercurii
2541 877 2726 939 specie,
2748 878 2836 928 sed
2862 893 2974 929 cum
3002 884 3246 935 nonnullis
3272 886 3378 935 aliis

1816 944 2113 993 ornamentis
2164 958 2391 1008 expressa
2431 947 2566 1007 erat,
2601 946 2674 997 uti
2711 948 2846 1011 λόγος
2877 950 3048 1012 Ἐρμῆς
3082 958 3284 1005 voratur
3327 956 3376 1004 in

1814 1010 2024 1062 Theonis
2069 1017 2363 1077 expositione
2407 1018 2749 1081 planetarum,
2779 1024 2830 1070 et
2865 1023 3032 1085 Ἑρμῆς
3064 1027 3233 1087 λόγιος.
3264 1028 3374 1076 Jam

1814 1086 2016 1144 apparet
2056 1098 2202 1146 quam
2249 1088 2388 1137 facile
2430 1088 2492 1137 de
2529 1095 2704 1140 Amore
2731 1095 2873 1142 antea
2909 1095 3118 1156 cogitare
3155 1100 3373 1158 poterat,

1815 1151 2053 1214 siquidem
2086 1158 2247 1205 Amori
2279 1157 2552 1208 simillimus
2577 1164 2652 1209 est
2679 1162 2967 1223 Mercurius,
2989 1179 3200 1225 quocum
3227 1167 3366 1217 illum

1817 1228 2067 1285 comparat
2085 1226 2284 1275 Nonnus
2301 1228 2438 1276 Dion.
2466 1242 2514 1291 p.
2543 1234 2648 1288 148,
2671 1236 2700 1279 9
2724 1250 2736 1279 =
2759 1233 3053 1295 λαμπόμενον
3071 1237 3374 1297 πτερύγεσσιν

1816 1292 1996 1352 ὁμοίϊον
2017 1297 2107 1343 υίὲῖ
2124 1296 2296 1353 Μαίης.
2317 1296 2444 1345 Male
2469 1299 2739 1349 Brunckius
2763 1301 2970 1361 τοῦνομα
2989 1304 3122 1352 τοῦδε
3161 1307 3258 1364 λὲγ
3272 1322 3292 1354 ε
3305 1324 3319 1353 ι
3332 1326 3370 1362 ς.

1816 1363 1940 1411 Nam
1969 1362 2049 1413 hle
2077 1378 2170 1414 non
2203 1364 2266 1415 de
2299 1368 2492 1418 nomine
2515 1369 2691 1431 sepulti
2717 1371 2970 1431 quaeritur.
2994 1392 3018 1415 υ
3048 1372 3204 1437 Graef.
3229 1376 3374 1425 Haud

1813 1432 2127 1495 probabiliter
2162 1435 2316 1485 Boiss.
2361 1454 2374 1484 ε
2415 1457 2438 1478 π
2469 1438 2670 1489 Distinxi
2696 1442 2723 1489 ὀ
2750 1442 2952 1503 πτερόεις
2982 1444 3212 1505 τοῦνομα,
3238 1448 3374 1494 τοῦδε

1812 1508 1947 1565 λόγος
1963 1542 1976 1561 ,
1998 1510 2055 1556 ut
2076 1509 2208 1557 esset
2233 1522 2407 1558 sensus
2431 1528 2443 1557 ε
2467 1512 2524 1559 tu
2553 1524 2694 1572 vero,
2720 1524 2872 1575 quem
2895 1512 3107 1563 Aletum
3133 1517 3372 1565 nomina-

1810 1578 2008 1637 verim,
2029 1578 2145 1639 eJ‘us
2172 1577 2308 1627 docti
2331 1577 2561 1628 hominis
2578 1594 2751 1629 sermo
2775 1594 2841 1630 es.
2869 1602 2891 1623 ι»
2916 1583 3175 1632 Marcellus
3194 1584 3371 1634 Comes

1812 1645 1974 1695 verbis
2001 1649 2028 1695 ό
2053 1648 2256 1709 πτερόεις
2286 1649 2495 1705 τοῦνομα
2524 1652 2659 1700 τοῦδε
2688 1652 2833 1715 λέγεις
2865 1651 3065 1715 intelligi
3089 1654 3172 1711 τὴν
3199 1656 3367 1714 μελεα·

1810 1718 1948 1781 γρίόα
1974 1730 2114 1767 avem
2147 1717 2223 1778 (la
2249 1718 2496 1782 pintade)
2528 1722 2770 1783 opinatur,
2793 1723 2844 1770 et
2868 1721 2963 1771 alia
3001 1722 3208 1774 subinde
3247 1725 3372 1775 mira

1810 1786 2009 1849 profert.
2033 1814 2094 1823 —
2114 1794 2145 1837 9
2171 1788 2401 1837 ἁλιωιάιδ’
2421 1790 2534 1853 ἀμφ.
2561 1790 2703 1848 Cod.;
2724 1791 2866 1854 ἀελίῳ
2890 1790 2930 1839 δ’
2947 1793 3059 1853 ἀμφ.
3082 1794 3236 1855 Plan„
3255 1808 3366 1843 cor·

1810 1856 1940 1906 rexit
1965 1857 2176 1907 Granius
2205 1880 2217 1907 ι
2251 1877 2274 1899 ιι
2308 1861 2492 1909 Dianae
2513 1872 2704 1909 vituitus
2727 1858 2909 1921 habes,
2933 1874 3121 1924 anceps
3145 1865 3368 1913 verteba-

1810 1926 1923 1976 lnm
1960 1930 2056 1978 etc.
2088 1928 2243 1990 Hujus
2277 1927 2386 1977 deae
2421 1930 2603 1979 mentio
2641 1932 2740 1979 fere
2775 1932 3050 1981 necessaria
3090 1932 3149 1983 ad
3180 1934 3368 1997 antiqui

1810 1996 1940 2047 illius
1959 1998 2181 2060 Meleagri
2201 1998 2550 2061 aenigmaticam
2564 2000 2939 2064 descriptionem
2953 2001 3313 2053 absolvendam.
3339 2024 3364 2046 n

1810 2068 1906 2123 Qui
1950 2068 2184 2117 Huschkii
2236 2069 2502 2131 speciosam
2547 2072 2874 2133 conjecturam
2919 2073 3068 2128 ἄλλως
3113 2073 3210 2121 οὐδ’
3249 2076 3362 2135 ἀμφ.

1808 2136 1999 2186 admitti
2049 2151 2143 2186 non
2188 2150 2333 2199 posse
2377 2137 2538 2187 docet.
2586 2138 2792 2188 Dianam
2834 2152 3000 2203 gerere
3050 2142 3242 2198 σιόύνην
3283 2156 3360 2205 ap.

1808 2206 2081 2270 Ephippum
2111 2207 2286 2256 Athen.
2309 2210 2409 2268 xn,
2431 2222 2478 2271 p.
2501 2212 2610 2269 537,
2637 2214 2691 2269 Ε,
2715 2209 2966 2260 annotavit
2993 2212 3094 2260 Jac.
3125 2232 3148 2253 «ι
3176 2218 3365 2275 Anceps

1808 2278 1976 2325 autem
2020 2275 2316 2326 venabulum
2343 2276 2466 2327 illud
2500 2278 2744 2328 indicabat
2782 2282 3142 2343 σπουδογέλοιον
3175 2282 3366 2332 dicendi

1809 2358 1994 2406 genus,
2022 2346 2070 2394 in
2111 2358 2212 2406 quo
2250 2346 2408 2395 veluti
2428 2341 2602 2410 duplex
2628 2362 2834 2397 acumen
2867 2351 2969 2407 est,
2994 2353 3074 2408 et,
3111 2355 3170 2401 ut
3201 2351 3363 2413 addit,

1810 2417 2019 2465 l'ortasse
2057 2416 2222 2477 μέτρον
2253 2416 2597 2479 ἐρωτογράφον,
2631 2418 2921 2481 cleptat-um
2937 2456 2950 2477 ‚
2978 2432 3007 2469 e
3043 2419 3226 2483 duplici
3253 2435 3366 2471 ver-

1806 2498 1954 2535 suum
1989 2498 2165 2548 genere
2205 2490 2447 2537 constans.
2490 2488 2712 2551 ineptius
2755 2487 2904 2537 etiam
2946 2488 3152 2539 Ovidius
3189 2491 3366 2555 Elegim

1806 2554 1978 2604 tribuit
2001 2558 2234 2619 impares
2266 2556 2426 2619 pedes
2451 2560 2618 2608 Amor.
2647 2560 2736 2617 ΙΙΙ,
2770 2558 2830 2607 el.
2863 2563 2906 2611 1.
2932 2564 2979 2617 8,
3017 2562 3068 2608 et
3103 2559 3365 2623 Elegorum

1805 2624 1973 2672 currui
2016 2626 2250 2687 impares
2291 2630 2437 2676 roras
2460 2628 2548 2689 Ep.
2589 2639 2652 2675 ex
2679 2629 2822 2676 Pont.
2850 2629 2937 2686 111,
2963 2626 3026 2675 el.
3054 2632 3103 2685 4,
3137 2634 3216 2686 80,
3252 2631 3360 2680 coll.

1806 2694 1908 2742 Art.
1939 2706 2036 2742 am.
2068 2696 2109 2753 l,
2134 2698 2240 2767 204.
2263 2695 2341 2744 Sic
2358 2708 2471 2757 quae
2491 2694 2650 2758 primo
2675 2708 2824 2745 versu
2849 2696 3174 2759 przedicantur
3189 2702 3364 2751 statum

1805 2765 2088 2813 ornamenta
2119 2784 2132 2813 ι
2161 2763 2291 2825 olae,
2335 2766 2688 2827 venabulum,
2719 2766 2871 2830 pellis
2917 2772 3141 2830 aprina,
3191 2769 3364 2820 eodem

1805 2832 1975 2884 ordine
2003 2835 2297 2898 conjecturis
2321 2835 2638 2899 explicantur.
2663 2854 2686 2880 ιο
2712 2835 2869 2901 Gratf.
2891 2862 2952 2872 —
2975 2841 3030 2888 14
3057 2838 3222 2900 σοφίαν
3240 2838 3363 2890 Cod.

1806 2907 1857 2954 et
1885 2905 2018 2954 Plan.
2060 2925 2084 2948 «ι
2123 2908 2219 2954 Pro
2248 2919 2349 2968 quo
2385 2907 2506 2956 bene
2529 2908 2798 2956 Bruncldus
2837 2908 2993 2970 σοφίᾳ.
3029 2909 3152 2959 Vide
3186 2911 3364 2961 Kiessl.

1806 2971 1869 3020 ad
1898 2972 2099 3022 Theocr.
2128 2988 2178 3037 p.
2217 2979 2326 3036 540,
2361 2974 2448 3038 qui
2487 2978 2538 3026 et
2572 2976 2871 3026 locutionem
2899 2979 2962 3034 είς
2994 2977 3103 3038 μίαν
3135 2978 3362 3030 illustrat.

1806 3043 1948 3091 Cous.
1980 3055 2054 3105 ep.
2085 3049 2192 3104 026,
2219 3052 2268 3095 6.
2305 3065 2329 3088 υ
2369 3049 2431 3097 Β.
2465 3045 2560 3096 Sed
2585 3046 2656 3096 lta
2680 3047 2839 3096 oritur
2866 3065 2892 3088 «ι
2922 3047 3364 3110 importunissimus

1806 3111 1987 3162 hiatus.
2021 3133 2045 3156 »
2075 3115 2225 3164 Recte
2249 3107 2354 3164 Jac'.
2387 3117 2430 3164 τ’
2457 3116 2715 3167 addentem
2747 3119 2949 3167 secutus
2980 3121 3056 3167 est
3083 3118 3316 3169 Graetium
3349 3141 3361 3170 :

1816 3201 1841 3225 κ
1874 3185 2020 3233 Poeta
2059 3185 2304 3248 eleganter
2345 3187 2552 3238 variavit
2595 3188 2865 3238 orationem
2885 3227 2897 3239 .
2923 3190 3136 3251 ἠρμόσαο
3168 3193 3364 3240 Μοῦσαν

1807 3254 1980 3316 Ἐρωτι
2001 3258 2050 3306 et
2077 3257 2291 3320 ήρμόσαο
2318 3258 2520 3322 Χάριτας
2538 3263 2618 3308 καὶ
2643 3260 2829 3320 Σοςίαν.
2853 3259 3009 3308 Groeci
3026 3262 3188 3309 autem
3208 3273 3362 3324 quum

1804 3323 1974 3374 dicunt
2000 3327 2064 3380 εἰς
2095 3327 2194 3384 ἕνα,
2221 3328 2282 3383 εὶς
2312 3329 2440 3388 μίαν,
2465 3329 2585 3378 illud
2612 3327 2974 3378 substantivum
2997 3329 3224 3379 videntur
3241 3343 3361 3393 sup-

1803 3394 2039 3457 plevisse,
2059 3395 2194 3458 quod
2222 3397 2372 3447 verbo
2397 3397 2548 3458 inest,
2570 3411 2672 3460 quo
2695 3397 2936 3448 sententia
2957 3398 3263 3460 exprimitur.
3285 3399 3363 3449 sic

1805 3465 1948 3514 Hom.
1971 3464 2025 3514 11.
2053 3467 2109 3524 Β,
2125 3468 2217 3517 379
2247 3485 2259 3515 2
2290 3468 2354 3524 εἰς
2381 3469 2492 3528 μίαν
2523 3467 2852 3530 βουλεύσομεν,
2875 3479 2943 3516 sc.
2974 3469 3160 3530 βουλήν.
3183 3469 3356 3518 AElian.

1805 3533 1921 3582 Var.
1945 3535 2005 3582 Η.
2027 3537 2088 3595 V,
2107 3541 2138 3585 9
2170 3554 2183 3582 z
2216 3537 2282 3594 εἰς
2322 3538 2434 3600 μίαν
2457 3543 2595 3597 νοεῖν,
2622 3551 2691 3586 sc.
2728 3538 2922 3586 ἔννοιαν.
2947 3539 3126 3587 Nostro
3153 3538 3264 3587 loco
3295 3541 3360 3594 εἰς

1805 3602 1914 3662 μίαν
1947 3605 2171 3666 ἑρμῡγήν.
2203 3625 2227 3649 n

1865 3741 2092 3791 cDxxn.
2121 3743 2326 3791 Lemma
2349 3761 2362 3790 ι
2389 3743 2454 3797 εἰς
2493 3741 2850 3804 Πεισίστρατον,
2873 3743 2930 3792 οὗ
2957 3745 3038 3793 τὸν
3064 3745 3113 3793 ἐν
3135 3745 3352 3804 Ἀθήνησι

1758 3867 1763 3876 Ι
1802 3809 2041 3872 τύραννον,
2070 3809 2169 3859 ἀλλ’
2189 3811 2328 3860 ἄλλον
2356 3811 2459 3858 τινὰ
2493 3813 2731 3872 νεώτερον·
2771 3811 2871 3860 ἔστι
2911 3812 2962 3861 δὲ
3003 3814 3354 3876 αἰνιγματῶδες.

1803 3881 1940 3936 Zia-et
1964 3881 2044 3929 τὸν
2075 3879 2380 3942 ἀστράγαλον.
2411 3878 2524 3928 scil.
2564 3879 2648 3942 qui
2682 3879 2748 3929 sit
2788 3878 2962 3931 Chim.
2988 3907 3048 3918 —
3084 3887 3126 3931 1.
3162 3901 3186 3924 «ι
3223 3885 3356 3931 Χῖον.

1802 3947 1968 3998 Schol.
1997 3947 2173 3998 Wech.
2213 3969 2226 3997 ι
2264 3953 2332 4009 τῷ
2368 3950 2458 4012 γὰρ
2487 3950 2630 3997 αὐτοῦ
2667 3949 2800 4011 τάφῳ
2837 3952 3044 4000 ἐπέκειτο
3071 3951 3359 4012 ἀστράγαλος

1803 4025 1907 4083 χῖον
1932 4022 2069 4083 ἔχων.
2092 4023 2236 4070 Hunc
2271 4020 2434 4083 ipsum
2471 4021 2634 4070 locum
2667 4023 2826 4086 attigit
2861 4024 3010 4075 Hadr.
3034 4026 3211 4075 Junius
3241 4026 3359 4074 Ani·

1804 4089 1966 4140 madv.
1989 4093 2056 4149 11.
2077 4095 2126 4151 4,
2145 4104 2194 4154 p.
2212 4097 2290 4151 90,
2311 4092 2376 4142 de
2387 4091 2598 4142 talorum
2613 4091 2746 4152 iactu
2769 4093 3030 4144 disserens.
3045 4094 3169 4145 Vide
3189 4101 3354 4147 Arsen.

1802 4160 1930 4210 Viol.
1970 4174 2014 4223 p.
2057 4164 2166 4218 470.
2195 4165 2310 4209 cum
2357 4164 2474 4210 nota
2510 4161 2702 4211 Walzii.
2739 4163 2922 4226 opinor
2947 4168 2997 4215 et
3037 4179 3150 4214 cum
3193 4166 3360 4216 fructu

1803 4232 2080 4281 consultum
2107 4229 2166 4280 iri
2191 4245 2306 4293 quoe
2333 4231 2590 4296 scripsisse
2625 4246 2826 4284 moneor
2852 4237 2906 4285 B.
2935 4236 3268 4286 Tliierschium
3297 4237 3360 4286 de

1802 4307 2095 4352 tesserarum
2120 4304 2172 4351 et
2193 4303 2544 4366 astragalorum
2565 4302 2686 4352 ludo
2705 4303 2771 4354 ad
2799 4305 2975 4368 Odyss.
3009 4310 3050 4367 Ι,
3080 4309 3183 4356 107.
3215 4307 3358 4357 Cont'.

1804 4385 1880 4435 ep.
1903 4377 2012 4429 327,
2033 4381 2078 4422 6.
2104 4392 2128 4415 ¹·
2155 4375 2219 4423 B.
2239 4375 2349 4428 Χίος
2375 4377 2480 4423 erat
2492 4373 2658 4434 jactus
2679 4375 2727 4423 ἓν
2750 4376 3014 4438 δυνάμενος.
3034 4402 3098 4412 -
3117 4382 3146 4427 3
3171 4379 3202 4435 ἦ
3226 4380 3266 4440 ῥ’
3287 4381 3358 4428 ὄντι

1802 4441 1997 4492 Jacobs.
2019 4443 2068 4492 in
2093 4446 2259 4492 nostro
2283 4443 2520 4506 exemplo,
2551 4447 2664 4507 post
2691 4446 2978 4496 Passovium
2998 4447 3192 4511 Scriptt.
3213 4448 3352 4499 misc.

172 4496 349 4547 tandem
383 4497 609 4562 intelligit
634 4497 862 4561 Meleagri
889 4499 1137 4562 Calydonii
1166 4513 1274 4550 esse
1298 4504 1511 4554 statuam
1530 4543 1541 4565 ‚
1561 4520 1717 4571 eaque
1757 4485 1764 4557 Ι
1804 4526 1851 4574 p.
1874 4519 1982 4562 206.
2005 4513 2278 4576 Legebatur
2298 4511 2381 4562 hic
2400 4515 2643 4576 quoque-72
2664 4513 2722 4578 ῤ’.
2742 4543 2806 4556 -
2819 4519 2846 4564 ⁴
2866 4515 2908 4564 δ’
2927 4515 2974 4564 in
2994 4515 3114 4566 Cod.
3135 4516 3358 4568 additum

170 4564 415 4625 signifieat-i
462 4566 794 4628 cognominem
837 4569 1104 4632 sophistam
1142 4571 1235 4620 sub
1275 4585 1335 4622 eo
1374 4577 1563 4626 tumulo
1606 4593 1715 4631 esse
1756 4563 1764 4640 Ι

168 4636 421 4686 esmditum.
449 4641 565 4688 Jac.
600 4639 808 4688 Prorsus
834 4640 1099 4691 confictum
1122 4654 1229 4692 esse
1253 4658 1379 4706 opus
1404 4649 1456 4697 et
1476 4649 1713 4702 artificem
1756 4644 1764 4687 ἶ

170 4707 397 4756 neminem
427 4707 525 4757 tale
551 4707 707 4758 fuisse
728 4710 1001 4772 positurum
1024 4712 1243 4776 disputat
1270 4715 1547 4768 Huscbkius
1584 4735 1632 4783 p.
1654 4729 1708 4774 51

1802 4592 1831 4628 a
1856 4585 2142 4631 correctore.
2167 4611 2221 4623 —
2249 4589 2278 4632 5
2306 4583 2511 4640 κατὲσὸη
2537 4581 2680 4644 cod„
2701 4583 2910 4634 alterum
2937 4585 3070 4635 Plan.

1785 4746 1790 4752 ·
1863 4721 2122 4770 cbxxm.
2157 4723 2358 4770 Lemma
2394 4735 2408 4764 ι
2441 4722 2502 4775 εἰς
2539 4723 2726 4773 Βιττίδα
2759 4725 2843 4782 τήν
2877 4725 3117 4786 Κρῆσσαν·
3138 4727 3357 4788 αἰνιγμα-

170 4787 260 4838 seq.
283 4807 340 4818 —
366 4783 385 4826 1
426 4779 591 4836 σιδὺνη
630 4779 786 4837 Plau.;
831 4781 918 4830 sed
950 4781 1129 4832 dicitur
1166 4784 1311 4834 etiam
1352 4789 1379 4835 ὁ
1418 4790 1623 4848 σιὸὐνης.
1652 4819 1715 4830 -—
1801 4794 1942 4846 τῶὸες
1967 4791 2063 4840 ἀλλ’
2079 4792 2320 4848 εὔληπτον.
2337 4793 2537 4842 Lemum
2558 4793 2692 4843 Plan.
2717 4795 2814 4850 :sic
2839 4794 2980 4856 τάφον
3001 4797 3206 4852 Bit-ribo<
3219 4799 3358 4854 τινὸς,

169 4851 191 4890 9.
206 4845 325 4895 inter
340 4859 494 4896 voces
518 4849 622 4898 ἐσσὶ
641 4849 762 4906 τίνος
786 4851 1170 4914 superscriptum
1195 4853 1244 4901 δὲ
1264 4853 1311 4902 in
1332 4856 1450 4907 cod.
1468 4877 1489 4900 «ι
1517 4859 1713 4923 Elegan-
1802 4861 1842 4922 ᾧ
1871 4861 2071 4910 ἐνέκειτο
2106 4861 2254 4910 κίσσα
2281 4862 2360 4910 καὶ
2387 4863 2609 4922 ποτήριον
2636 4865 2714 4912 καὶ
2741 4863 2852 4921 τόξα
2883 4867 2964 4914 καὶ
2991 4866 3110 4928 εἴρια
3133 4869 3211 4915 καί
3239 4867 3356 4915 πλό-

166 4911 257 4989 tius
280 4917 413 4964 esset
440 4917 615 4976 στόλοι,
635 4917 843 4968 vocandi
868 4932 1014 4978 casu,
1040 4934 1188 4982 quam
1232 4923 1415 4986 duplex
1456 4926 1535 4976 ille
1577 4930 1711 4992 geni-
1802 4947 1963 4991 καμοι.
1979 4957 2038 4966 -
2068 4936 2087 4980 1
2110 4933 2282 4980 κίσσαν
2299 4929 2442 4991 θαι,
2465 4931 2552 4981 sed
2579 4935 2726 4982 κίσσα
2747 4933 2798 4984 in
2829 4948 2974 4984 xersu
3006 4949 3148 4986 novat
3175 4936 3360 5000 pagium

164 4984 287 5032 urus
330 4985 505 5042 στόλοις
542 4986 677 5042 τίνος.
720 4991 795 5038 lta
824 4989 972 5039 στάλα
1010 4990 1257 5042 diceretur
1290 4994 1353 5043 de
1393 4995 1518 5045 alata
1560 4997 1712 5060 tigura
1800 4999 1940 5050 initio
1981 5003 2188 5064 repetito
2219 5015 2250 5052 a
2285 5005 2577 5054 correctore.
2597 5005 2732 5055 Plan.
2763 5007 2835 5055 ἀεὶ
2859 5010 2994 5064 λάλος
3013 5043 3027 5067 ,
3046 5006 3181 5070 quod
3197 5005 3361 5071 specie

3023 5094 3149 5154 ,se
