3829 5747
1285 169 1362 227 IN
1410 169 1656 228 CAPUT
1699 170 1748 227 V
1791 170 2244 239 ANNOTATIO.

211 303 297 365 lego
336 314 406 365 ap.
453 300 766 350 Daluascium
809 299 922 349 Vita
969 298 1142 349 Isidori
1175 312 1224 362 p.
1269 304 1387 349 1044
1425 300 1716 363 Gregorium

209 372 434 433 quemdam
459 370 610 420 fuisse
646 370 862 427 ὀξύτατον
891 372 955 427 εἰς
977 371 1258 432 ὓπερόολήν,
1281 383 1370 419 nec
1397 369 1576 419 hoereo.
1613 373 1718 419 Non

208 444 322 492 aliter
357 442 638 491 Latinorum
675 441 848 504 optimi
879 440 1048 490 Cicero
1062 476 1079 499 ,
1110 439 1306 501 Livius,
1340 441 1426 503 qui
1457 439 1686 489 dixerunt
1707 480 1718 500 ‚

205 513 268 561 ille
291 514 418 560 Verr.
469 513 546 569 Π,
581 518 660 571 66,
699 514 936 560 mraxime
969 510 1430 574 remotissimnhic
1470 512 1596 569 XLI,
1638 515 1715 570 23,

205 585 408 630 unua-ime
446 584 844 643 qramssimam:
891 578 1000 629 vide
1043 579 1112 628 ibi
1151 580 1454 643 interpretes.
1499 599 1525 623 n
1563 583 1624 629 B.
1666 610 1729 621 -

205 658 226 701 7
251 654 358 701 ἐστιν
381 649 497 700 Cod-
522 677 584 686 —
608 656 653 701 8,
685 652 856 699 Οἷκτον
889 651 992 698 Jac.
1034 649 1168 698 reete
1203 648 1546 711 interpretatur
1573 652 1628 697 τὸ
1665 650 1728 704 εἰς

205 724 338 771 οἶκτον
358 722 485 784 ἆγον.

254 845 470 893 ccxvn.
498 844 698 890 Lemma
726 862 738 886 ι
766 840 838 889 ὅτι
859 844 1020 904 χρυσῷ
1033 842 1262 897 ἡττῶνται
1286 843 1513 899 γυναῖκες.
1541 857 1566 880 «ι
1588 840 1723 887 Sum-

211 926 322 961 mam
345 913 390 961 iu
422 924 583 961 amore
622 910 725 959 vim
767 922 874 959 esse
915 910 1150 972 pecuuiae.
1185 912 1336 959 Putes
1365 910 1572 958 Paulum
1590 944 1602 968 ,
1640 906 1724 969 qui

209 983 360 1033 latinos
395 985 560 1045 poetas
599 981 816 1045 cognitos
860 979 1089 1029 habuisse
1113 978 1323 1038 videtur,
1364 978 1618 1028 Horatium
1652 990 1726 1026 re-

209 1053 422 1116 spexisse,
459 1054 623 1100 Carm.
647 1053 739 1110 ΙΙΙ,
761 1050 845 1099 od.
869 1054 941 1099 16.
971 1070 996 1093 ν
1026 1053 1142 1101 Jac.
1171 1076 1233 1087 --
1259 1055 1278 1099 1
1311 1049 1381 1097 sic
1402 1050 1554 1106 Plan.;
1591 1049 1724 1108 ἅμμα

209 1123 362 1187 κορείας
384 1120 522 1179 Cod.‚
543 1120 848 1183 superposito
869 1136 916 1177 η.
955 1140 978 1161 «ι
1002 1120 1138 1169 conf.
1167 1122 1256 1178 vl,
1281 1133 1358 1183 ep.
1403 1124 1506 1181 164,
1535 1124 1592 1178 43
1618 1125 1724 1180 182,

208 1202 244 1243 2.
271 1192 432 1241 Suidas
449 1230 462 1252 ,
491 1190 630 1240 Pauli
651 1189 956 1238 versiculum
987 1190 1196 1253 allegans
1213 1228 1225 1249 ,
1263 1190 1476 1255 ἅμματα,
1505 1190 1672 1252 δεσμά.
1696 1209 1721 1232 ι

211 1270 258 1315 B.
280 1262 434 1311 snidae
457 1261 569 1311 cod.
593 1260 730 1309 Leid.
769 1261 1051 1323 ἄθραὺστοιο
1066 1296 1082 1321 ,
1109 1259 1159 1309 in
1183 1274 1230 1308 v.
1269 1262 1466 1309 Κάσιον.
1497 1288 1560 1296 -—
1584 1266 1612 1310 4
1640 1262 1721 1311 δά-

209 1337 306 1383 πεδα
321 1335 396 1381 καὶ
419 1332 554 1382 Plan.
581 1359 641 1369 —
659 1338 690 1381 6
713 1331 1015 1395 ἐπιγνάμπτει
1034 1330 1171 1380 Plan.
1195 1356 1257 1367 —
1279 1335 1325 1380 7.
1352 1332 1587 1393 Ἐλύγωσε
1611 1332 1721 1380 Sui-

208 1406 278 1453 das
296 1403 480 1466 exponit
500 1404 740 1465 ἔκαμψεν,
767 1400 863 1450 boc
890 1414 1036 1451 versu
1065 1414 1204 1451 usus.
1231 1429 1291 1437 —
1318 1407 1346 1451 8
1364 1403 1538 1465 παφίην
1569 1402 1723 1459 Plan.;

213 1476 356 1536 ιαςνῖαν
375 1473 496 1523 cod.
525 1470 834 1535 superposito
850 1488 900 1529 η.

257 1589 502 1638 ccxv-111.
533 1588 735 1635 Lemma
760 1605 772 1632 ε
798 1586 875 1634 ἐπὶ
909 1586 1154 1647 Πολέμωνι
1186 1585 1388 1646 ‘teipsum
1410 1586 1492 1643 τὴν
1523 1586 1728 1647 γαμετὴν

214 1659 396 1720 μοιχείας
423 1658 580 1705 ἕνεκα.
613 1675 636 1697 α
673 1657 779 1704 lmo
799 1654 850 1703 in
885 1654 1048 1705 virum
1075 1654 1161 1717 qui
1191 1654 1403 1717 puellam
1421 1692 1434 1715 ‚
1473 1654 1536 1703 ob
1571 1658 1728 1717 poetae

215 1740 396 1775 amorem
425 1725 716 1775 verberibus
749 1726 999 1788 exceptam
1015 1764 1029 1787 ,
1049 1725 1263 1775 crinibus
1293 1724 1540 1787 spoliavit,
1562 1724 1730 1773 similis

215 1797 426 1845 Polemoni
455 1796 508 1845 in
543 1794 800 1845 Menandri
830 1798 1205 1858 Περικειρομὲνῃ.
1240 1814 1265 1837 »
1303 1798 1418 1843 Jac.
1456 1794 1576 1843 Vide
1604 1795 1731 1857 frag-

215 1871 348 1917 menta
365 1864 624 1916 Menandri
641 1879 693 1928 p.
714 1869 777 1915 40
795 1864 872 1914 ed.
893 1864 1079 1925 Didot.,
1101 1868 1152 1913 et
1171 1864 1375 1915 Meinek.
1395 1864 1548 1927 Reliq.
1570 1877 1616 1925 p.
1644 1870 1729 1914 136

211 1952 320 1999 seqq.
349 1964 409 1973 —-
428 1944 458 1987 2
482 1938 726 1999 γλυκεροὺς
749 1935 905 1995 Plan.;
932 1936 1152 1997 γλυκερὰς
1177 1934 1318 1995 cod„
1363 1934 1494 1983 unde
1523 1934 1732 1997 Scaliger

217 2010 436 2067 Πυκέριις,
470 2020 571 2069 quo
604 2005 796 2055 nomine
821 2004 974 2053 fuisse
1003 2005 1085 2061 τὴν
1124 2004 1495 2067 περικειρομένην
1533 2002 1731 2051 minime

213 2081 272 2125 est
291 2076 540 2139 probabile.
574 2094 598 2117 κ
622 2074 848 2127 srsibunt
865 2076 1092 2135 Γλυκέρας
1115 2073 1206 2122 viri
1221 2073 1352 2123 docti
1367 2110 1381 2134 ‚
1399 2073 1524 2123 utin
1541 2072 1732 2121 nomine

213 2145 386 2207 proprio.
418 2143 515 2193 Sed
539 2144 650 2192 haec
683 2142 746 2191 de
769 2144 974 2192 accentu
1000 2140 1292 2191 retrahendo
1313 2142 1480 2204 regula
1497 2154 1596 2189 non
1624 2139 1732 2188 ubi-

211 2228 288 2275 que
318 2216 457 2264 valet.
488 2218 546 2264 ln
581 2214 665 2263 illo
699 2212 804 2276 ipso
845 2211 1038 2261 nomine
1069 2211 1248 2261 diserte
1291 2210 1528 2261 Arcadius
1552 2232 1563 2260 :
1593 2212 1647 2259 τὸ
1682 2212 1732 2259 δὲ

213 2288 382 2347 γὶυιερὰ
400 2286 606 2341 ὀξύνεται
625 2320 640 2343 ,
664 2283 756 2332 εἶτε
782 2284 941 2345 κύριον
969 2284 1060 2331 εἴτε
1083 2282 1336 2330 ἐπιθετικόν
1367 2282 1455 2338 εἵη.
1481 2280 1603 2330 Vide
1626 2283 1728 2329 not.

211 2354 262 2401 ad
285 2354 574 2405 Christodor.
599 2358 704 2403 2⁶3.
739 2372 764 2395 ι»
792 2355 856 2401 B.
886 2378 947 2388 ——
979 2356 1028 2401 3.
1049 2351 1194 2399 Dictu
1229 2350 1312 2399 vix
1346 2364 1471 2413 opus
1505 2352 1584 2399 est
1619 2348 1732 2398 hinc

210 2424 494 2485 glossatorem
535 2436 712 2473 nomen
749 2421 958 2471 bominis
1001 2420 1249 2483 collegisse
1301 2434 1390 2469 suo
1425 2421 1567 2483 plane
1612 2419 1734 2480 peri-

210 2496 318 2543 culo.
337 2496 481 2544 Cous.
519 2492 584 2543 ad
616 2506 692 2554 ep.
719 2498 811 2542 220
827 2490 978 2539 initio.
999 2514 1059 2526 —
1076 2497 1123 2539 5.
1149 2510 1172 2541 ιι
1201 2491 1410 2539 cmmea
1434 2501 1564 2551 saepe
1580 2487 1735 2549 appel·

211 2564 347 2612 tantur
370 2577 429 2613 ea
459 2576 576 2625 quae
605 2564 657 2611 in
687 2559 940 2609 comoediis
964 2558 1106 2608 fiunt.
1143 2558 1221 2607 Sic
1253 2570 1453 2609 aurum
1481 2560 1736 2607 comicum

210 2645 284 2694 pro
302 2633 449 2694 fabis3
473 2644 635 2681 senex
653 2633 910 2688 comicus,
930 2628 1088 2690 qualis
1109 2628 1164 2683 in
1191 2628 1442 2677 comoediis
1460 2626 1730 2677 exhibetur.

209 2704 296 2750 Hoc
314 2704 417 2752 loco
455 2701 789 2751 clandestinus
817 2697 1034 2748 mulieris
1061 2711 1200 2747 amor
1233 2697 1430 2747 videtur
1447 2696 1706 2761 significari
1721 2736 1732 2757 ‚

209 2786 292 2832 quo
318 2772 493 2821 amoris
531 2783 710 2835 genere
747 2768 867 2818 nibil
894 2767 944 2817 iu
981 2767 1232 2817 comoediis
1271 2767 1592 2829 frequentius.
1636 2766 1737 2815 Nisi

211 2844 314 2892 rorte
329 2842 469 2892 malis
490 2840 712 2904 accipere
730 2838 794 2890 de
811 2836 1042 2888 abscissis
1060 2836 1258 2902 capillis.
1291 2858 1314 2880 ι»
1336 2839 1448 2888 Jac.
1486 2836 1626 2895 Quod
1647 2849 1734 2886 ve-

207 2925 316 2962 rum.
338 2943 396 2953 —
415 2919 464 2964 9.
493 2931 518 2955 ιι
547 2908 836 2974 Interpunxi
871 2909 941 2959 ita
961 2910 1020 2958 ut
1040 2911 1250 2972 σχέτλιος
1274 2922 1387 2958 cum
1415 2908 1738 2971 indignatione

209 2981 608 3043 pronunciandum
641 2993 750 3030 esse
783 2991 1051 3028 monerem.
1082 3009 1143 3020 -
1184 2985 1255 3028 10.
1289 2977 1462 3027 suidas
1491 3000 1502 3026 :
1540 2979 1736 3036 αἴθοπα,

209 3051 294 3098 ἀντὶ
313 3057 391 3100 τοῦ
407 3053 639 3112 διάπυρον
653 3087 672 3108 ,
689 3048 1056 3112 φλεγμαίνουσαν
1070 3084 1084 3110 ,
1102 3060 1402 3109 versumque
1420 3047 1608 3096 recitat.
1627 3067 1652 3089 υ
1673 3050 1735 3096 Β.

207 3145 256 3153 -
286 3126 353 3168 tl.
383 3123 556 3183 Margo
585 3118 810 3169 Codicis:
848 3119 1096 3180 θαυμαστὴ
1134 3119 1164 3174 ἡ
1190 3121 1276 3165 τοῦ
1308 3118 1650 3179 ἐπιγράμματος
1673 3119 1741 3165 ἐν·

207 3207 294 3236 νοις.
319 3191 369 3237 ἐκ
405 3197 506 3239 τῶν
543 3188 792 3252 δραμάτων
827 3188 1111 3250 Μενάνδρου.
1151 3205 1176 3230 a
1209 3189 1388 3236 Sensus
1422 3201 1434 3228 ²
1472 3187 1598 3236 Nihil
1627 3186 1738 3236 inde

205 3258 400 3309 lucratus
419 3258 640 3320 est‚nisi
665 3258 801 3320 quod
819 3257 923 3320 ipse
949 3256 1156 3306 odiosus
1174 3255 1239 3306 sit
1273 3255 1464 3316 sactus,
1498 3255 1615 3304 dum
1651 3269 1740 3317 ego

206 3333 344 3378 tristis
375 3343 489 3379 sum
524 3329 592 3378 de
624 3329 789 3391 puella
812 3327 1023 3390 turpiter
1060 3327 1228 3375 loma.
1275 3326 1412 3374 Hanc
1451 3325 1741 3375 sententiam

206 3398 312 3446 satis
355 3399 513 3450 facete
544 3411 636 3462 per
672 3401 774 3448 tres
815 3396 1092 3446 fabularum
1136 3393 1534 3444 Menandrearum
1573 3394 1740 3443 titulos

202 3469 372 3517 extulit.
411 3473 470 3519 ln
507 3470 796 3530 Μισουμένῳ
821 3467 952 3516 euim
989 3463 1158 3528 primae
1189 3467 1352 3527 partes
1386 3468 1524 3514 erant
1544 3463 1738 3524 militis,

203 3537 276 3597 qui
305 3542 592 3600 portentosa
614 3537 848 3598 iactantia
878 3536 1056 3600 puellae
1073 3571 1087 3594 ‚
1112 3548 1258 3597 quam
1278 3532 1550 3596 deperibat,
1571 3533 1738 3583 odium

203 3606 246 3653 in
265 3621 312 3656 se
340 3609 634 3667 maelmin
661 3609 712 3657 in
743 3610 974 3669 Δυσκόὶῳ
999 3608 1164 3655 autem
1185 3603 1396 3654 hominis
1419 3605 1622 3667 alicujus
1643 3617 1744 3654 mo-

199 3679 283 3726 rosi
303 3683 348 3727 et
365 3679 642 3738 fastidiosi,
676 3680 904 3727 δυσιόλου
949 3677 1030 3724 καὶ
1055 3674 1316 3737 δυστρόπου
1335 3710 1348 3734 ,
1377 3675 1455 3723 cui
1482 3674 1742 3722 Smicrines

199 3759 374 3796 nunen.
411 3752 592 3812 Ipsum
615 3748 780 3796 lusum
798 3745 1054 3810 praeiverat
1075 3747 1252 3793 Fronto
1270 3745 1383 3803 ΧΠ,
1409 3743 1560 3808 epigr.
1582 3749 1688 3793 233.
1715 3763 1738 3786 υ

199 3817 296 3864 Aac.

249 3931 451 3980 ccxix.
491 3933 700 3980 Lemma
722 3947 740 3979 ι
767 3931 834 3986 εἰς
863 3929 1106 3985 Ῥοδόπην.
1137 3943 1198 3963 -ι-
1237 3933 1266 3976 2
1294 3927 1582 3990 περιδήριτην
1618 3927 1741 3987 (sic)

199 3999 326 4060 θοαὶ,
357 4001 682 4066 superposito
719 4015 818 4048 τον.
859 4017 884 4042 κ
917 3998 1045 4048 Dicit
1077 3995 1348 4059 difficilem
1372 3997 1424 4046 et
1456 3995 1742 4045 custodibus

193 4077 583 4144 circumseptam.
630 4081 826 4128 Incitat
868 4077 996 4127 enim
1025 4074 1284 4134 custodia,
1330 4073 1492 4135 inquit
1537 4071 1743 4121 Ovidius

195 4155 284 4198 Art.
315 4165 412 4200 am.
433 4154 533 4210 111,
573 4155 682 4209 601,
716 4151 770 4199 et

285 4263 395 4310 Qua
412 4259 554 4302 venit
573 4267 630 4302 ex
647 4259 752 4300 tuto
773 4255 922 4300 minus
935 4257 1004 4298 est
1024 4255 1208 4308 accepta
1227 4250 1448 4306 voluptas.
1486 4265 1506 4290 ν

193 4357 291 4404 Jae.
321 4383 380 4393 —-
405 4361 458 4406 4.
489 4356 668 4418 Φῶρια
693 4351 868 4402 suidas
901 4351 1012 4400 binc
1049 4349 1258 4412 petitum
1287 4345 1486 4408 exponit
1521 4347 1742 4410 λαθραῖα,

190 4429 452 4486 timum.
474 4425 634 4476 conf.
660 4436 738 4486 ep.
760 4427 870 4472 221.

241 4559 424 4616 CCXX.
457 4569 674 4615 Lemma
707 4585 721 4612 ε
753 4563 828 4611 ἐπί
857 4580 942 4611 τινι
963 4559 1237 4622 Κὶιοὸοὑλφ
1251 4560 1336 4617 τὴν
1364 4557 1602 4613 παλλάκην
1625 4557 1746 4606 ἀπο·

191 4638 396 4696 ιείριιντι.
437 4639 556 4686 Non
595 4633 912 4698 praestiterim
939 4629 1168 4694 equidem
1197 4627 1495 4678 confidenter
1525 4624 1636 4674 hoec
1665 4629 1747 4676 Ja-

191 4707 328 4756 eobffi
361 4728 374 4755 :
409 4727 434 4748 «-
475 4704 562 4755 Ad
593 4701 806 4754 eundem
847 4701 934 4766 qui
977 4701 1184 4765 puellm,
1225 4699 1288 4748 de
1319 4696 1494 4760 quain
1535 4709 1614 4758 ep.
1655 4701 1745 4747 218

191 4776 356 4837 agitur,
381 4775 600 4840 capillos
620 4773 906 4823 absciderat.
937 4774 1109 4820 Senem
1133 4767 1272 4815 illum
1299 4765 1448 4814 fuisse
1465 4762 1578 4813 hinc
1601 4764 1743 4815 intel-

191 4846 357 4908 ligitur,
387 4844 696 4897 Cleobulum
723 4843 947 4905 nomine,
991 4843 1042 4891 et
1091 4838 1296 4900 puellam
1336 4833 1670 4885 Rhodanthen.
1719 4857 1743 4880 n

193 4916 362 4966 Eadem
389 4913 650 4966 sententia
677 4912 996 4963 Boissouadii.
1032 4938 1088 4946 —
1126 4915 1144 4957 1
1174 4907 1280 4955 voci
1306 4904 1528 4967 θαλυκρὸν
1546 4901 1594 4951 ἰη
1626 4906 1746 4958 Cod.

195 4985 560 5051 superpositum
592 5000 666 5046 γρ.
689 4985 921 5048 μελιχρόν.
953 4980 1128 5031 suidas
1155 4977 1353 5040 exponit
1382 4975 1627 5037 διάπυρον,
1655 4974 1749 5026 hoc

397 5077 696 5117 maweu
724 5079 759 5114 ι.

3240 175 3352 233 145

1813 315 1961 353 versu
1993 306 2131 353 usus.
2164 331 2223 339 -
2257 310 2303 353 5.
2342 303 2499 361 Ξυνά,
2534 314 2646 365 quae
2676 302 2903 351 omnibus
2934 305 3051 351 sunt
3089 304 3363 351 communia

1815 373 2121 435 hominibus,
2149 373 2364 423 bumana
2388 377 2599 437 peccata.
2626 400 2688 407 —
2708 376 2735 422 7
2764 372 3033 435 ἀντίπατρος
3054 372 3175 421 Cod.
3208 393 3231 415 α
3266 375 3356 421 Re-

1814 444 1989 493 vocavi
2015 446 2239 493 veterum
2277 443 2544 492 editionum
2576 442 2864 505 scripturam
2892 456 2979 506 pro
3010 447 3204 506 recepta
3236 457 3363 491 nune

1813 512 2114 576 Ἂντίπατρος.
2140 518 2299 564 Lusus
2321 518 2397 565 est
2422 513 2707 581 perspicuus
2738 513 2788 561 in
2823 513 3122 576 oppositione
3150 513 3363 561 vocabu·

1815 584 1972 633 lorum
1999 586 2241 637 ἀντίπαλος
2274 587 2326 634 et
2362 586 2461 634 ἀντὶ
2490 584 2693 647 πατρὸς,
2723 584 2809 645 qui
2853 584 2992 631 lusus
3045 583 3231 633 diducit
3260 597 3360 632 mo·

1816 654 1955 704 deste
1970 654 2164 703 lectoris
2195 655 2349 716 labia,
2378 656 2525 717 idque
2552 654 2670 703 satis
2704 659 2794 703 est.
2825 654 3013 718 Scripta
3044 658 3327 717 Ἀντίπατρος
3346 691 3361 713 ,

1815 725 1957 787 quasi
1976 727 2107 775 esset
2124 738 2299 774 nomen
2321 726 2587 789 proprium,
2605 724 2664 775 fit
2690 724 2897 787 aeuigma
2922 724 3179 775 obscurius
3196 732 3249 775 et
3264 727 3361 775 fere

1816 808 1964 845 sensu
1981 809 2168 846 careus.
2191 814 2217 838 n
2243 799 2301 845 B.

1877 938 2087 987 CCXXI.
2122 939 2320 986 Lemma
2351 956 2363 983 :
2396 936 2695 999 ἐρωτομανές.
2730 955 2755 979 «ι
2788 936 2973 986 Furtivi
3004 937 3185 986 amoris
3214 937 3364 1000 impa-

1815 1006 1942 1056 tiens
1972 1010 2115 1069 poeta
2142 1007 2301 1069 palam
2318 1043 2331 1065 ,
2364 1005 2478 1055 licet
2520 1020 2633 1055 cum
2662 1005 2778 1055 vitoe
2811 1007 3026 1069 periculo
3040 1044 3057 1066 ,
3081 1021 3245 1057 amare
3270 1010 3365 1057 sta-

1817 1076 1930 1126 tuit.
1977 1096 2001 1119 ν
2038 1078 2151 1126 Jac.
2190 1103 2253 1113 —-
2278 1080 2305 1125 4
2345 1076 2596 1134 λησιπὸνου
2636 1076 2776 1135 cod..
2818 1076 3123 1139 superposito
3162 1095 3207 1126 υ.
3240 1077 3363 1125 Huic

1816 1145 1983 1195 versui
2008 1146 2140 1195 Plan.
2169 1144 2424 1195 substituit
2450 1158 2595 1195 suum
2622 1146 2770 1195 talem
2801 1167 2815 1194 ι

1940 1288 2111 1350 δράσας
2132 1290 2162 1346 ἢ
2185 1290 2312 1343 λέξας
2338 1288 2501 1351 ἐχθρὸς
2520 1287 2688 1349 ἔρωτος
2715 1288 2847 1351 ἀνήρ.

1877 1440 2114 1489 ccxxn.
2136 1440 2333 1488 Lemma
2363 1452 2375 1479 τ
2413 1441 2475 1495 εἰς
2494 1439 2735 1501 :aperiant-nv
2754 1443 2774 1502 (
2794 1438 2901 1501 sic)
2921 1440 3157 1502 τραγῳδὸν
3178 1440 3258 1487 καὶ
3289 1456 3361 1485 ιιι-

1821 1510 2103 1573 θαριστρίδα.
2134 1536 2197 1545 -
2228 1513 2247 1558 1
2288 1510 2467 1570 ἔχουσα
2493 1509 2631 1557 Plan.
2654 1536 2714 1545 —
2743 1514 2791 1558 3.
2848 1528 2873 1552 «ι
2918 1510 3171 1571 Ῥοίζημα,
3208 1508 3366 1570 gravis

1817 1578 2067 1641 tragoediae
2092 1577 2293 1641 spiritus
2323 1580 2376 1627 et
2407 1590 2576 1626 sonus.
2605 1578 2764 1627 Etiam
2793 1578 2843 1627 in
2871 1577 3087 1628 oratione
3122 1580 3267 1639 ῥοῖζος
3286 1580 3363 1625 καὶ

1816 1654 1997 1711 πνεῦμα
2025 1648 2266 1697 laudatur.
2292 1666 2318 1691 r»
2348 1649 2463 1697 Jac.
2486 1674 2546 1685 -
2576 1657 2605 1697 o
2634 1648 2899 1705 κάνεδίιιαζε
2922 1647 3217 1707 Ert‘urdtius,
3234 1646 3367 1710 quod

1817 1718 2141 1780 probaverunt
2168 1720 2472 1767 flet-mannus
2486 1755 2501 1778 ,
2532 1718 2726 1781 Reisig„
2758 1721 2863 1775 Jac,
2906 1720 2957 1767 et
2984 1720 3160 1775 Boiss.;
3198 1717 3368 1767 edeba-

1820 1790 1904 1836 tur
1930 1792 2015 1837 κᾶν
2034 1790 2211 1845 ἐδίκαζε
2226 1824 2239 1845 ,
2257 1787 2389 1849 quod
2407 1790 2577 1838 tenent
2608 1788 2835 1837 Scbaeser.
2871 1788 2933 1837 ad
2960 1789 3205 1851 Aristoph.
3237 1789 3364 1837 Plut.

1817 1872 1869 1921 p.
1907 1860 2159 1907 xxxvln
2190 1862 2241 1907 et
2270 1858 2573 1920 Peerlkamp.
2612 1862 2736 1907 Nov.
2786 1857 2907 1907 Bibl.
2947 1860 3055 1907 crit.
3088 1861 3173 1913 lv.
3204 1872 3251 1921 p.
3287 1866 3365 1919 50,

1821 1928 2065 1990 vertitque
2113 1928 2328 1977 Grotius.
2373 1954 2435 1963 -
2469 1933 2494 1978 7
2537 1934 2647 1990 σιγῇ
2686 1928 2821 1978 Plan.
2867 1931 2916 1978 et
2948 1929 3075 1983 Cod.
3100 1942 3136 1978 a
3166 1942 3239 1992 pr.
3276 1944 3365 1989 m.,

1821 2000 1930 2056 σιγή
1953 2012 1983 2047 a
2011 2011 2115 2048 sec.
2144 2018 2169 2041 «ι
2198 2000 2311 2059 Σιγῇ
2334 1998 2403 2059 ἐφ’
2420 1997 2593 2060 ὑμείων
2608 2034 2623 2058 ,
2648 1998 2856 2047 formula
2882 2012 2937 2047 ex
2958 2001 3168 2048 Homero
3184 1999 3335 2060 petita
3352 2036 3365 2055 ,

1822 2070 1884 2119 11.
1926 2071 1998 2131 Η,
2033 2076 2136 2120 195.
2172 2068 2396 2127 silentio,
2440 2068 2537 2129 ait,
2580 2082 2859 2132 premamus
2888 2083 3059 2119 vocem
3085 2068 3367 2119 admirantis

1821 2140 1999 2199 animi,
2030 2152 2091 2188 ne
2110 2139 2279 2189 audita
2308 2139 2528 2188 Bacchus
2560 2140 2784 2190 Ariadnae
2812 2140 2957 2203 liujus
2984 2141 3257 2203 amplexum
3282 2154 3367 2203 ap-

1820 2212 1972 2273 petat.
1996 2230 2019 2253 »
2054 2214 2167 2261 Jac.
2194 2236 2250 2247 -
2270 2215 2300 2261 8
2328 2209 2415 2271 ἔχῃ
2436 2210 2647 2259 Brunck.

1882 2353 2138 2403 CCXXIII.
2168 2350 2263 2401 Diu
2291 2354 2569 2415 exoptatam
2599 2351 2793 2399 noctem
2810 2353 2981 2400 nactus
3008 2352 3203 2401 tandem
3230 2357 3372 2415 poeta

1821 2422 2101 2472 Luciferum
2126 2425 2265 2485 rogat
2301 2425 2360 2472 ut
2386 2421 2565 2471 morari
2594 2421 2738 2470 valde
2782 2434 2987 2483 eamque
3012 2421 3267 2472 extendere
3294 2437 3371 2471 ve-

1822 2492 1894 2542 lit.
1925 2522 1987 2534 —
2016 2500 2065 2541 2.
2107 2512 2130 2534 «ε
2171 2495 2227 2542 Iu
2254 2493 2377 2542 coelo
2404 2491 2615 2541 Luciferi
2662 2494 2749 2540 aut
2791 2491 2993 2541 Veneris
3044 2493 3183 2541 stella
3217 2494 3371 2542 stelloe

1821 2562 1993 2612 Martis
2019 2561 2177 2611 vicina
2209 2566 2303 2611 est.
2343 2582 2369 2605 υ
2398 2565 2465 2612 Β.
2506 2588 2570 2598 -
2594 2565 2641 2610 3.
2672 2564 2838 2623 Margo
2866 2560 3059 2611 Codicis
3088 2576 3100 2604 =
3141 2564 3262 2619 ζήτει
3289 2566 3371 2620 τὴν

1822 2633 2033 2695 ῑστορίην
2077 2634 2178 2694 περὶ
2212 2638 2292 2691 τῆς
2334 2633 2594 2693 Κλυμένης.
2634 2650 2657 2673 e«
2708 2632 2835 2679 Nota
2874 2631 3038 2681 sabula
3078 2630 3141 2681 (le
3170 2632 3293 2681 Solis
3322 2637 3373 2683 et

1823 2703 2078 2765 Clymenes
2119 2701 2395 2759 amoribus3
2450 2700 2539 2750 sed
2572 2700 2771 2763 quinam
2819 2703 3011 2750 noctem
3040 2704 3149 2751 tum
3188 2716 3217 2751 a
3260 2704 3372 2753 Sole

1822 2774 2115 2833 protractam
2147 2786 2256 2821 esse
2286 2770 2540 2833 linxerint,
2568 2772 2619 2821 id
2636 2771 2769 2834 quod
2796 2784 2853 2821 ex
2886 2772 2981 2822 hoc
3008 2772 3115 2822 loco
3146 2780 3368 2837 apparet,

1822 2840 2005 2904 ignoro.
2026 2844 2225 2891 Nonnus
2250 2844 2523 2902 xxxvm,
2560 2846 2637 2891 131
2676 2854 2833 2904 seqq„
2866 2841 2948 2891 ubi
2977 2842 3232 2905 Clymenes
3257 2856 3371 2894 cum

1825 2911 1934 2960 Sole
1966 2911 2162 2974 nuptias
2190 2911 2421 2961 describit
2437 2951 2450 2970 ,
2479 2912 2755 2962 Luciferum
2782 2926 2977 2962 carmen
3010 2914 3225 2976 nuptiale
3254 2916 3373 2964 ceci-

1823 2981 1983 3040 nisse,
2005 2984 2190 3031 Lunam
2212 2983 2318 3031 sace
2334 2982 2619 3045 praeluxisse
2646 2985 2827 3032 narrat.
2863 3003 2887 3025 >s
2916 2985 3029 3032 Jac.
3052 3009 3112 3020 —
3129 2989 3159 3034 4
3210 3006 3232 3027 ·‹
3256 2987 3374 3036 Scri·

1824 3052 1899 3114 psi
1944 3053 2019 3102 szt’
2058 3053 2265 3110 ἀνιολίης
2314 3067 2403 3116 pro
2438 3053 2636 3116 vulgato
2668 3053 2767 3102 ἀπ’.
2820 3055 3033 3115 Lucifer,
3074 3059 3221 3106 noctu
3266 3071 3374 3106 oon-

1823 3125 2089 3187 templatus
2127 3125 2287 3174 Solem
2344 3138 2459 3174 cum
2512 3126 2743 3186 Clymene
2792 3125 3103 3176 recubantem
3116 3164 3129 3185 ,
3170 3141 3266 3176 non
3312 3129 3373 3177 ad

1825 3195 2062 3246 orientem
2088 3197 2432 3259 properaverat
2446 3232 2459 3256 ,
2491 3196 2577 3244 sed
2606 3197 2709 3258 περὶ
2732 3197 2881 3244 νύκτα
2917 3197 3143 3255 ἐδήθυνενι.
3169 3219 3190 3240 υ
3226 3203 3283 3248 11.
3316 3226 3374 3235 —

1826 3275 1873 3316 o.
1909 3267 2051 3316 Cous.
2082 3279 2159 3330 ep.
2193 3271 2370 3327 283,s.

1888 3401 2142 3451 ccxxw.
2178 3423 2241 3434 -
2274 3403 2315 3447 1.
2341 3398 2416 3447 Ad
2450 3399 2587 3456 λῆξαν
2618 3401 2723 3447 Jac.
2749 3412 2811 3448 ex
2846 3400 3063 3462 sequenti
3092 3415 3238 3451 versu
3265 3415 3372 3464 sup-

1827 3473 1927 3536 plet
1942 3471 2146 3536 βάλλων,
2170 3467 2415 3518 homerica
2434 3471 2681 3518 structura
2694 3507 2707 3528 ,
2729 3469 2973 3518 ὀΐστευσον
2996 3473 3254 3532 Μενελάου,
3276 3475 3371 3522 etc.

1829 3541 1923 3591 Cui
1949 3539 2079 3589 haud
2111 3539 2334 3588 consulto
2353 3538 2474 3588 satis
2502 3538 2736 3601 refragari
2768 3538 2964 3588 videtur
2988 3539 3140 3589 Boiss.
3186 3552 3197 3585 :
3224 3561 3246 3584 a
3270 3543 3377 3591 lmo

1829 3613 2079 3660 structura
2108 3611 2184 3657 est
2218 3621 2306 3670 per
2335 3621 2387 3656 se
2414 3607 2542 3655 bona
2571 3611 2622 3656 et
2661 3608 2861 3672 integra.
2894 3609 2971 3658 Sic
3020 3611 3079 3674 [ξ’]
3114 3625 3262 3673 supra
3293 3625 3369 3673 ep.

1829 3685 1914 3730 211
1948 3700 1959 3728 :
1984 3681 2113 3738 λήγω
2144 3677 2184 3727 δ’
2202 3677 2361 3726 οὔποτ’
2380 3678 2564 3740 ἔρωτος.
2593 3679 2663 3726 De
2685 3679 2849 3739 jecore
2878 3679 2993 3728 sede
3011 3682 3189 3730 amoris
3221 3682 3375 3730 multa

1829 3751 1939 3800 dedi
1960 3751 2009 3799 in
2040 3750 2257 3798 Nicetam
2282 3761 2331 3810 p.
2369 3753 2473 3797 162.
2508 3767 2531 3788 ι»

1893 3893 2124 3940 CCXXV.
2153 3893 2381 3939 Lemma:
2404 3891 2467 3944 εἷς
2488 3891 2635 3950 ἔρωτα
2651 3925 2665 3949 ,
2686 3890 2761 3937 διὰ
2781 3891 2837 3937 τὸ
2856 3891 3002 3938 πολλὰ
3022 3892 3220 3954 πάσχειν
3243 3894 3376 3942 ἕνεκα

1830 3969 1910 4020 τῆς
1930 3964 2173 4024 ἐρωμένης.
2196 3989 2257 3998 —-
2288 3965 2330 4010 1.
2362 3959 2501 4009 Conl'.
2532 3961 2676 4008 Hom.
2702 3963 2771 4019 ll,
2800 3962 2857 4020 Ε,
2886 3965 2994 4010 339.
3014 3987 3077 3996 --
3103 3966 3132 4011 3
3152 3965 3276 4024 sitm.
3299 3977 3375 4013 su-

1830 4032 2073 4096 perposito
2104 4035 2137 4091 ὶ,
2175 4030 2298 4080 Cod.
2338 4059 2399 4071 -
2435 4034 2483 4079 4.
2510 4029 2779 4092 Respicitur
2810 4029 2874 4078 ad
2915 4031 3060 4080 Hom.
3087 4030 3143 4080 ll.
3175 4037 3232 4093 Δ,
3268 4039 3374 4084 218.

1833 4102 2080 4160 Δευομένῳ
2100 4135 2113 4160 ,
2131 4100 2235 4149 scil.
2266 4099 2435 4148 αὐτῶν.
2466 4125 2529 4135 -
2556 4106 2601 4148 5.
2636 4119 2658 4141 «ι
2692 4101 2764 4148 De
2788 4099 3000 4162 Telepho
3028 4100 3136 4150 ride
3163 4115 3238 4164 ep.
3268 4109 3375 4162 29¹,

1834 4179 1892 4224 53
1936 4171 2035 4218 not.
2085 4169 2149 4218 ad
2194 4169 2347 4219 Nicet.
2384 4171 2564 4233 Eugen.
2605 4183 2651 4232 p.
2708 4175 2817 4226 ¹663
2856 4170 3025 4220 Bebot.
3060 4173 3302 4234 Apophor.
3334 4176 3375 4233 1,

1831 4257 1876 4293 c.
1906 4250 1953 4292 2.
1980 4263 2003 4285 υ
2042 4244 2104 4291 B.

1895 4384 2151 4432 (CXXVI.
2199 4383 2399 4431 Lemma
2442 4401 2455 4428 ι
2490 4382 2565 4428 ἐπὶ
2606 4381 2821 4429 ὑποθέσει
2860 4381 3076 4444 ἐρωτικῇ.
3121 4411 3179 4424 -
3212 4389 3257 4432 2.
3304 4384 3380 4432 Sic

1835 4455 2041 4504 Plautus
2072 4453 2271 4501 Trucul.
2302 4454 2344 4513 1,
2364 4465 2435 4500 sc.
2462 4455 2503 4511 1,
2525 4457 2583 4499 22
2618 4471 2629 4499 ι

1936 4585 1983 4627 Sl
2000 4583 2137 4628 semel
2156 4582 2323 4626 amoris
2346 4582 2562 4638 poculum
2583 4582 2753 4636 accepit
2771 4593 2915 4635 mere,

1942 4647 2091 4698 anue
2111 4643 2231 4685 lutra
2250 4647 2408 4698 pectus
2420 4654 2469 4686 se
2494 4644 2745 4699 penetravit
2767 4643 2907 4699 potio.

1835 4794 1896 4803 -
1922 4771 1951 4814 3
1974 4767 2086 4821 ὄπνιι
2110 4765 2252 4824 Cod.;
2285 4767 2393 4816 ὅποι
2421 4767 2555 4815 Plan.
2578 4793 2637 4802 --
2659 4772 2701 4816 (ι.
2733 4788 2754 4811 n
2783 4768 2907 4817 Hinc
2932 4769 3204 4830 catalogum
3227 4771 3383 4818 Vene-

1809 4850 1945 4886 ·rum
1982 4848 2157 4898 augere
2211 4839 2403 4899 poterat
2440 4837 2728 4887 Larcherus.
2774 4839 2975 4888 Veneris
3015 4837 3242 4888 Placide&
3289 4841 3383 4899 (an

1836 4906 2149 4969 Μειλιχίαςέ)
2188 4907 2424 4970 templum
2460 4913 2757 4958 memoratur
2794 4925 2823 4958 a
2856 4911 3011 4972 Gyllio
3054 4913 3126 4958 De
3170 4910 3384 4972 Bosporo

1838 4983 1902 5040 11,
1935 4993 1978 5028 c.
2006 4985 2035 5028 6
2053 5017 2066 5039 ,
2100 4993 2155 5028 ex
2183 4979 2395 5042 Dionysii
2419 4980 2631 5042 Byzantii
2659 4981 2853 5044 Anaplo.
2896 5003 2919 5023 ι»
2954 4983 3009 5031 Β.
3049 5009 3106 5017 -
3132 4989 3176 5029 5.
3202 4999 3225 5022 «
3258 4981 3384 5029 Κεῖθι

3124 5068 3172 5110 lo
