3829 5747
1331 227 1405 288 IN
1446 227 1691 288 CAPUT
1731 227 1833 288 vll
1875 230 2325 302 ANNOTATIO.

234 348 399 402 labum
416 348 709 415 phaloecium
735 353 957 417 sequitur
992 313 1162 407 versus
1180 360 1256 407 est
1281 361 1585 420 asynartetus
1610 372 1670 408 ex
1693 361 1767 409 te·

235 426 467 473 trametro
508 423 748 486 dactylico
798 427 849 474 et
886 426 1043 474 tribus
1076 426 1321 488 trochaeiS‚
1371 430 1473 479 sive
1507 429 1773 492 dactylicus

234 491 573 552 archilochius,
604 493 761 555 qualis
785 495 1090 555 HoratianuS‚

335 621 535 666 solvitur
562 623 676 666 acris
694 623 834 668 hiems
851 629 975 680 grata
992 626 1089 671 viee
1109 629 1225 672 veris
1252 631 1297 672 et
1319 629 1498 672 Favoni.
1522 645 1541 669 ι

234 739 397 788 Boiss.
424 745 527 788 -1
556 741 751 802 opaeum
772 742 875 791 cod
898 759 912 799 ς
940 745 1143 807 Θρεΐσσᾳ
1164 748 1282 795 vett.
1316 747 1427 796 edd.
1468 747 1690 805 Theocr„
1722 752 1772 798 et

232 809 303 855 sic
330 807 595 870 edebatur3
626 813 841 874 θραΐσσα
864 813 1092 874 Ahrens.,
1116 835 1139 858 ιι
1168 817 1300 877 quod
1327 817 1501 878 gentile
1528 821 1771 867 testantur

232 877 399 940 Steph.
440 880 554 940 Byz.
606 882 658 929 et
699 879 990 944 Theognost.
1037 885 1156 934 Can.
1212 899 1261 948 p,
1319 891 1391 946 17,
1436 895 1517 948 123
1552 895 1631 948 99,
1682 898 1768 949 25;

231 951 427 1010 propter
458 951 669 998 metrum
711 952 947 1001 Leonidas
981 953 1185 1015 primam
1220 956 1467 1020 corripuit.
1502 978 1525 1000 n
1556 960 1769 1010 neem.

230 1021 269 1076 1,
298 1033 349 1081 p.
385 1025 488 1068 155.
514 1047 577 1061 -·
604 1027 651 1069 2.
683 1021 842 1070 Verba
882 1023 958 1071 ἐπὶ
980 1029 1039 1084 τᾷ
1062 1025 1156 1086 ὀδῷ
1188 1039 1387 1089 prorsus
1415 1028 1597 1077 intacta
1622 1029 1765 1077 relin—

228 1090 389 1151 quunt
414 1088 575 1139 eximii
628 1089 809 1150 critici,
842 1091 973 1152 quod
1006 1093 1155 1143 miror
1198 1108 1311 1144 cum
1368 1099 1599 1156 nochero,
1641 1099 1724 1160 qui
1754 1117 1765 1146 :

233 1178 256 1200 κ
281 1161 561 1208 Extremam
592 1161 783 1209 articuli
818 1163 1032 1212 vocalem
1070 1167 1120 1213 et
1158 1166 1359 1228 primam
1393 1166 1681 1217 substantivi
1720 1169 1768 1216 in

228 1243 378 1279 unam
401 1230 635 1292 syllabam
664 1233 929 1283 coalescere
956 1235 1005 1282 in
1036 1236 1257 1285 versibus
1277 1241 1433 1298 poetae
1461 1238 1625 1288 doctae
1662 1239 1763 1288 ele-

226 1301 403 1364 gantiae
426 1300 767 1352 studiosissimi
791 1317 933 1365 posse
951 1305 1033 1354 vix
1058 1305 1275 1356 adducor
1304 1311 1359 1357 ut
1378 1309 1587 1368 credam,
1613 1323 1767 1372 eoque

226 1372 391 1420 minus
406 1371 537 1433 quod
555 1372 667 1421 lizec
680 1373 873 1423 licentia
895 1377 1170 1426 cumulatur
1191 1378 1407 1427 alteram
1433 1392 1575 1428 versu
1604 1381 1767 1438 tertio,

231 1440 313 1489 nbi
340 1441 498 1490 vocali
522 1441 677 1505 prima
708 1445 1059 1506 praepositionis
1092 1446 1209 1496 elisa
1249 1447 1557 1497 scribendum
1588 1448 1713 1498 foret
1737 1449 1769 1497 ἅ

320 1512 329 1524 .
382 1511 397 1529 .
448 1512 463 1536 ,
512 1514 525 1526 .

228 1581 433 1631 ferenda
473 1581 685 1632 videtur.
729 1584 1073 1647 corrigendum
1107 1599 1281 1636 censeo
1320 1589 1375 1636 τὸ
1408 1590 1547 1649 μνᾶμ’
1578 1590 1671 1638 ὑπὸ
1709 1595 1769 1652 τᾷ

225 1653 347 1712 δρυΐ.
378 1673 401 1694 »³
417 1678 479 1688 —
497 1658 529 1703 3
552 1653 638 1706 ἕξει
662 1656 713 1703 et
740 1654 1009 1703 ἄντε-κείνων
1044 1654 1184 1713 ood.;
1219 1657 1311 1712 ἑξεῖ
1330 1657 1413 1713 τὴν
1440 1659 1573 1720 χάριν
1596 1661 1627 1715 ἡ
1651 1661 1765 1718 γιιννὶι

224 1722 324 1770 ἀντὶ
348 1724 503 1779 τήνων
533 1726 655 1772 vett.
684 1722 796 1772 edd.
821 1724 1088 1784 Theocriti,
1112 1745 1134 1766 «ι
1167 1727 1264 1774 ἀντὶ
1277 1727 1427 1783 τήνων
1449 1728 1597 1777 etiam
1625 1729 1763 1778 Gais-

226 1791 351 1840 i'ord.
372 1793 436 1842 ad
461 1792 705 1855 Hephaest.
731 1807 777 1856 p.
795 1798 901 1842 343.
923 1814 947 1836 υ
966 1797 1078 1844 lac.
1102 1798 1224 1845 nott.
1245 1809 1361 1844 mss.
1386 1799 1439 1844 ln
1458 1795 1535 1846 his
1548 1811 1762 1859 quoque,

223 1861 321 1909 ἀντ’
349 1863 539 1911 ἐκείνων
558 1863 625 1911 ὧν
645 1876 734 1926 pro
751 1863 845 1912 ἀνθ’
867 1864 949 1923 ὧν,
976 1864 1026 1913 id
1052 1868 1128 1914 ost
1160 1867 1249 1923 ὅτι,
1276 1880 1370 1915 non
1396 1869 1578 1916 temere
1606 1867 1762 1917 offen»

221 1930 296 1979 dit
314 1932 583 1982 fleckerus.
611 1958 671 1969 —
693 1937 723 1982 4
758 1935 914 1997 ἔθρεψε
938 1936 1075 1996 τιμὰν
1111 1935 1175 1982 ἔτι
1206 1937 1411 1996 χρησίμα
1432 1938 1639 1985 τελευταὶ·
1666 1939 1762 1987 Co·

217 2000 346 2058 dex:
373 2004 523 2065 ἔθρεψ’
548 2005 613 2053 ἔτι
638 2006 727 2066 μὴν
746 2004 811 2052 ἔτι
852 2005 1056 2066 χρησίμη
1081 2007 1286 2054 καλεῖται
1314 2005 1425 2057 edd.
1452 2009 1572 2056 vett.
1600 2008 1759 2058 Theo—

220 2071 349 2121 criti.
398 2073 617 2122 Praesens
644 2075 831 2136 τελευτᾷ
856 2087 945 2135 pro
981 2074 1229 2137 praeterito
1250 2113 1263 2136 ,
1306 2079 1363 2125 ut
1390 2089 1521 2140 saepe
1546 2077 1763 2128 vidimus

218 2141 414 2195 θνήσκει
433 2143 484 2189 et
510 2141 702 2200 similia,
736 2140 933 2190 collecta
955 2155 984 2190 a
1012 2142 1235 2192 Jacobsio
1262 2142 1324 2193 ad
1352 2157 1427 2207 ep.
1456 2149 1563 2203 207,
1596 2151 1641 2195 5.
1671 2147 1761 2201 Qui

219 2207 301 2256 mc
342 2207 633 2270 conjiciebat
693 2209 857 2272 ἔθρεψ’·
892 2211 949 2258 ἔτ
964 2227 992 2258 υ
1010 2211 1057 2270 μ’
1071 2211 1146 2258 ὧν
1183 2211 1251 2259 ἔτι
1284 2212 1499 2274 Χρησίμα
1538 2215 1727 2275 τελευτᾷ
1747 2251 1760 2274 ,

219 2299 243 2320 ιι
271 2291 469 2328 revera
501 2281 713 2328 nomine
742 2279 835 2329 illo
862 2283 909 2328 et
947 2280 1130 2340 laude,
1161 2295 1265 2344 qua
1306 2285 1431 2331 viva
1463 2282 1755 2344 fruebatur.

214 2351 385 2397 etiam
401 2361 538 2398 nunc
553 2352 672 2412 post
690 2348 806 2410 sata
834 2349 1051 2412 fruitur.
1082 2351 1377 2401 monimento
1402 2351 1610 2411 scilicet,
1630 2353 1762 2415 quod

212 2418 449 2466 domnus
464 2418 509 2466 ei
526 2432 639 2468 cum
652 2419 963 2482 inscriptione
982 2421 1198 2482 Χρησίμα
1216 2420 1391 2482 posuit.
1412 2440 1436 2464 υ
1456 2425 1761 2473 Hermannus

214 2492 272 2537 et
294 2487 507 2536 Meinek.
540 2500 590 2549 p.
626 2490 731 2547 137,
761 2489 937 2551 ἔθρεψε·
970 2489 1015 2537 τί
1035 2491 1157 2552 usim
1188 2491 1279 2538 ὅτι
1312 2492 1529 2553 Χρησῖμα
1550 2495 1755 2556 τελευτᾷ.

214 2561 341 2613 Quas
375 2561 509 2607 recte
546 2558 789 2607 Heckerus
812 2578 835 2598 α
865 2561 1061 2608 veretur
1090 2564 1147 2608 ut
1171 2573 1287 2609 vera
1318 2561 1383 2610 sit
1420 2559 1705 2612 emendatio.
1734 2583 1757 2606 ν

214 2627 515 2676 Boissonadii
539 2631 615 2677 est
640 2627 772 2689 quod
800 2627 1039 2687 dedimus,
1080 2628 1188 2678 haec
1217 2631 1491 2679 annotantis
1522 2651 1533 2679 ε
1560 2651 1583 2672 «ι
1613 2633 1760 2682 inlel-

211 2697 307 2759 ligo
338 2697 490 2747 finem
520 2697 660 2760 longe
681 2699 872 2748 diverso
900 2699 1041 2749 modo
1060 2713 1204 2762 quam
1232 2701 1453 2750 fecerunt
1480 2703 1558 2751 alii
1586 2717 1599 2745 ι
1632 2705 1757 2766 qiud

210 2769 395 2818 tamen
422 2771 656 2817 mot-itur
694 2782 806 2833 quae
835 2769 1010 2822 adhuc
1042 2771 1187 2824 utilis
1216 2785 1321 2823 esse
1345 2774 1555 2838 poluit?
1580 2775 1759 2828 Forsan

210 2841 422 2894 τελεύτα.
446 2859 473 2887 n
507 2837 775 2893 Ahreusius
806 2861 817 2893 ε

333 2971 431 3023 ἑξεῖ
446 2970 527 3017 τὰν
542 2972 557 3028 (
571 2968 685 3019 fort.
703 2987 775 3019 τοι
792 2972 809 3031 )
826 2968 959 3034 χᾶριν
975 2973 1007 3021 ὰ
1018 2973 1079 3021 δὺ
1095 2991 1120 3018 ν
1146 2973 1245 3021 ἀντὶ
1261 2976 1430 3035 τήνων,

335 3040 405 3087 ὧν
428 3039 509 3088 τὸν
534 3044 683 3102 κῶρον
702 3041 854 3104 ἔθρεψ’
886 3042 951 3090 ἔτι
981 3043 1091 3104 μὰν,
1113 3042 1183 3091 ὅτι
1202 3044 1412 3106 χρησίμα
1436 3046 1661 3095 καλεῖται.

270 3177 535 3227 DCLXIV.
561 3177 619 3225 ln
647 3174 825 3225 Codice
850 3175 955 3226 sine
988 3178 1181 3227 nomine
1208 3178 1366 3241 poetae
1385 3217 1397 3238 ‚
1436 3178 1522 3228 sed
1540 3180 1755 3241 proxime
1798 3196 1805 3253 1

210 3246 439 3310 sequenti
462 3245 797 3309 epigrammati
825 3246 1122 3310 adscriptum
1145 3253 1227 3298 τοῦ
1249 3250 1391 3299 αὐτοῦ
1430 3251 1681 3309 Λεωνίδου,
1706 3252 1761 3299 ut
1798 3262 1805 3331 1

1798 3342 1804 3427 l
1905 3376 2179 3425 ncnxvu.
2209 3376 2439 3425 Lemma:
2464 3377 2528 3431 εἰς
2553 3374 2844 3437 Ἀμαζονίδα
2861 3378 2877 3437 (
2893 3376 2986 3435 sic)
3015 3379 3100 3436 τὴν
3129 3380 3388 3441 Quum„

210 3316 445 3367 Leonidae
469 3329 577 3365 esse
610 3314 705 3365 hoc
742 3329 936 3378 quoque
961 3320 1215 3379 appaream
1237 3332 1297 3367 ae
1321 3319 1517 3381 asapius,
1542 3319 1760 3381 pluribus

210 3400 317 3435 sese
338 3385 698 3449 epigrammatis
722 3384 937 3447 ejusdem
964 3386 1176 3436 auctoris
1200 3388 1551 3451 excipientibus
1582 3388 1631 3437 in
1662 3392 1755 3439 Co-

208 3456 337 3515 dice,
364 3470 547 3505 nomen
568 3456 619 3504 in
634 3455 777 3505 titulo
797 3454 1053 3504 omittitur.
1078 3473 1101 3497 α
1130 3456 1295 3505 Paullo
1320 3458 1482 3505 tamen
1502 3457 1761 3520 simplicior

209 3528 367 3577 oratio
380 3538 532 3588 quam
552 3536 636 3585 pro
656 3523 881 3573 Leonidae
906 3524 1111 3587 ingenio.
1131 3544 1155 3567 υ
1171 3527 1284 3574 lac.
1307 3527 1409 3574 Hoc
1421 3538 1615 3587 quoque
1636 3528 1761 3579 inter

206 3594 502 3647 Theocritea
541 3594 731 3657 legitur,
756 3606 837 3655 ep.
884 3600 939 3645 19
977 3594 1139 3657 vulgo,
1176 3599 1234 3644 24
1273 3594 1387 3643 Ahr.
1418 3598 1617 3645 Lemma
1654 3618 1666 3645 t
1698 3601 1760 3654 εἰς

208 3668 503 3730 Ἀρχίλοχον.
540 3666 649 3715 Ἐπὶ
677 3665 807 3725 αὐτῷ
828 3666 917 3724 (an
933 3669 1000 3725 τῷ
1020 3666 1183 3725 aere?
1206 3664 1381 3713 eodem
1409 3663 1590 3714 scilicet
1612 3671 1760 3728 atque

206 3736 255 3785 in
283 3734 597 3799 proeoedente
608 3734 963 3797 epigrammate.
996 3736 1193 3794 Boi-ss.)
1226 3736 1510 3797 τετραμέτρῳ
1526 3736 1760 3799 τρίμετρον

208 3809 311 3867 ἄρτι
330 3808 429 3869 (au
456 3806 639 3867 dpttov?
671 3805 866 3863 Boiss.)
890 3806 969 3852 καὶ
994 3804 1163 3860 σκάζον
1190 3804 1244 3853 τὸ
1259 3805 1549 3866 ἀρχιλὸχειον
1567 3808 1757 3865 ὁμοίως.

210 3900 230 3917 ··
250 3881 379 3935 Quae
408 3878 651 3938 postrema
672 3888 769 3923 non
794 3874 1021 3937 intelligo.
1053 3877 1241 3924 Versus
1260 3880 1287 3923 3
1317 3878 1367 3923 et
1399 3882 1427 3924 6
1453 3876 1641 3926 iambici
1668 3878 1755 3926 tri-

206 3947 353 3997 metri
380 3948 499 3995 sunt
525 3944 803 3995 catalectici.
836 3964 859 3987 »a
888 3948 945 3993 B.
971 3971 1034 3981 —
1058 3948 1097 3993 1.
1127 3947 1281 4006 iunge
1308 3946 1571 4007 Ἀρχίλοχον
1588 3948 1751 4009 εἰσιδε,

206 4030 303 4064 usu
328 4028 485 4077 snpra
498 4016 596 4077 jam
620 4014 873 4077 aliquoties
890 4012 1239 4063 animadverso.
1266 4040 1324 4048 —
1346 4019 1373 4063 3
1402 4014 1505 4063 πότ’
1527 4017 1599 4064 ἀῶ
1614 4018 1757 4080 Cod.;

204 4090 319 4148 πρὸς
358 4086 437 4132 ἀῶ
454 4084 565 4133 edd.
600 4083 857 4135 Theocriti.
898 4084 1059 4133 Νύκτα
1088 4083 1150 4133 de
1184 4096 1388 4141 occasu,
1417 4097 1503 4146 pro
1528 4086 1674 4135 δύσιν.
1697 4113 1759 4122 -

203 4160 231 4203 ⁴
250 4173 329 4217 μιν
356 4157 477 4203 vett.
508 4154 619 4203 edd.
640 4153 862 4210 Theocr.;
894 4156 1068 4201 Μοῖσαι
1097 4152 1197 4203 duo
1214 4151 1320 4201 libri
1343 4152 1547 4202 Theocr.
1571 4174 1593 4195 α
1615 4156 1759 4212 Quod

206 4221 561 4273 Archilochum
589 4224 756 4285 Apollo
786 4235 973 4271 amasse
1014 4221 1213 4280 dicitur,
1243 4222 1449 4271 fortasse
1481 4223 1761 4285 simpliciter

201 4294 267 4342 de
297 4292 495 4356 poetica
538 4292 769 4341 facultate
816 4291 1147 4354 accipiendum
1192 4292 1301 4349 est;
1349 4290 1555 4341 sortasse
1592 4294 1759 4341 tamen

202 4366 403 4424 spectat
430 4364 595 4411 notam
634 4361 765 4411 illam
801 4361 1013 4410 fabulam
1051 4360 1114 4409 de
1158 4360 1389 4423 Apollinis
1415 4360 1462 4409 in
1490 4361 1759 4411 Archilochi

204 4442 549 4492 percussorem
575 4429 675 4487 ira:
694 4429 825 4479 conf.
846 4428 1093 4490 wyttenb.
1135 4428 1197 4477 ad
1225 4430 1345 4479 l‘lut.
1380 4432 1451 4478 De
1485 4444 1593 4479 sera
1618 4444 1755 4481 num.

204 4500 343 4549 vind.
372 4514 425 4562 p.
444 4504 523 4549 81.
552 4520 577 4542 1·
598 4501 707 4548 Jac.
738 4524 799 4535 -—
816 4507 843 4549 5
869 4500 1049 4559 ἐγένετο
1066 4500 1222 4555 κήπιδ.
1246 4500 1387 4557 Cod.;
1410 4500 1565 4559 ἔγεντο
1593 4502 1752 4549 niune.

202 4570 319 4618 uid.
342 4568 553 4617 Theocr.
574 4594 636 4611 --
658 4577 687 4618 6
708 4569 847 4617 ints«
867 4568 965 4629 (sic
978 4578 993 4625 y
1014 4567 1155 4626 Cod.‚
1186 4568 1271 4617 sed
1290 4587 1315 4617 τ
1334 4582 1547 4618 erasum.
1566 4590 1589 4613 «ι
1617 4573 1756 4620 Hanc

206 4652 387 4688 vocem
428 4638 839 4702 interpretandam
866 4641 984 4701 puto
1021 4650 1163 4686 carm
1172 4640 1260 4687 ina
1292 4639 1532 4702 eleymon,
1567 4640 1629 4690 de
1659 4656 1760 4704 quo

212 4724 313 4759 usu
344 4710 451 4773 jam
478 4708 559 4758 alii
584 4710 893 4760 contulerunt
919 4706 1181 4771 Theognid.
1217 4713 1287 4769 19,
1318 4717 1396 4770 22,
1425 4712 1654 4761 llerodot.
1694 4714 1755 4773 V,

214 4785 321 4838 113,
356 4782 458 4829 etc.
490 4800 513 4821 ν
534 4778 753 4828 Becker.
784 4782 823 4833 1.
858 4793 905 4842 p.
940 4782 1016 4828 39.

274 4914 509 4962 ochxv.
543 4914 739 4963 Lemma
769 4931 780 4961 ι
802 4915 864 4969 εἰς
882 4914 1134 4977 Πρόμαχον
1154 4914 1373 4977 ναυαγὸν.
1408 4917 1547 4974 Ζήτει
1573 4918 1757 4979 μήποτε

208 4986 295 5033 δύο
315 4985 439 5033 εἰσὶν
456 4983 779 5047 ἐπιγράμματα
796 4984 895 5033 ἀνθ’
912 4986 1027 5041 ἑνός.
1048 5004 1071 5028 κ
1092 4989 1213 5043 Quoe
1226 4986 1385 5049 inepta
1400 4990 1478 5037 ost
1490 4988 1717 5051 suspicio.
1731 5008 1757 5033 ν

3281 260 3398 323 499

1862 363 1970 414 Jac.
2000 370 2236 422 Accumte
2268 373 2331 425 de
2355 376 2446 427 boc
2473 379 2816 444 epigrammate
2855 385 2953 450 egit
2979 389 3201 451 Unger-us
3233 392 3396 443 Beier.

1861 447 1910 496 p.
1937 440 2068 488 841.
2094 466 2155 478 -
2187 448 2205 491 1
2229 449 2436 496 vaurtim
2463 451 2580 500 cod.
2613 455 2782 504 Βαθεῖα
2799 461 2938 518 ναῦς,
2968 459 3188 520 opposita
3211 459 3396 523 lonqae,

1861 507 1938 553 est
1967 510 2176 561 rotundo
2189 550 2202 572 ‚
2243 519 2475 579 oneraria,
2515 521 2754 583 profundo
2781 527 2834 574 et
2857 527 3020 588 capaci
3054 528 3191 578 alveo
3219 531 3394 593 gravis.

1864 593 1886 615 «ι
1908 576 2033 659 lilale
2049 581 2266 632 Reiskius
2296 588 2506 650 βραχείῃ.
2531 591 2580 640 Si
2605 592 2724 654 quid
2747 595 3036 646 mutandum
3054 634 3068 656 ,
3096 599 3281 648 scribas
3306 603 3394 663 βα·

1860 660 1973 707 ρειῃ.
2014 649 2180 700 Pollux
2201 656 2240 715 l,
2270 661 2328 706 82
2357 673 2368 698 =
2393 662 2536 708 πλοῖα
2563 664 2896 725 στρογγύλα....
2933 668 3112 727 λέγεται
3131 670 3180 717 δὲ
3208 673 3288 719 καὶ
3318 673 3399 734 βα-

1860 722 1957 776 ρεῖα
1991 726 2125 781 ναῦς,
2153 730 2442 788 σιταγωγὸς,
2476 729 2642 792 φορτίς·
2686 737 2804 782 103:
2836 736 2950 793 ἐρεῖς
2983 736 3032 785 δὲ
3065 743 3235 798 κοῦφαι
3264 745 3396 798 νῆες,

1860 787 2040 847 βαρεῖαι
2081 797 2198 849 νῆες.
2238 814 2260 838 ι»
2301 800 2477 858 Unqer.
2517 827 2578 834 ——
2605 797 2796 860 3’·.τνοιὴ
2825 805 2924 864 ἅμα
2951 807 3054 855 cod
3101 808 3396 859 Brunckium

1858 867 1970 905 vere
1995 863 2258 912 correxisse
2284 869 2421 916 extra
2451 881 2641 920 omnem
2671 871 3018 924 dubitationem
3049 877 3208 937 posuit
3231 880 3393 941 Unge-

1858 937 1958 974 rus.
1995 930 2130 979 Unus
2157 930 2239 981 hic
2275 934 2422 985 ssatus
2461 938 2920 992 vehementissimus
2960 947 3152 994 tantum
3187 946 3394 997 fluctum

1857 1000 2143 1058 commovit,
2169 1002 2256 1064 qui
2283 1019 2378 1054 uno
2403 1005 2585 1070 impetu
2619 1013 2772 1060 totam
2805 1026 2975 1062 navem
2995 1015 3251 1063 Promaclii
3283 1030 3395 1064 cum

1858 1067 2132 1118 vectoribus
2171 1071 2468 1126 demerserit.
2515 1080 2694 1129 Contra
2735 1087 2916 1130 ναυτῶν
2955 1085 3248 1132 mentionem
3282 1099 3396 1147 quse

1856 1135 2076 1198 disputat
2111 1143 2327 1205 Ungerus
2357 1144 2550 1196 subtilia
2583 1153 2714 1208 sunt,
2751 1165 2847 1200 non
2881 1165 3025 1212 νοτες
3061 1155 3228 1210 ναύτας
3263 1155 3394 1206 idem

1857 1207 1932 1254 est
1976 1219 2032 1256 ac
2073 1211 2244 1267 πάντας
2284 1215 2389 1270 τοὺς
2433 1219 2483 1264 ἐν
2525 1224 2583 1280 τῇ
2623 1222 2716 1280 νηΐ,
2757 1233 2962 1282 quorum
3002 1235 3156 1270 unum
3195 1227 3389 1274 Prema-

1856 1274 2000 1324 cbum
2029 1283 2164 1330 curat
2207 1286 2364 1345 poeta,
2399 1299 2550 1334 unum
2593 1289 2798 1338 sortasse
2840 1303 2988 1353 quem
3023 1295 3204 1354 patrio
3243 1294 3392 1344 littori

1856 1343 1988 1394 unda
2018 1348 2218 1410 appulit.
2259 1354 2364 1401 Non
2399 1357 2658 1416 persuadet
2687 1358 2762 1407 vir
2787 1359 3100 1410 doctissimus
3134 1363 3394 1412 Leonidam

1858 1415 2110 1478 scripsisse
2129 1425 2257 1480 κῦμα
2278 1423 2318 1470 δ’
2345 1424 2402 1471 ἓν
2431 1425 2577 1482 ἄτης
2599 1427 2763 1485 ἁθρόον
2803 1431 2910 1490 (τὸν
2940 1431 3223 1493 Πρόμαχον)
3256 1433 3391 1481 ἐστυ-

1854 1485 2044 1544 φέλιξεν,
2089 1489 2340 1540 conserens
2381 1497 2495 1544 noia
2529 1495 2782 1559 AEsehylea
2824 1506 3018 1557 στυγνῆς
3056 1503 3170 1563 πρὸς
3194 1503 3395 1564 κύμασιν

1855 1553 1964 1632 {rm
1998 1554 2016 1614 (
2032 1557 2190 1606 Prom.
2223 1559 2364 1620 911),
2396 1575 2509 1623 quae
2540 1563 2695 1614 aliena
2713 1566 2775 1616 ab
2800 1566 2895 1616 hoc
2916 1569 3261 1632 epigrammate
3287 1584 3396 1622 ora-

1853 1625 1923 1670 tio
1951 1625 2043 1673 est.
2067 1651 2130 1661 —
2159 1630 2204 1675 4.
2243 1648 2267 1671 ι
2297 1630 2441 1686 Κοίλη
2461 1633 2539 1687 ἃλς
2566 1637 2642 1684 est
2673 1649 2806 1686 mare
2833 1635 3117 1698 dehiscens,
3134 1640 3270 1702 quod
3301 1641 3394 1691 do·

1852 1695 1966 1742 cent
1991 1693 2272 1758 interpretes
2297 1701 2506 1751 Pollucis
2529 1705 2570 1762 1,
2615 1709 2716 1756 108.
2747 1706 2872 1757 Vide
2898 1709 3143 1759 Wernick.
3179 1709 3244 1760 ad
3267 1714 3396 1774 Try-

1852 1761 2016 1824 phiod.
2044 1771 2150 1823 212,
2179 1780 2227 1829 p.
2253 1776 2355 1818 ⁹22.
2378 1773 2599 1827 Quocum
2632 1779 2964 1838 comparatum
2990 1781 3153 1838 πολιὴν
3185 1779 3393 1832 fortasse

1852 1844 1940 1893 per
1967 1844 2180 1885 errorem
2201 1849 2231 1886 a
2251 1839 2488 1889 Brunekio
2512 1841 2700 1892 illatum
2719 1844 3030 1896 vehementer
3049 1847 3204 1910 stiget.
3237 1865 3262 1892 ιι
3278 1851 3390 1899 Jac.

1850 1925 1912 1936 -
1938 1907 1967 1950 5
1995 1904 2050 1952 οὗ
2075 1921 2208 1966 μηνοι
2245 1907 2387 1968 cod„
2417 1922 2542 1960 corr.
2569 1912 2728 1962 Reisk.
2761 1941 2826 1950 —
2913 1917 3072 1977 ἔλαχες
3093 1917 3234 1978 cod„
3264 1931 3390 1968 corr.

1850 1971 2082 2024 Reiskius.
2103 2001 2162 2011 —
2192 1981 2218 2027 7
2262 1979 2336 2026 ἐπὶ
2367 1995 2500 2042 τρηχ.
2533 1982 2676 2041 cod„
2717 1996 2850 2034 corr.
2894 1985 3103 2034 Jensius.
3139 2011 3204 2022 —
3224 1992 3271 2038 8.
3302 1991 3394 2038 Πε-

1849 2045 2090 2106 πταμένοι,
2122 2045 2297 2096 ovidio
2307 2054 2553 2112 porrecta
2577 2053 2757 2102 littora
2771 2090 2786 2115 ‚
2817 2054 2880 2104 de
2903 2068 3002 2117 quo
3025 2055 3240 2118 epitheto
3257 2058 3389 2109 cons.

1850 2114 2098 2164 Heckerus
2122 2115 2186 2165 ad
2205 2129 2284 2180 ep.
2313 2126 2420 2182 652,
2442 2128 2472 2171 6
2495 2122 2648 2186 :stipat
2661 2125 2858 2187 αἰγιαλῷ
2879 2127 2946 2187 (1,
2971 2139 3020 2188 p.
3049 2127 3190 2189 316).

1909 2257 2158 2308 Dchvr.
2183 2261 2383 2310 Lemma
2414 2281 2426 2309 ε
2470 2263 2534 2319 εἷς
2563 2264 2645 2312 τὸν
2677 2263 2910 2328 Λεάνδρου
2936 2268 3154 2316 διάπλουν
3189 2269 3270 2317 καὶ
3306 2275 3388 2328 τῆς

1848 2325 2028 2388 Ἡροῦς.
2055 2329 2116 2375 Et
2140 2327 2190 2376 in
2217 2341 2344 2379 nova
2371 2330 2541 2394 pagina
2569 2350 2582 2380 ι
2617 2333 2681 2388 εἰς
2710 2335 2942 2398 Λέανδρον
2963 2337 3042 2384 καὶ
3059 2335 3184 2400 Ἦρῶ
3205 2339 3290 2396 τὴν
3311 2355 3387 2388 σι-

1848 2395 2014 2444 cuasa
2044 2398 2267 2460 (Σηστ.).
2301 2424 2362 2435 -·-
2403 2405 2421 2448 i
2450 2401 2700 2464 Δεάνδροιο
2734 2402 2876 2460 Coti..
2911 2405 3116 2455 alterum
3151 2407 3290 2456 Plan.
3327 2435 3390 2448 -·

1848 2471 1893 2512 2.
1926 2483 1950 2507 ιι
1977 2468 2056 2524 Μὴ
2077 2469 2252 2531 μούνῳ,
2278 2482 2376 2517 non
2401 2470 2491 2518 soli
2521 2471 2740 2521 Leandro
2767 2471 2996 2531 infestus,
3030 2474 3118 2524 sed
3148 2477 3390 2527 Heronem

1849 2546 2042 2596 quoque
2069 2537 2302 2598 perdens,
2329 2553 2440 2604 quae
2469 2539 2518 2589 in
2545 2542 2684 2590 turri
2718 2541 2794 2590 vel
2827 2542 3044 2594 solitaria
3083 2543 3230 2595 domo
3255 2544 3390 2596 haud

1846 2606 2014 2667 procul
2047 2620 2078 2655 a
2102 2607 2260 2657 littore
2301 2609 2522 2659 habitans
2537 2647 2550 2669 ‚
2593 2612 2770 2661 Veneri
2807 2613 3034 2677 marinas,
3076 2619 3136 2666 ut
3172 2615 3383 2678 videtur,

1844 2677 2162 2742 operabatur3
2199 2693 2248 2730 v.
2284 2683 2522 2731 Musaeum
2546 2685 2606 2732 :32
2630 2683 2680 2732 et
2718 2685 2802 2734 187
2833 2696 2990 2746 seqq..
3033 2698 3147 2735 cum
3171 2687 3391 2738 Passovii

1847 2753 1962 2798 nota
1981 2763 2030 2813 p.
2056 2751 2158 2800 174.
2187 2770 2211 2795 ν
2239 2754 2358 2801 Jac.
2385 2751 2539 2801 Boiss.
2569 2771 2593 2794 e«
2614 2753 2770 2814 Byron
2799 2755 2962 2804 tamen
2986 2755 3038 2804 et
3055 2755 3390 2808 Ekenheadius

1845 2819 2012 2880 καίπερ
2043 2820 2097 2866 οὐ
2125 2821 2346 2881 φιλέοντες
2371 2822 2738 2872 transnatarunt
2765 2823 3146 2887 Hellespontum.
3174 2825 3296 2875 Vide
3331 2827 3389 2876 il—

1846 2888 1943 2939 lins
1983 2888 2135 2952 Epist.
2173 2894 2281 2950 413,
2309 2891 2418 2941 coll.
2453 2892 2655 2941 Turneri
2679 2894 2896 2957 epistola.
2929 2914 2954 2938 υ
2988 2922 3052 2933 -
3077 2900 3126 2947 4.
3149 2896 3389 2959 'Lychnus

1846 2956 1926 3007 ille
1943 2959 2136 3007 natante
2158 2958 2374 3009 Leandro
2401 2961 2688 3012 exstinctus.
2717 2965 2935 3013 Musaeus
2958 2968 3052 3016 328
3076 2980 3090 3010 ι

1967 3100 2044 3147 καὶ
2071 3098 2130 3159 δὴ
2155 3100 2319 3163 λύχνον
2337 3101 2531 3151 ἄπιστον
2550 3102 2782 3153 &uinctos
2797 3104 2959 3167 πικρὸς
2981 3104 3143 3163 ἀήτης.

1851 3265 1905 3276 —-
1936 3247 1964 3291 5
2001 3240 2181 3295 κοινοὺς
2203 3239 2309 3289 cod
2331 3277 2344 3299 ‚
2372 3239 2562 3291 vitiose.

1844 3450 2060 3506 γυναῖκα·
2088 3445 2137 3493 ἐν
2160 3448 2230 3507 τῷ
2252 3448 2352 3506 ναῷ
2380 3450 2462 3501 τῆς
2493 3446 2629 3505 ἁγίας
2659 3446 2960 3503 Ἀναστασίας
2991 3448 3039 3495 ἐν
3065 3450 3384 3511 Θεσσαλονίκῃ

1846 3515 2004 3579 (eod.
2038 3514 2322 3579 compendio
2347 3515 2584 3573 Osa-nuk).
2614 3543 2677 3556 —-
2698 3518 2725 3563 4
2752 3516 2944 3576 μνήμων
2979 3514 3121 3576 eod..
3155 3528 3382 3579 superpo·

1845 3585 1942 3635 sito
1979 3602 2038 3645 ⁷³3
2086 3586 2268 3645 μνήμην
2320 3584 2454 3633 Plan.
2517 3582 2712 3633 Titulus
2773 3584 3056 3646 proemissus
3111 3584 3382 3645 Ἀμαζονίδα

1845 3653 2025 3704 dixisse
2058 3652 2269 3713 videtur,
2320 3653 2660 3717 qualicumque
2701 3652 2766 3703 de
2797 3666 2945 3703 causa
2982 3666 3014 3703 a
3049 3656 3192 3717 pocla
3225 3654 3388 3716 potius

1844 3738 1992 3787 quam
2018 3724 2216 3773 librario
2238 3723 2568 3783 immutatum.

1905 3874 2199 3921 Dchxvm.
2235 3873 2434 3921 Lemma
2479 3885 2491 3916 :
2531 3872 2596 3925 el:
2626 3886 2730 3919 τινα
2769 3870 3087 3933 ἁπινχὸμενον
3133 3872 3385 3923 ναυτιλίαν.

1845 3940 1982 3990 Ἔστι
2029 3942 2078 3990 δὲ
2113 3943 2340 4003 ἰσόψηφον
2373 3944 2428 3989 τὸ
2471 3941 2756 4002 ἐπίγραμμα.
2795 3959 2819 3983 οι
2853 3942 2942 3990 Est
2983 3940 3130 4003 igitur
3161 3941 3388 3991 Leonida

1847 4010 2167 4059 Alexandrini.
2203 4031 2224 4053 ν
2247 4010 2470 4059 salmas.
2496 4012 2549 4058 ln
2577 4008 2788 4071 margine
2812 4008 2932 4059 cod.
2959 4010 3154 4071 utrique
3174 4010 3386 4061 disticho

1846 4081 2020 4143 appicti
2044 4079 2232 4129 numeri
2271 4079 2428 4142 ςφοσ’,
2453 4079 2555 4129 sive
2579 4080 2718 4129 6576.
2753 4098 2777 4120 «
2805 4078 3028 4131 instituta
3047 4081 3388 4143 supputatione

1846 4150 2007 4201 inveni
2085 4150 2404 4199 distichorum
2446 4149 2715 4211 ἰσοψηφίαν,
2751 4152 2804 4198 et
2849 4148 3103 4211 utriusque
3143 4163 3386 4201 summam

1846 4224 1984 4271 6576.
2015 4241 2038 4261 =·
2077 4222 2131 4269 Β.
2166 4223 2270 4270 Non
2293 4222 2371 4269 est
2393 4218 2674 4282 sepulcrale.
2693 4246 2750 4259 --
2772 4224 2791 4267 1
2815 4220 3014 4279 γαλήνην
3032 4218 3174 4279 God.‚
3197 4220 3382 4271 vitiose.

1848 4290 1920 4339 Ad
1951 4290 2162 4347 γελόωσα
2188 4291 2290 4338 Jac.
2323 4288 2510 4337 confert
2547 4287 2654 4336 haec
2690 4286 2994 4351 Alciphronis
3035 4289 3126 4347 111,
3159 4288 3299 4350 epist.
3340 4296 3383 4350 1,

1846 4373 1895 4423 p.
1929 4357 2122 4416 274‚-de
2154 4359 2356 4420 pulchro
2380 4356 2589 4420 quodam
2598 4357 2778 4421 juvene
2801 4375 2813 4405 ι
2843 4359 2922 4406 καὶ
2943 4358 3096 4419 μειδιᾷ
3115 4364 3195 4416 τῆς
3213 4360 3385 4410 wae-

1847 4447 1933 4487 σης
1978 4430 2268 4489 γαληνιώοης
2305 4430 2617 4492 χαριέστερον.
2658 4447 2682 4470 α
2707 4426 3038 4490 Metaphoram
3065 4427 3202 4479 verbi
3232 4446 3378 4479 κατα-

1846 4502 2064 4561 στορέσαι
2087 4497 2321 4561 exemplis
2347 4496 2586 4547 illustravi
2619 4497 2680 4546 ad
2708 4499 2879 4560 Georg.
2909 4496 3136 4559 Pachym.
3167 4499 3384 4549 Declam.

1844 4582 1895 4633 p.
1926 4572 2011 4617 ¹49.
2041 4582 2144 4631 seq.
2169 4590 2192 4610 ιι
2237 4572 2289 4617 Β.
2312 4562 2384 4604 “-
2411 4575 2457 4617 2.
2483 4570 2662 4629 Φρῖιια,
2691 4566 2817 4616 conf.
2857 4568 2998 4616 Hom.
3039 4568 3094 4617 ΙΙ.
3125 4570 3186 4627 Η,
3216 4574 3292 4620 63.
3323 4596 3386 4607 -

1847 4644 1877 4690 3
1908 4639 1958 4701 μ’
1977 4639 2148 4700 ὄψεσθε
2165 4636 2432 4686 Brunckius
2453 4636 2593 4686 male.
2624 4661 2685 4674 -
2711 4640 2741 4687 4
2777 4636 3218 4699 ἁντιιορυσσὰμινος
3251 4639 3384 4690 Plan.

1846 4712 2026 4773 praeter
2053 4707 2169 4757 edit.
2193 4706 2468 4769 principem.

1908 4848 2160 4898 Dchlx.
2182 4848 2378 4896 Lemma
2399 4848 2490 4901 :siz
2506 4844 2698 4909 Ἀοτέρα
2714 4847 2794 4895 τὸν
2813 4848 3019 4907 μαθητὴν
3045 4846 3287 4903 Πλάτωνος
3305 4854 3387 4896 τοῦ

1852 4918 2120 4981 οιλοοόφου·
2140 4922 2223 4966 τοῦ
2243 4918 2384 4966 αὐτοῦ
2404 4916 2664 4965 Πλάτωνος.
2685 4915 2812 4964 Cum
2841 4916 3064 4977 sequenti
3086 4916 3234 4981 epigr.
3262 4917 3388 4967 male

1850 4986 2074 5039 cohaeret
2098 4985 2150 5035 in
2185 4985 2321 5036 Plan.
2351 4987 2624 5046 Utrumque
2648 4982 2830 5034 hahent
2863 4986 3000 5049 Diog.
3039 4988 3094 5035 1..
3139 4988 3227 5045 111,
3256 4989 3316 5035 29
3342 4988 3392 5034 et
