3829 5747
1169 220 1497 280 JACOBSII
1538 184 2108 282 PROLEGOMENA
2149 220 2572 281 BREvlonA..
3338 222 3451 301 xvij

296 352 451 425 pictae
489 350 707 418 aliusve
730 348 939 407 similis
968 350 1165 427 operis
1209 352 1539 428 praestantia
1584 351 1657 409 ad
1697 351 1825 409 lau-

294 435 417 491 dem
456 433 581 511 ejus
601 435 965 512 auctorisque
995 435 1573 499 excitare,debebat!
1608 439 1675 497 ln
1701 458 1824 495 mo-

292 523 573 580 numentis
620 536 809 580 autem
858 523 1279 601 sepulcralibus
1322 535 1465 600 quot
1511 538 1566 582 et
1612 540 1826 603 quanta

179 626 197 645 ³
292 610 498 666 fuerint
525 608 594 665 ad
615 610 885 667 commoti
909 611 1157 687 pectoris
1179 630 1379 669 sensus
1405 613 1825 689 expromendos

291 696 689 767 invitamenta,
739 696 881 772 quid
920 698 1122 755 attinet
1156 697 1381 755 dicere?
1427 700 1567 767 Quae
1624 700 1823 757 omnia

288 797 413 839 sunt
466 782 790 860 ejusmodi,
841 797 905 843 ut
952 797 1157 862 sponte
1206 798 1478 862 appareat
1531 788 1822 863 quomodo

286 872 486 928 factum
516 871 591 928 sit
618 884 683 928 ut
707 870 1041 949 ἐπίγραμμα,
1072 872 1229 947 quod
1268 892 1301 929 a
1328 872 1485 930 nuda
1521 877 1817 931 nominum

288 958 823 1016 commemoratione
843 970 1127 1035 coeperat,
1152 960 1289 1017 satis
1324 973 1546 1017 mature
1583 974 1823 1035 angusta

287 1045 489 1122 quibus
512 1043 918 1103 continebatur
944 1046 1189 1103 claustra
1217 1064 1594 1123 perrumpere
1632 1064 1729 1120 ges
1739 1046 1821 1104 ti-

284 1148 365 1190 ret
390 1147 477 1203 et,
506 1133 884 1209 quantumvis
928 1133 1161 1207 exiguis
1205 1131 1421 1189 finibus
1450 1134 1821 1191 circumscri-

284 1235 470 1297 ptum,
500 1222 573 1277 ad
614 1219 895 1296 poematis
926 1234 1115 1277 tamen
1164 1218 1389 1277 laudem
1440 1232 1499 1277 et
1544 1221 1817 1279 virtutem

286 1308 614 1384 adspiraret.

358 1394 469 1449 Diu
500 1405 692 1449 tamen
737 1392 800 1451 in
830 1392 940 1451 hoc
980 1412 1191 1469 genere
1228 1392 1455 1469 priscus
1499 1392 1602 1450 ille
1638 1395 1820 1470 color,

284 1479 465 1555 prisca
495 1480 843 1557 simplicitas
866 1480 1141 1549 obtinuit,
1169 1479 1251 1536 ita
1274 1492 1338 1536 ut
1365 1480 1579 1557 poetici
1607 1481 1821 1539 coloris

282 1567 495 1623 lumina
539 1568 597 1623 ei
628 1567 861 1624 nonnisi
892 1586 1115 1625 summa
1140 1586 1271 1623 cum
1307 1568 1685 1643 temperantia
1712 1568 1816 1625 ad-

279 1652 631 1711 hiberentur.
720 1652 903 1729 ldque
932 1673 1049 1710 non
1075 1671 1247 1710 unam
1282 1651 1359 1709 ob
1392 1671 1640 1711 causam.
1678 1655 1819 1713 Loci

278 1744 423 1797 enim
452 1740 551 1797 cui
584 1740 865 1799 destinata
895 1740 1120 1797 fuerant
1148 1739 1589 1813 epigrammata,
1620 1742 1769 1799 ratio
1799 1762 1815 1801 t

280 1826 425 1893 basis
466 1840 673 1885 statuae
717 1828 1039 1901 angustior,
1090 1827 1248 1903 cippi
1292 1845 1426 1883 area
1464 1846 1582 1883 non
1622 1828 1817 1886 admo·

279 1917 403 1971 dum
432 1917 711 1993 spatiosa,
737 1933 935 1988 margo
956 1914 1212 1984 donarii,
1231 1914 1469 1971 essusam
1496 1917 1816 1973 orationem

280 2002 421 2057 intra
454 2014 649 2058 arctos
690 2002 833 2057 fines
863 1998 1205 2069 cohibebat;
1236 2019 1531 2077 quumque
1572 1994 1700 2077 ipsa
1728 2022 1819 2063 res

282 2088 591 2162 postularet
648 2100 748 2158 ut,
799 2105 915 2163 qua
957 2085 1029 2143 de
1056 2105 1228 2143 causa
1276 2088 1632 2163 epigramma
1672 2102 1821 2147 esset

279 2174 555 2245 additum,
585 2174 714 2231 sine
746 2193 906 2231 mora
936 2174 1376 2247 intelligeretur,
1405 2194 1535 2231 cum
1579 2175 1687 2233 hoc
1720 2177 1816 2255 ip-

278 2281 418 2334 sum,
453 2276 571 2320 tum
597 2261 700 2339 pia
734 2261 963 2318 donarii
994 2272 1093 2318 aut
1130 2262 1485 2319 monumenti
1519 2263 1819 2339 epigram-

282 2362 417 2405 mate
446 2349 699 2406 ornandi
729 2348 1033 2406 destinatio
1063 2360 1119 2405 et
1144 2345 1487 2405 brevitatem
1527 2369 1819 2407 commen-

280 2434 437 2493 dabat
460 2450 515 2492 et
546 2434 926 2493 ambitiosum
966 2446 1255 2505 ornatum,
1300 2447 1365 2491 ut
1390 2454 1421 2491 a
1450 2454 1513 2492 re
1540 2436 1816 2511 alienum,

279 2522 641 2599 praecidebat.
700 2528 909 2579 Verum
958 2541 1031 2579 ex
1076 2521 1480 2597 antiquissimo
1534 2522 1643 2580 hoc
1691 2525 1818 2601 epi-

278 2623 649 2683 grammatum
708 2627 918 2683 genere
936 2650 952 2678 ,
1005 2607 1162 2682 quod
1219 2620 1399 2665 totum
1445 2609 1730 2685 pendebat
1783 2631 1815 2669 a

286 2696 449 2754 rebus
476 2718 609 2773 quae
657 2698 711 2754 ei
740 2696 1025 2770 originem
1057 2714 1401 2771 causamque
1430 2694 1813 2773 praebuerant,

282 2785 567 2861 aliquanto
596 2797 733 2862 post
756 2783 915 2841 aliud
942 2797 1027 2840 est
1053 2794 1317 2840 exortum
1348 2802 1551 2857 genus,
1581 2785 1820 2841 materia

278 2872 415 2928 illud
438 2892 469 2928 a
496 2872 703 2949 priore
732 2891 849 2928 non
876 2869 1168 2928 diversum
1189 2913 1207 2941 ,
1238 2870 1420 2928 forma
1436 2870 1593 2928 haud
1621 2872 1817 2948 paullo

280 2960 520 3016 liberius.
555 2959 885 3035 Coeperunt
906 2959 1058 3015 enim
1090 2958 1359 3016 nonnulli
1386 2958 1458 3016 ad
1496 2959 1816 3035 priscarum

283 3046 495 3103 illarum
538 3046 991 3120 inscriptionum
1039 3044 1479 3103 similitudinem
1526 3046 1818 3122 epigram-

281 3146 415 3189 mata
446 3134 746 3203 scribere,
784 3135 902 3188 n‘on
942 3131 1053 3188 hoc
1092 3132 1337 3189 consilio
1379 3145 1444 3190 ut
1484 3132 1815 3208 ἀναθήμασιν

278 3239 337 3276 ea
364 3234 458 3277 aut
479 3220 877 3278 monumentis
906 3231 1003 3275 aut
1028 3219 1169 3277 artis
1196 3219 1470 3296 operibus
1495 3238 1815 3278 accommo-

202 3329 211 3340 ·
279 3307 500 3379 darent,
528 3307 635 3366 sed
660 3321 723 3364 ut
743 3310 809 3364 in
836 3305 935 3363 tali
963 3317 1299 3380 argumento
1320 3348 1337 3379 ‚
1367 3305 1523 3382 quod
1552 3307 1815 3383 ipsorum

278 3394 489 3452 animos
514 3395 589 3452 ad
633 3413 691 3451 se
730 3392 1108 3463 advertisset,
1140 3392 1395 3451 suaviter
1433 3405 1490 3452 et
1526 3396 1819 3470 ingeniose

280 3480 550 3540 luderent.
606 3481 675 3538 ln
716 3480 1005 3556 ejusmodi
1054 3478 1281 3540 lusibus
1328 3481 1498 3539 sicuti
1540 3483 1817 3560 princeps

279 3582 328 3626 et
351 3571 603 3644 genuina
638 3567 1070 3646 epigrammatis
1117 3568 1303 3626 forma
1347 3570 1566 3628 servari
1596 3569 1815 3642 debuit,

280 3657 357 3714 sic
382 3677 413 3714 a
440 3659 641 3734 prisco
669 3669 728 3714 et
752 3655 1005 3730 simplici
1030 3655 1307 3714 orationis
1326 3673 1531 3730 genere
1558 3676 1819 3716 necessa-

279 3745 361 3801 rio
389 3745 774 3804 recedendum
802 3743 933 3801 fuit.
1000 3742 1069 3800 ln
1091 3742 1305 3802 talibus
1328 3744 1507 3818 igitur
1530 3745 1817 3821 epigram·

280 3833 437 3888 matis
464 3851 647 3907 quum
676 3829 916 3889 uberior
953 3831 1038 3887 rei
1082 3831 1392 3907 expositio,
1436 3833 1693 3890 narratio
1716 3851 1814 3890 ex-

280 3919 559 3991 plicatior,
591 3920 781 3975 oratio
809 3916 1073 3974 floridior
1101 3916 1291 3974 locum
1329 3916 1587 3990 haberet,
1628 3932 1815 3976 ortum

281 4022 355 4064 est
380 4008 521 4065 illud
552 4025 741 4082 genus
764 4005 953 4082 quod,
981 4025 1160 4081 quum
1205 4006 1596 4078 ἀναθηματικὸν
1646 4007 1820 4063 vellet

280 4094 483 4162 rideri,
519 4112 731 4151 revera
754 4091 1097 4152 ἐπιδεικτικὸν
1129 4093 1261 4153 fuit.
1294 4093 1441 4151 Huic
1472 4095 1693 4168 generi,
1724 4095 1818 4152 cui

274 4177 381 4252 jam
408 4179 747 4237 Simonides
774 4179 1005 4236 videtur
1047 4179 1403 4256 praelusisse,
1436 4180 1678 4257 plurimi
1715 4201 1815 4238 na-

278 4280 473 4323 varunt
496 4285 762 4344 operam.
824 4265 895 4323 Et
917 4285 1093 4343 quum
1126 4279 1257 4343 post
1280 4266 1593 4323 Alexandri
1622 4267 1813 4342 Magni

281 4353 597 4430 imperium,
648 4351 826 4410 rebus
851 4373 955 4430 per
983 4366 1155 4411 totam
1201 4351 1481 4410 Graeciam
1508 4354 1817 4412 vehemen-

285 4451 359 4495 ter
398 4441 753 4507 immutatis,
808 4439 1001 4516 poesis
1032 4459 1264 4515 quoque
1308 4459 1512 4496 novam
1543 4442 1818 4517 quodam·

282 4525 439 4584 modo
468 4528 721 4604 speciem
754 4545 1089 4602 novumque
1116 4527 1331 4584 cultum
1355 4528 1718 4604 sumpsisset,
1754 4529 1815 4586 in

284 4631 387 4687 quo
407 4615 801 4691 simplicitatis
825 4613 1080 4689 quaedam
1102 4613 1387 4671 affectatio
1416 4634 1545 4671 cum
1575 4634 1818 4691 operosa

284 4699 603 4758 eruditione
630 4699 941 4776 conjuncta
958 4713 1113 4771 ,et-at,
1157 4701 1239 4757 ita
1278 4713 1342 4758 ut
1371 4700 1540 4759 multi
1592 4703 1819 4762 curiose

283 4784 503 4844 mallent
544 4787 706 4863 loqui
736 4805 905 4862 quam
954 4785 1127 4858 bene,
1156 4801 1461 4864 coeperunt
1486 4787 1661 4845 scribi
1696 4790 1818 4866 epi·

1914 350 2034 409 haee
2061 351 2384 429 principem
2421 352 2607 409 locum
2656 364 2808 409 tenet
2857 352 3002 411 illud
3038 372 3246 428 genus,
3295 355 3455 431 quod

1914 456 2106 495 rerum
2128 456 2161 494 a
2186 438 2411 515 poetica
2432 437 2774 495 tractatione
2797 439 3226 516 quodammodo
3251 440 3457 499 abhor-

1913 524 2164 583 rentium
2187 524 2358 601 eique
2382 524 2778 599 renitentium,
2807 526 3457 605 instrumentorumpo-

1917 612 2202 671 tissimum
2248 612 2440 670 omnis
2481 613 2710 687 generis
2751 616 2979 673 curiosa
3023 618 3456 675 enumeratione

1912 702 2241 758 continetur
2263 713 2341 775 et,
2372 700 2508 759 licet
2546 720 2698 757 verae
2736 702 2932 780 poesis
2975 715 3074 761 aut
3113 723 3316 780 parum
3359 717 3456 761 aut

1912 786 2056 844 nihil
2107 788 2343 859 habeat,
2393 787 2708 845 artificiosa
2758 801 2942 847 tamen
2989 792 3454 848 tenuissimarum

1909 892 2104 933 rerum
2132 875 2514 953 descriptione
2542 876 2942 953 sermonisque
2969 877 3042 935 ad
3071 878 3203 935 illas
3233 896 3326 935 res
3354 898 3451 936 or·

1909 964 2128 1021 nandas
2157 963 2384 1039 egregie
2433 963 2774 1021 conformati
2819 964 3042 1022 delectu
3083 968 3311 1042 placere
3338 984 3457 1041 po-

1908 1060 2035 1109 test.

1986 1135 2114 1192 Jam
2144 1154 2286 1193 vero
2313 1134 2450 1193 huic
2470 1156 2711 1213 poeseos
2731 1138 2926 1211 generi
2945 1141 3212 1212 parodica·
3231 1151 3458 1198 mature
3518 1148 3526 1155 ‘

1909 1223 2237 1298 adhaesisse‚
2262 1236 2320 1280 et
2347 1223 2464 1281 sere
2483 1225 2654 1282 simul
2699 1244 2826 1281 cum
2849 1244 2918 1281 eo
2941 1237 3097 1284 natas
3121 1243 3260 1297 esse,
3284 1245 3458 1285 nemo

1911 1309 2219 1367 mirabitur
2286 1308 2390 1385 qui
2436 1309 2772 1368 Graecorum
2836 1310 3131 1384 ingenium
3189 1313 3454 1383 noverit,

1912 1415 2193 1471 quorum,
2253 1408 2319 1452 ut
2367 1397 2670 1454 verissime
2733 1394 3067 1454 observavit
3115 1396 3454 1457 Welclterus

1911 1480 2010 1559 (in
2087 1480 2333 1539 eruditis
2413 1481 2486 1538 ad
2546 1480 2597 1538 T
2599 1481 2938 1556 heognidem
3019 1481 3455 1558 prolegomenis

1910 1588 1969 1644 p.
2003 1566 2262 1642 LXXX),
2327 1567 2600 1625 universa
2635 1568 2758 1625 vita
2797 1586 3209 1646 sermonesque
3255 1589 3455 1629 omnes

1909 1666 2081 1731 atque
2097 1653 2292 1711 omnia
2315 1654 2589 1711 convivia
2614 1654 2986 1732 pat-odiarum
3018 1655 3244 1714 lusibus
3269 1659 3454 1715 abun·

1908 1739 2144 1798 dabant.
2181 1740 2329 1798 Hinc
2355 1754 2618 1799 exortum
2638 1754 2726 1800 est
2764 1760 2944 1816 genus
2971 1742 3450 1819 epigrammatum

1908 1832 2238 1899 σκωπτικῶν,
2267 1828 2423 1905 quod
2455 1830 2673 1887 seriore
2701 1848 2858 1901 aevo,
2890 1849 3240 1907 quamquam
3281 1834 3451 1890 etiam

1908 1916 2259 1992 antiquitus,
2289 1915 2387 1975 sed
2417 1916 2638 1973 seriore
2665 1916 2936 1993 inprimis
2967 1936 3125 1992 aevo,
3164 1920 3208 1977 i.
3237 1938 3289 1978 e.
3315 1932 3450 1996 post

1906 2024 2082 2061 aeram
2117 2003 2477 2061 christianam
2494 2046 2510 2074 ,
2533 2004 2613 2061 ita
2641 2004 3055 2080 frequentatum
3086 2019 3256 2082 atque
3283 2026 3450 2065 exor-

1907 2103 2105 2147 natum
2145 2103 2249 2161 est,
2299 2103 2365 2146 ut
2403 2102 2463 2147 et
2499 2088 2640 2147 olim
2684 2102 2740 2147 et
2783 2088 2958 2147 hodie
3001 2112 3236 2168 quoque
3282 2094 3456 2169 longe

1907 2176 2176 2252 plurimi,
2215 2196 2395 2253 quum
2445 2176 2872 2253 epigrammatis
2925 2179 3273 2235 mentionem
3325 2180 3455 2238 fieri

1904 2263 2175 2334 videant,
2220 2264 2496 2323 continuo
2537 2262 2759 2339 aliquid
2786 2262 2942 2340 quod
2976 2264 3160 2321 risum
3188 2277 3448 2341 moveat,

1906 2352 2054 2410 sales
2080 2365 2136 2410 et
2164 2351 2405 2409 dicteria
2423 2393 2440 2421 ,
2467 2349 2582 2408 sibi
2613 2351 2808 2408 animo
2839 2349 3080 2425 lingant.

1985 2438 2085 2497 Est
2111 2451 2296 2495 autem
2320 2436 2481 2495 aliud
2505 2450 2784 2515 praeterea
2813 2456 2993 2511 genus
3011 2482 3028 2509 ,
3056 2456 3090 2495 a
3120 2439 3455 2515 praeceden-

1906 2524 2066 2584 tibus
2091 2526 2388 2583 diversum
2411 2568 2427 2595 ,
2453 2524 2556 2581 sed
2584 2544 2618 2581 a
2651 2522 2946 2582 veteribus
2973 2524 3232 2583 studiose
3257 2526 3454 2583 excul-

1907 2626 2027 2669 tum
2050 2652 2068 2682 ,
2099 2611 2255 2689 quod
2296 2611 2551 2667 medium
2590 2608 3020 2685 quodammodo
3047 2621 3135 2666 est
3171 2611 3324 2668 inter
3347 2612 3457 2669 ele-

1908 2697 2060 2774 giam
2090 2710 2147 2754 et
2187 2700 2544 2774 epigramma
2589 2694 2971 2763 ἐπιδεικτικόν,
3013 2695 3211 2769 elegiae
3261 2709 3452 2756 tamen

1907 2784 2246 2862 plerumque
2287 2784 2558 2842 vicinius,
2589 2782 3081 2851 Quemadmodum
3113 2784 3266 2841 enim
3296 2785 3452 2844 inter

1906 2870 2203 2930 breviores
2219 2915 2235 2942 ,
2261 2885 2324 2930 ut
2343 2869 2452 2928 hoc
2476 2883 2624 2942 utar,
2649 2869 2940 2948 Propertii
2956 2870 3165 2945 elegias
3188 2872 3444 2948 quaedam

1908 2960 2279 3037 reperiuntur
2321 2977 2449 3035 quae
2491 2956 2569 3014 ob
2595 2969 2766 3015 totam
2796 2957 3155 3030 singularum
3199 2959 3452 3034 partium

1906 3047 2418 3106 conformationem
2441 3087 2458 3116 ,
2523 3057 2580 3102 et
2637 3045 2909 3122 inprimis
2973 3043 3050 3102 ob
3104 3045 3454 3104 vividior-em

1906 3136 2124 3193 exitum
2155 3133 2320 3191 facile
2343 3131 2774 3209 epigrammatis
2793 3132 3161 3189 annumerari
3192 3133 3450 3208 possint,

1905 3223 1986 3278 ita
2015 3221 2168 3278 inter
2201 3218 2493 3294 poematia
2537 3237 2666 3295 quae
2709 3218 2773 3275 in
2813 3215 3139 3292 Florilegiis
3169 3219 3456 3295 epigram·

1908 3320 2122 3365 matum
2149 3307 2444 3382 leguntur,
2471 3305 2753 3364 amatoria
2789 3304 3090 3381 inprimis,
3119 3307 3452 3365 convivalia

1905 3405 1966 3451 et
2004 3393 2382 3464 sententiosa,
2429 3391 2582 3449 haud
2621 3411 2803 3468 pauca
2841 3390 3124 3448 habentur
3166 3411 3297 3468 quae
3339 3415 3451 3471 pro

1906 3481 2108 3554 elegiis
2147 3478 2361 3538 habere
2401 3492 2458 3537 et
2501 3499 2633 3536 cum
2681 3477 3010 3536 Mimnermi
3054 3478 3300 3555 alicujus
3349 3493 3448 3539 aut

1906 3565 2140 3624 Solonis
2179 3577 2239 3622 et
2267 3563 2644 3638 Theognidis·
2679 3562 2918 3641 ἐλεγείοις
2955 3565 3255 3622 commode
3295 3585 3448 3623 con-

1900 3652 2148 3730 jungere
2173 3652 2382 3730 possis,
2475 3653 2542 3710 lit
2565 3649 2740 3726 hujus
2764 3651 2996 3726 quidem
3021 3653 3248 3725 generis
3277 3652 3449 3729 longe

1909 3742 2196 3798 maximus
2220 3759 2294 3797 ex
2327 3740 2488 3796 omni
2519 3739 2636 3796 sere
2664 3751 2824 3796 aetate
2853 3757 3124 3796 numerus
3156 3739 3225 3795 ad
3257 3753 3454 3800 nostra

1909 3829 2188 3906 temporis
2215 3839 2475 3885 servatus
2520 3839 2636 3898 est;
2677 3827 2739 3884 in
2783 3847 2900 3904 quo
2940 3826 3192 3904 plurima
3219 3841 3354 3884 sunt
3395 3843 3452 3886 et

1910 3915 2273 3973 inventionis
2319 3913 2487 3970 laude
2528 3918 2875 3991 conspicua,
2921 3925 2977 3970 et
3016 3912 3296 3972 orationis
3335 3915 3456 3972 ele-

1911 4003 2108 4078 gantia
2135 4001 2639 4079 praestantissima,
2685 4003 2902 4078 quibus
2936 4000 3164 4077 jactura
3191 4021 3363 4078 quam
3388 4005 3472 4061 in·

1908 4093 2182 4167 elegiacis
2228 4091 2435 4168 optimi
2483 4091 2592 4148 aevi
2640 4091 2826 4169 poetis
2870 4093 3136 4162 fecimus,
3167 4092 3451 4166 quodam-

1910 4179 2081 4238 modo
2099 4179 2426 4249 resarcitur,
2445 4178 2620 4253 idque
2635 4198 2704 4235 eo
2727 4179 2923 4254 magis,
2945 4197 3060 4254 quo
3077 4179 3456 4239 verisimilius

1908 4280 1994 4325 est
2017 4267 2170 4324 haud
2200 4285 2380 4344 pauca
2411 4265 2472 4322 in
2509 4265 2584 4322 iis
2611 4283 2682 4322 ex
2717 4263 3142 4341 limpidissimis
3171 4268 3450 4324 vetustio-

1909 4373 2039 4412 rum
2069 4354 2454 4429 elegiacorum
2503 4350 2762 4409 fontibus
2803 4351 3048 4409 deducta
3092 4365 3150 4410 et
3195 4351 3456 4412 derivata

1908 4459 2054 4498 esse.

1993 4527 2121 4584 Jam
2149 4525 2548 4604 reputantibus
2575 4525 2748 4584 nobis
2787 4539 3000 4603 quanta
3033 4526 3205 4584 fuerit
3227 4547 3334 4605 per
3363 4539 3450 4586 to·

1911 4626 2026 4672 tam
2058 4614 2341 4672 Graeciam
2363 4611 2437 4670 ab
2464 4613 2868 4690 antiquissima
2888 4626 3050 4671 aetate
3075 4613 3450 4691 publicorum

1908 4702 2390 4780 privatorumque
2426 4703 2612 4757 omnis
2671 4703 2898 4776 generis
2943 4714 3452 4760 monumentorum

1911 4790 2098 4865 copia,
2119 4809 2151 4845 e
2166 4786 2379 4864 quibus
2400 4788 2655 4864 plurima
2674 4787 3154 4866 inscriptionibus
3176 4788 3456 4848 instructa

286 4888 588 4944 grammata
628 4895 761 4951 quae
811 4875 973 4932 nulla
1030 4894 1093 4932 re
1149 4876 1331 4950 magis
1377 4895 1549 4952 quam
1592 4890 1712 4934 arte
1767 4891 1823 4935 et
1912 4875 2090 4933 fuisse
2132 4887 2390 4944 constat,
2445 4873 2702 4932 dubitari
2749 4895 2864 4932 non
2911 4887 3101 4949 potest
3149 4894 3454 4934 numerum

286 4959 537 5018 doctrina
563 4960 827 5038 conspici
870 4975 925 5019 et
947 4961 1335 5020 commendari
1366 4962 1597 5021 vellent.
1657 4962 1819 5022 Inter

1912 4963 2390 5040 epigrammatum
2416 4961 2680 5021 versibus
2695 4975 3104 5041 conceptorum
3137 4983 3253 5020 non
3281 4963 3453 5024 fuisse

3778 4643 3790 4814 aba-101
3779 4475 3790 4576 -ῲ
