3829 5747
1302 243 1378 304 IN
1437 245 1684 305 CAPUT
1726 247 1803 306 vl
1844 247 2299 316 ANNOTATIO.

227 367 329 418 loeis
365 365 655 430 palustribus
698 370 748 420 et
791 369 1098 422 arundinosis
1147 373 1298 424 latere
1341 374 1500 425 solent
1537 375 1656 438 apri.
1687 401 1748 414 ·-

227 449 266 495 3.
287 445 510 494 Homerus
532 443 593 494 de
611 459 730 509 apro
759 447 1050 509 Calydonio,
1071 449 1126 500 ll.
1162 452 1215 510 1,
1245 454 1336 500 540
1363 471 1376 500 ι

329 584 467 632 πολλὰ
487 584 528 660 δι’
561 583 642 645 ὅγε
667 585 957 647 προθέλυμνα
983 587 1133 648 χαμαὶ
1157 587 1269 649 βάλε
1290 589 1472 649 δένδρεα
1499 590 1668 652 μακροὶ.

222 745 275 757 -
304 727 332 769 5
361 719 520 782 χαίταν
553 718 775 769 Bothius.
808 749 868 757 —
909 729 956 771 6.
996 723 1154 784 Junge
1181 723 1442 773 ἐκλιπόντα.
1476 745 1498 768 ιι
1541 724 1747 773 Videtur

223 792 358 853 πάγχυ
373 805 458 854 pro
489 789 728 854 adjectivo
752 791 1037 842 adhibitum.
1068 793 1297 843 Adverbii
1331 809 1444 858 quae
1476 795 1552 844 vis
1588 793 1746 844 foret?

3258 262 3365 320 *2411

1835 377 2126 440 ambiebant,
2146 382 2454 444 appellantur
2472 384 2701 446 λογχωτοὶ
2726 387 2776 436 et
2796 399 2893 435 una
2909 399 3029 436 voce
3050 389 3373 451 θυρσόλογχοι.

1833 450 1906 497 De
1932 449 2009 498 his
2042 451 2139 514 egit
2164 454 2365 503 salmas.
2395 452 2459 503 ad
2486 455 2633 504 Solin.
2662 469 2708 518 p.
2749 460 2859 507 379.
2888 475 2911 500 »ι
2945 460 3060 506 Jac.
3094 485 3157 494 -—
3178 463 3207 508 4
3227 467 3381 523 κισσῷ

1835 521 1917 576 τήν
1959 521 2092 569 Plan.
2138 522 2277 572 male.
2304 553 2363 564 -
2410 532 2437 573 5
2468 525 2709 587 ἁδροκὸμη
2752 529 2947 575 Διόνυσε
2983 529 3114 576 Plan.
3155 533 3207 579 et
3241 531 3379 580 editt.

1789 602 1795 642 l
1837 587 1999 638 suidae
2033 604 2081 639 ν’.
2104 591 2359 655 ᾙώρησεν·
2391 595 2669 656 ἐκρέμασεν,
2706 597 2893 657 ἀνῆψεν.
2921 597 3018 646 Sed
3060 599 3227 660 scripti
3271 601 3379 650 libri

1789 645 1795 707 l
1835 657 1996 707 fflidae
2022 673 2195 724 magno
2222 676 2457 712 consensu
2484 665 2751 714 Palatinum
2777 665 2993 715 codicem
3026 670 3257 718 relerunt.
3296 672 3385 719 Bo-

1791 781 1795 795 ·
1835 726 1967 776 thius
2002 732 2117 788 αύτή
2147 735 2255 794 σοὶ,
2293 739 2347 781 Δ.
2386 759 2449 768 ——
2473 742 2502 784 6
2544 737 2623 782 καὶ
2668 734 2855 784 addidit
2879 737 3159 797 Jaoebsius3
3202 740 3261 788 τὰ
3296 746 3381 790 τοῦ

1790 807 1795 861 ζ
1833 799 2027 855 κάλλους
2054 801 2189 850 Plan.
2211 802 2385 850 Suidas
2400 815 2595 865 quoque
2620 804 2678 851 τὰ
2700 805 2891 859 κάλλευς
2905 840 2920 866 ,
2944 805 3048 854 sine
3066 812 3229 856 ταῦτα.

221 867 264 911 01
285 865 410 911 totus
427 875 598 912 versus
621 861 766 911 valde
799 863 1011 926 languet.
1040 885 1062 906 u
1093 867 1154 914 B.
1183 891 1243 899 —
1270 868 1296 914 7
1319 867 1543 929 ξενὸφιλος
1574 865 1694 914 Cod.
1719 879 1747 913 a
1790 866 1796 914 ἱ

222 947 282 996 1³¹·-
305 947 385 992 m.,
416 933 536 982 mua
564 947 622 982 εἰ
648 947 774 982 corr.
811 933 996 983 Deinde
1031 935 1235 984 salmas.
1264 936 1389 996 παρὰ
1422 943 1586 996 φηγοῦ,
1615 937 1746 998 quod
1790 934 1796 997 Ι
1896 949 2151 1000 cnxxm.
2181 954 2420 1001 Lemma:
2461 953 2677 1015 ἀνάθημα
2714 959 2769 1017 τῇ
2800 955 2913 1018 Ῥέᾳ
2938 957 3064 1018 παρὰ
3106 955 3377 1019 'amntem

219 1017 312 1053 esse
328 1003 526 1054 debebat
551 1004 605 1052 ἐκ
635 1009 800 1064 φηγοῦ.
837 1005 1082 1054 Heckerus
1105 1008 1206 1069 περὶ
1227 1007 1389 1067 φηγόν,
1415 1006 1522 1056 0011.
1537 1007 1748 1056 Leonida
1790 1022 1796 1056 ι

221 1075 325 1123 infra
347 1089 418 1137 ep.
439 1079 546 1132 298,
567 1081 596 1124 5
620 1093 633 1122 ι
661 1077 766 1136 περὶ
784 1077 950 1137 θάμνον
969 1079 1174 1123 σκῦλα...
1197 1076 1525 1138 ἀνεκρέμασεν.
1551 1080 1749 1126 Poterat

219 1141 370 1194 haecin
385 1145 478 1193 alio
499 1145 664 1208 stipite
677 1144 1014 1208 suspendisse,
1035 1145 1193 1208 posito
1214 1146 1427 1208 proxime
1451 1148 1577 1208 παρὰ
1594 1152 1744 1207 φηγῷ,

221 1219 268 1264 ut
306 1215 394 1264 hoc
432 1215 774 1264 tantummodo
816 1215 880 1264 ad
915 1215 1078 1264 locum
1115 1215 1429 1266 indicandum
1475 1216 1744 1276 addiderit,

221 1283 612 1348 quemadmodum
635 1285 752 1334 alibi
776 1286 903 1348 παρὰ
925 1286 1070 1348 κρήνῃ
1099 1289 1150 1336 et
1175 1286 1284 1336 sim.

271 1421 462 1470 cnxlx.
483 1423 688 1471 Lemma
712 1441 726 1470 ι
745 1422 956 1484 ἀνάθημα
983 1427 1052 1485 τῷ
1069 1425 1282 1485 Διονύσῳ
1313 1424 1440 1482 παρὰ
1463 1425 1742 1486 Κωμαύλου.

223 1491 342 1540 Cous.
361 1490 505 1554 epigr.
533 1495 617 1551 45,
637 1494 689 1542 et
705 1494 809 1540 not.
830 1517 891 1528 -
909 1499 937 1542 2
965 1493 1203 1556 θηλοπὲδῳ
1228 1492 1368 1553 Cod.,
1390 1491 1526 1543 Plan.
1547 1496 1597 1544 et
1621 1494 1748 1544 codi-

218 1574 284 1609 ces
302 1561 470 1610 suidae.
505 1581 530 1604 α
549 1565 757 1611 Tantam
787 1572 895 1612 esse
925 1561 1165 1612 herinacei
1185 1563 1444 1612 sollertiam
1467 1577 1562 1613 non
1587 1565 1748 1615 crede·

219 1633 287 1684 hat
305 1635 490 1685 Buffon.
517 1663 580 1672 —
607 1642 638 1684 3
662 1635 788 1684 Hinc
811 1635 983 1684 suidas
1012 1649 1024 1677 ²
1047 1637 1234 1693 αὐήνας·
1264 1639 1477 1699 ξηράνας.
1509 1657 1532 1680 ³·
1563 1640 1624 1688 B.
1647 1639 1744 1688 Co-

219 1703 320 1752 dicis
335 1707 573 1755 001100101-
591 1723 623 1755 α
647 1705 812 1768 posuit
833 1719 980 1768 super
997 1723 1030 1764 η
1055 1705 1105 1755 111
1123 1709 1403 1772 φιλακρήτῳ.

267 1840 426 1888 chx.
449 1842 650 1889 Lemma
673 1860 687 1889 ι
712 1840 924 1902 ἀνάθημα
933 1845 1004 1904 τῷ
1022 1843 1142 1892 Πανὶ
1168 1843 1388 1902 θυηλάου,
1409 1842 1479 1892 sic
1505 1855 1593 1905 pro
1612 1842 1746 1892 Θυΐλ-

219 1911 302 1960 λου.
333 1937 390 1950 -·-
417 1916 460 1960 1.
497 1931 524 1955 «ι
544 1911 672 1960 Hinc
696 1911 871 1960 Suidas
898 1925 912 1954 2
951 1913 1234 1972 τανυμήκεες
1252 1947 1267 1971 ,
1296 1915 1346 1960 αἱ
1381 1918 1526 1972 μῆκος
1559 1913 1746 1974 ἄπειρον

219 1976 404 2040 ἔχουσαι.
425 1983 496 2029 Ex
523 1994 577 2029 v.
608 1987 636 2030 2
659 1994 671 2022 ²
710 1981 984 2043 ἀμφιλαφής·
1025 1983 1216 2042 μεγάλη·
1237 1983 1336 2031 οῖον
1359 1981 1644 2044 ἀμφιλαδης,
1675 1983 1746 2032 ὅτι

219 2049 464 2113 ἀμφοτέραις
485 2053 618 2114 χερσὶ
649 2051 959 2112 λαμβάνεσθαι
981 2052 1120 2110 αὐτῆς
1150 2054 1295 2102 ἐστιν.
1315 2055 1383 2101 Ex
1408 2066 1458 2100 v.
1479 2057 1540 2100 32
1565 2053 1744 2102 λιόάδα·

219 2121 422 2178 σταγόνα,
440 2124 628 2184 κρήνην,
653 2123 837 2184 εὔυδρον
852 2123 1012 2172 τόπον.
1039 2143 1061 2166 ³»
1077 2126 1139 2173 B.
1156 2148 1220 2159 —
1237 2129 1265 2172 3
1286 2125 1366 2186 χαί
1380 2125 1556 2179 λιὸἀδες
1579 2122 1743 2174 Schm-

219 2189 362 2253 ierus,
385 2191 516 2254 quod
539 2191 938 2241 commendarunt
963 2195 1068 2242 Jac.
1097 2192 1146 2241 in
1175 2196 1300 2243 nott.
1333 2207 1452 2244 mss.
1489 2198 1540 2244 et
1570 2193 1745 2252 Boias.;

221 2263 286 2310 καὶ
303 2263 344 2310 λ.
365 2261 482 2312 eod.
510 2288 573 2299 —
590 2265 620 2312 4
647 2263 883 2323 ἄγκεινται
903 2262 1191 2312 Β111110111118.

267 2408 454 2456 CLXXI.
487 2409 688 2457 Lemma
711 2427 724 2457 :
749 2407 962 2467 ἀνάθημα
987 2413 1054 2470 τῷ
1081 2408 1230 2470 Ἡλίῳ
1250 2409 1380 2470 παρὰ
1410 2414 1502 2457 τῶν
1532 2409 1578 2458 ἐν
1597 2411 1747 2472 Ῥόδῳ

219 2479 444 2527 οἰκούντων
467 2481 570 2541 περὶ
610 2483 694 2528 τοῦ
728 2483 980 2529 κολοσσοῦ.
1013 2499 1037 2521 ιι
1076 2479 1264 2529 Primos
1301 2482 1532 2542 quattuor
1575 2492 1748 2530 versus

217 2560 269 2596 ex
292 2548 450 2598 codice
467 2551 735 2599 Matritensi
763 2550 966 2612 protulit
989 2551 1208 2600 Yriartes
1236 2551 1388 2600 catal.
1409 2565 1458 2613 p.
1485 2555 1590 2602 204.
1620 2571 1644 2594 ²»
1681 2554 1743 2601 B.

218 2618 510 2682 Scriptumjn
533 2619 779 2669 colossum
820 2619 960 2680 Soiis,
989 2633 1020 2668 a
1049 2619 1250 2670 Rhodiis
1278 2622 1390 2682 post
1423 2619 1589 2670 hostes
1617 2622 1748 2670 terra

219 2689 412 2752 marique
445 2689 664 2740 devictos
701 2703 759 2739 ex
800 2690 1041 2740 manubiis
1088 2690 1304 2754 positum
1345 2704 1359 2732 z
1393 2689 1524 2752 quod
1563 2691 1748 2740 sactum

219 2759 355 2809 fuisse
375 2762 563 2811 constat
597 2759 874 2823 olympiade
904 2761 1106 2810 cxxlv.
1148 2759 1348 2809 Plurimi
1387 2762 1624 2824 praeterea
1666 2759 1750 2808 ibi-

220 2829 314 2879 dem
337 2831 528 2880 fuerunt
550 2831 728 2881 colossi
749 2830 962 2880 minores
991 2830 1091 2892 illo,
1116 2829 1204 2881 sed
1230 2829 1540 2895 ubicumque
1557 2830 1746 2894 sinquli

219 2902 444 2964 fument,
467 2904 801 2953 nobilitaturi
849 2903 1038 2963 locum,
1087 2904 1214 2952 teste
1250 2899 1402 2951 Plinio
1451 2904 1659 2963 XXXIV,
1694 2905 1741 2961 7,

222 2972 246 3032 S
273 2979 340 3023 18.
367 2973 499 3023 Unde
518 2972 800 3023 Rhodenses
826 2972 1050 3036 appellati
1072 2972 1413 3031 colossenses,
1444 2973 1743 3026 Κολοσσαεῖς.

219 3044 317 3091 lac.
335 3070 396 3079 -
411 3048 429 3092 1
449 3044 588 3093 οὕτω
605 3045 681 3092 σοὶ
699 3042 922 3093 Botbius.
940 3068 1002 3079 —
1018 3046 1047 3092 3
1063 3042 1212 3104 vulgo
1225 3044 1338 3105 post
1359 3042 1556 3105 χάλκεον
1575 3040 1745 3090 distin-

219 3112 447 3175 guebatur,
466 3113 600 3176 quod
621 3113 688 3163 ad
709 3115 940 3163 κολοσσὸν
957 3112 1255 3166 reserebaut3
1283 3110 1372 3161 sed
1391 3114 1588 3174 poetam
1611 3109 1746 3160 haud

219 3182 348 3233 dubie
367 3184 572 3234 voluisse
580 3186 780 3247 χάλκεον
793 3189 938 3246 κῦμα,
957 3182 1232 3231 observavit
1244 3182 1492 3231 Heckerus
1511 3186 1553 3242 Ι,
1567 3195 1617 3245 p.
1638 3185 1743 3241 134,

220 3253 310 3302 0011.
333 3266 405 3316 ep.
439 3258 540 3315 124,
567 3258 598 3303 3
627 3253 863 3318 σιδαρείου
883 3254 1120 3311 πολέμοιο·
1152 3253 1263 3312 vll,
1287 3265 1362 3314 ep.
1393 3255 1502 3311 232,
1529 3258 1576 3312 2,
1609 3253 1741 3309 σιδη-

220 3323 324 3383 ρείῃς
361 3324 526 3385 μάχης.
557 3324 631 3372 De
667 3320 824 3385 figura
849 3324 956 3372 Jac.
983 3322 1230 3384 comparat
1256 3320 1418 3369 AEsch.
1447 3322 1577 3383 Sept.
1614 3324 1700 3369 114
1729 3340 1742 3369 2

219 3399 328 3454 κῦμα
351 3399 452 3445 ποτὶ
476 3396 638 3446 πτόλιν
654 3394 892 3457 καχλάζει,
912 3400 1074 3449 πνοαῖς
1106 3393 1259 3457 Ἄρεος
1279 3392 1516 3455 ὀρόμενον.
1539 3418 1602 3429 -
1619 3400 1647 3442 5
1667 3410 1746 3442 πε·-

219 3466 365 3527 ὶὰγους
390 3466 526 3528 μόνον
546 3466 778 3515 κάτθεσαν
805 3464 947 3523 Cod.;
967 3464 1192 3525 πελάγευς
1213 3463 1352 3525 μόνον
1372 3465 1566 3513 ἄνθεσαν
1585 3464 1742 3524 Plan.,

219 3536 334 3596 quod
349 3537 521 3597 editur,
549 3535 686 3585 haud
710 3535 859 3585 dubie
873 3535 996 3585 levis
1018 3536 1294 3598 conjectura
1323 3533 1553 3583 Planudis
1566 3569 1581 3594 ,
1611 3552 1634 3576 α
1653 3546 1744 3583 1100

221 3604 423 3657 idoneum
448 3621 558 3657 esse
582 3620 783 3657 sensum
800 3606 1063 3655 verborum
1082 3606 1340 3653 ἀνατιθέναι
1366 3606 1528 3665 φέγγος
1561 3623 1584 3646 ν
1609 3607 1744 3653 recte

221 3676 324 3729 dixit
339 3680 594 3737 fleckerus,
613 3679 701 3741 qui
713 3677 906 3741 conjicit
919 3680 1101 3740 ἅψειν-τ’,
1123 3674 1331 3725 mediam
1351 3674 1556 3723 sormam
1578 3686 1744 3723 exem-

221 3747 299 3808 1118
317 3750 462 3800 tm'tus
483 3764 534 3813 p.
565 3754 672 3799 351.
703 3748 798 3799 Sed
824 3746 1196 3797 dissimillimum
1225 3744 1276 3795 id
1303 3743 1482 3795 tradito
1499 3744 1742 3794 κάτθεσαν.

223 3818 384 3869 11011101·
410 3819 818 3883 frequentissimae
841 3818 892 3867 in
935 3818 1147 3881 antiquis
1189 3816 1326 3865 libris
1370 3814 1743 3877 permutationis
1771 3876 1776 3879 Ι

221 3885 441 3940 literarum
465 3893 510 3940 Η
533 3894 586 3941 et
605 3894 664 3951 Κ,
680 3889 950 3953 cogitabam
965 3888 1026 3937 de
1053 3890 1138 3938 HN
1157 3886 1290 3949 quod
1307 3884 1510 3934 abiverit
1535 3884 1586 3933 in
1610 3888 1740 3943 ΚΑΙ,

222 3959 346 4018 Kar,
367 3975 426 4010 ex
457 3964 632 4020 ἦνθεεν.
666 3985 726 3997 —
745 3969 774 4009 6
801 3960 1052 4021 ἐλευθερίης
1088 3956 1208 4006 cod.
1244 3958 1295 4005 et
1337 3954 1492 4011 Plan„
1535 3953 1745 4003 mutavit

221 4026 405 4079 Brunca.
423 4057 484 4067 —
507 4036 535 4080 7
566 4032 777 4092 γενέθλης
805 4031 1028 4090 uterque,
1061 4025 1150 4077 sed
1177 4024 1295 4074 Cod.
1329 4022 1652 4086 superscripto
1691 4039 1741 4072 α.

223 4117 244 4137 ⁸
265 4101 470 4150 ilermlis
501 4100 634 4150 tilius
650 4099 974 4162 Tlepolemus,
1003 4097 1066 4146 ob
1095 4096 1276 4146 coedem
1311 4094 1468 4158 patria
1489 4094 1739 4157 profugus,

221 4168 424 4221 Rbcdum
449 4171 585 4222 venit
608 4175 660 4222 et
683 4169 833 4219 urbes
867 4168 934 4217 ibi
951 4166 1183 4227 condidit,
1210 4169 1337 4216 teste
1360 4167 1572 4214 Homero
1597 4164 1654 4215 Il.
1674 4166 1738 4227 B,

220 4246 298 4289 ⁶52
337 4254 485 4304 seqq„
510 4241 703 4291 Pindar.
731 4240 810 4288 01.
831 4240 940 4298 vll,
975 4244 1054 4298 20,
1081 4237 1144 4287 al.
1176 4256 1200 4281 υ
1222 4238 1338 4287 lac.
1374 4242 1478 4286 -8
1515 4236 1740 4297 κοιρανίαι

221 4311 346 4371 Cod.;
364 4314 565 4376 κοιρανίη
592 4312 748 4373 Ρ11111.,
767 4324 890 4360 corr.
918 4310 1127 4359 Brunck.

1833 1045 1896 1054 --
1934 1027 1972 1069 1.
2006 1040 2029 1062 «
2057 1023 2181 1070 Hinc
2211 1023 2385 1074 suidas
2428 1039 2445 1072 ε·
2485 1027 2803 1085 θαλαμηπόλος
2822 1063 2836 1086 ,
2872 1029 2903 1084 ἡ
2950 1028 3053 1089 περὶ
3072 1029 3149 1075 τὸν
3185 1031 3378 1089 θάλαμον

1790 1116 1794 1167 ;
1835 1089 2204 1154 ἀναστρεφομένη
2234 1095 2312 1140 καὶ
2349 1093 2660 1153 φυλάττουσα,
2694 1097 2725 1150 ἡ
2748 1096 2991 1158 νεωκόρος.
3037 1115 3058 1136 υ
3092 1097 3153 1144 B.
3188 1098 3382 1160 Proprie

1790 1172 1794 1229 Ι
1833 1158 2015 1208 dicitur
2052 1159 2115 1209 de
2155 1161 2359 1222 Cybeles
2416 1161 2682 1212 sacerdote.
2726 1164 2853 1210 Cum
2901 1163 3217 1225 sequentibus
3254 1177 3385 1215 com.

1835 1228 2081 1290 Thyiuum
2108 1232 2219 1291 vn,
2248 1244 2324 1294 ep.
2355 1237 2463 1291 223,
2498 1237 2541 1291 1,
2579 1239 2624 1292 2,
2645 1235 2874 1282 monente
2897 1234 3131 1282 Beckero.
3162 1259 3223 1269 —
3249 1241 3277 1283 2
3304 1251 3386 1290 τας

1835 1302 1957 1362 ἱερὰς
1983 1302 2227 1351 fleckerus
2255 1315 2267 1344 τ
2304 1303 2433 1351 faces
2458 1303 2657 1364 Cybeloe
2678 1316 2883 1363 sacra-53
2906 1303 3153 1366 legebatur
3188 1305 3294 1360 τοὺς
3329 1309 3389 1352 le.-

1833 1372 1941 1432 ροὺς
2042 1373 2327 1434 πλοκάμους,
2344 1372 2541 1435 capillos
2561 1385 2687 1435 quos
2704 1372 2849 1422 modo
2871 1378 3122 1425 consecrat
3146 1373 3384 1437 Achrylis,

1834 1443 1884 1488 et
1911 1441 2044 1490 recte
2070 1440 2336 1504 legebatur,
2369 1444 2427 1491 ut
2453 1445 2651 1504 apparet
2672 1455 2729 1492 ex
2755 1455 2833 1505 ep.
2863 1446 2949 1492 133
2976 1456 2987 1484 =

1962 1581 2162 1641 Ἆλκιὸίη
2188 1582 2441 1643 πλοκάμων
2469 1583 2635 1644 ῑερήν
2662 1581 2854 1637 ᾰνέθηκε
2877 1583 3143 1642 καλύπτρην

1956 1653 2101 1715 «Hm,

1835 1791 1887 1838 et
1904 1789 2031 1838 infra
2048 1801 2125 1852 ep.
2152 1793 2238 1839 178
2262 1788 2496 1838 Hercules
2514 1788 2715 1849 Jubetur
2732 1790 2947 1845 δέξασθαι
2970 1789 3296 1853 Ἀρχεστράτου
3316 1792 3388 1839 it·

1834 1861 1937 1921 ρὸν
1955 1860 2109 1908 ὅπλον.
2136 1859 2264 1908 Ν11111
2290 1859 2435 1921 igitur
2458 1858 2510 1907 in
2538 1857 2616 1907 his
2640 1859 2935 1908 movendum
2967 1863 3086 1909 erat.
3107 1885 3170 1896 ——
3189 1865 3217 1909 3
3241 1861 3389 1909 Κυθέ-

1835 1931 1890 1991 λῃ
1916 1929 2107 1992 corrigit
2128 1930 2257 1979 idem
2276 1930 2539 1986 BeckeruS,
2564 1929 2739 1978 collato
2752 1929 3079 1992 epigr.Thyilli
3091 1929 3225 1991 quod
3238 1931 3387 1980 modo

1833 2003 2157 2048 memoratum
2175 2037 2189 2060 ,
2226 2002 2278 2049 et
2312 1997 2593 2048 Callimachi
2624 1999 2889 2061 fragmento
2917 2003 3008 2047 310
3039 2020 3050 2047 :
3080 2001 3169 2062 θεῷ
3210 2000 3251 2048 δ’
3281 2000 3387 2048 ἀλά-

1835 2073 1991 2132 λαγμα
2009 2077 2197 2130 νομαῖον
2229 2071 2403 2118 δοῦναι.
2430 2073 2552 2119 Sane
2584 2067 2713 2117 haud
2745 2067 2971 2117 idoneum
3004 2071 3080 2117 est
3104 2070 3384 2130 ὀλολύγματι

1834 2141 1992 2188 δοῦ-,αι
2032 2139 2181 2202 ἦχον,
2209 2152 2381 2188 verum
2410 2152 2506 2187 non
2552 2136 2660 2186 haec
2680 2137 2925 2199 jungenda
2961 2141 3092 2198 sunt,
3126 2138 3214 2188 sed
3237 2141 3386 2188 δοῦσα

1835 2213 1898 2266 εἰς
1932 2213 2100 2270 ἀκοάς,
2132 2212 2182 2260 et
2206 2209 2365 2259 omnia
2391 2208 2599 2272 legitime
2632 2207 2918 2269 procedunt.
2948 2208 3067 2256 voci
3092 2211 3297 2272 γαὶλαίῳ
3334 2209 3387 2259 111

1835 2279 2013 2328 Codice
2033 2277 2271 2328 scholium
2296 2278 2389 2327 11οο
2416 2276 2713 2339 adscriptum
2743 2296 2755 2325 ε
2787 2283 2857 2338 τῷ
2876 2283 2969 2324 τῶν
3000 2277 3211 2340 Γάλλων,
3248 2281 3386 2336 ἦτουν

1838 2350 1904 2411 (l.
1920 2351 2097 2412 εἶτουν)
2120 2350 2367 2412 εὐνούχων.
2398 2347 2581 2396 Deinde
2613 2367 2626 2394 z
2654 2348 2915 2403 Κυὸέλης
2937 2347 2986 2396 δὲ
3009 2353 3087 2405 τῆς
3114 2349 3281 2404 Ῥέας·,
3302 2349 3389 2398 Κύ-

1838 2423 1948 2470 δελα
1969 2421 2058 2483 γὰρ
2097 2419 2179 2483 ὄρη
2203 2419 2434 2480 Φρυγίας,
2473 2421 2519 2467 ἐν
2544 2420 2612 2475 οἷς
2650 2423 2841 2480 τιμᾶται
2869 2421 2900 2475 ἡ
2934 2418 3067 2474 αὐτή.
3093 2419 3271 2468 Similia
3303 2433 3383 2482 ap.

1836 2491 2052 2541 suidam.
2073 2518 2137 2527 —-
2162 2499 2189 2540 5
2210 2495 2289 2543 τᾶς
2322 2492 2370 2537 δὲ
2397 2487 2518 2539 Cod.
2549 2491 2819 2552 Depravate
2851 2491 3097 2551 περικλεῖόι
3134 2490 3309 2540 Suidas
3336 2491 3385 2540 in

1837 2563 2011 2628 Ὀρεία.
2034 2587 2093 2597 -
2118 2569 2165 2612 0.
2196 2560 2333 2609 Cous.
2363 2562 2473 2622 v11,
2499 2574 2577 2623 ep.
2610 2562 2690 2620 37,
2719 2565 2764 2609 6.

1897 2700 2148 2751 CLXXIV.
2177 2701 2376 2748 Lemma
2405 2710 2416 2736 τ
2446 2696 2657 2754 ἀνάθημα
2684 2701 2741 2758 τῇ
2766 2696 2945 2757 Ἀθηνᾷ.
2970 2694 3207 2758 Antipatri
3232 2695 3381 2746 Sldo-

1834 2771 1910 2818 m‘i
1954 2768 2086 2833 apud
2109 2769 2245 2816 Plan.
2288 2765 2426 2815 Cous.
2466 2764 2690 2813 Leonidae
2724 2765 3069 2828 epigrammata
3101 2766 3227 2816 infra
3258 2773 3378 2826 288,

1836 2844 1943 2897 289.
1979 2865 2037 2875 --
2063 2845 2103 2889 1.
2138 2857 2160 2879 κ
2192 2836 2317 2887 Hine
2344 2834 2517 2884 Suidas
2538 2855 2551 2883 ε
2572 2835 2775 2899 ἀράχνης
2796 2835 3065 2898 ἀρσενικῶς,
3084 2839 3139 2885 τὸ
3164 2836 3379 2897 ζωύφιόν,

1834 2909 2026 2971 παράτὸ
2044 2908 2183 2969 ἀραιὰ
2198 2906 2305 2968 ἴχνη
2323 2904 2461 2967 ἔχειν.
2484 2906 2549 2953 Ex
2568 2917 2713 2953 versu
2728 2912 2755 2955 5
2778 2917 2790 2947 ²
2817 2905 2985 2969 κερκίς·
3008 2908 3297 2967 ἱστουργικὸν
3316 2908 3383 2970 ἐρ-

1835 2980 2035 3041 γαλεῖον.
2058 2979 2119 3025 Et
2139 2990 2151 3017 2
2184 2976 2339 3036 μίτος,
2368 2978 2422 3023 τὸ
2447 2974 2724 3023 λεπτότατον
2751 2980 2973 3038 σχοινίον.
3005 2978 3080 3024 Ex
3101 2990 3151 3025 v.
3172 2979 3198 3025 7
3223 2990 3238 3023 ·.
3258 2978 3378 3027 ὄνει-

1834 3052 1927 3105 δος·
1956 3048 2143 3111 μέμψις.
2177 3047 2249 3093 Ex
2276 3057 2325 3093 v.
2365 3051 2392 3095 8
2420 3060 2431 3087 ε
2462 3046 2703 3107 ἁρνυμὲνη·
2726 3045 3232 3095 ἀντικαταλλάσσουσα.
3265 3066 3289 3091 υ
3314 3050 3378 3098 Β.

1832 3144 1896 3157 --·
1928 3125 1955 3168 2
1982 3116 2173 3179 στήμον’
2201 3115 2337 3164 Plan.
2374 3142 2430 3151 —
2447 3120 2476 3165 3
2504 3115 2724 3171 ἐῢπλσκος
2752 3114 2880 3171 eod.
2918 3129 2949 3165 a
2966 3118 3253 3176 correctore,
3281 3134 3333 3165 ον
3352 3132 3384 3167 a

1832 3203 1906 3254 pr.
1925 3203 2013 3248 m.,
2042 3190 2096 3236 ut
2128 3186 2261 3235 Plan.
2286 3188 2339 3235 et
2374 3184 2510 3233 suid.
2546 3183 2771 3247 Ἀρσινόαι
2808 3184 2927 3234 eod.
2961 3204 2984 3227 «ι
3020 3184 3211 3241 Ἀηδόνα
3240 3190 3385 3237 vocat

1833 3253 2025 3304 radium
2046 3255 2305 3305 textorium
2334 3254 2395 3303 ab
2418 3257 2589 3316 arguto
2607 3288 2621 3315 ,
2642 3266 2788 3315 quem
2808 3252 2934 3313 edit,
2956 3255 3177 3317 strepitu.
3200 3255 3385 3318 Euripi·

1832 3324 1921 3374 des
1946 3324 2185 3387 Meleagro
2215 3338 2294 3387 ap.
2327 3322 2477 3373 schol.
2512 3321 2656 3372 Arist.
2694 3325 2815 3371 Rau.
2846 3328 2956 3373 1351
2984 3324 3188 3387 κερκίδος
3223 3327 3382 3374 ἀοιδοῦ

1834 3398 2023 3459 μελέτας
2048 3394 2182 3444 dixit.
2212 3393 2529 3443 'tarsensibus
2542 3430 2553 3451 ,
2586 3390 2794 3441 ronchos
2810 3393 2935 3443 inter
2970 3392 3267 3455 loquendum
3296 3407 3382 3457 per

1832 3480 1976 3517 nares
1992 3465 2275 3523 edentibus,
2295 3464 2438 3513 vicini
2467 3476 2642 3513 nomen
2662 3464 2899 3526 Κερκίδων
2922 3462 3272 3525 imposuerant,
3302 3478 3383 3527 ap.

1831 3538 1925 3588 Dio
1935 3537 2184 3599 Chrysost.
2209 3538 2291 3585 Or.
2308 3537 2527 3593 xxxin,
2547 3549 2595 3597 p.
2616 3539 2706 3584 405
2722 3536 2835 3597 (463
2850 3536 2976 3583 extr.
2992 3533 3069 3583 ed.
3092 3537 3281 3597 Emper.
3299 3534 3335 3593 ).
3357 3556 3379 3577 ν

1829 3614 1945 3660 Jae.
1968 3634 2028 3645 -·-
2054 3616 2084 3659 o
2120 3608 2153 3670 ᾇ
2186 3607 2339 3663 Plan.;
2366 3606 2418 3654 εὖ
2458 3605 2579 3654 Cod.
2622 3607 2673 3654 et
2708 3604 2841 3654 Suid.
2880 3628 2942 3639 —-
2970 3608 2996 3653 7
3040 3606 3217 3653 ἔκαστοι
3252 3604 3379 3666 (sic)

1833 3679 1976 3740 Cod.,
2006 3677 2095 3729 sed
2112 3680 2243 3727 recte
2258 3675 2507 3727 Leidensis
2534 3674 2731 3735 Suidae3
2762 3673 2897 3723 εἵλεθ’
2929 3674 3105 3731 ἑκάστη
3130 3674 3262 3724 Plan.

1893 3818 2120 3867 CLXXV.
2140 3817 2337 3863 Lemma
2360 3834 2373 3862 ι
2397 3813 2609 3874 ἀνάθημα
2630 3811 2923 3872 Ἀλκιμένους.
2946 3827 2970 3851 υ
2993 3808 3117 3858 Vide
3136 3808 3379 3859 Chardon.

1830 3886 1982 3937 Roch.
2006 3885 2209 3936 Miscell.
2239 3888 2277 3935 t.
2308 3886 2347 3943 1,
2375 3897 2423 3945 p.
2459 3886 2561 3931 104.
2594 3901 2619 3925 ν
2648 3884 2711 3931 B.
2738 3906 2800 3917 —
2839 3886 2857 3929 1
2910 3882 2985 3928 ἐπὶ
3029 3880 3221 3941 εἷδμονα
3256 3880 3376 3929 eod.

1829 3986 1889 3997 --
1916 3962 1963 4007 3.
1988 3977 2010 4001 α
2034 3958 2115 4006 ”Ι”ο“
2137 3958 2237 4015 ou„
2260 3954 2373 4003 vide
2390 3952 2635 4003 Wernick.
2670 3951 2733 4001 ad
2754 3949 3014 4013 Tryphiod.
3040 3964 3086 4011 p.
3111 3953 3199 3998 207
3223 3962 3325 4010 seq.
3353 3970 3375 3992 u

1829 4032 1943 4079 Jac.
1978 4054 2039 4064 -—-
2065 4034 2111 4077 5.
2135 4046 2159 4069 «ι
2197 4028 2269 4074 De
2294 4023 2488 4074 nomine
2531 4025 2700 4081 κλοιὸς,
2731 4020 2893 4070 suidoe
2937 4022 3277 4083 περιτραχήλιος
3310 4021 3378 4069 δε-

1826 4102 1945 4164 σμός
1962 4136 1975 4159 ,
1999 4098 2112 4148 vide
2138 4096 2200 4147 ad
2226 4110 2336 4146 mea
2353 4094 2533 4145 Anecd.
2560 4096 2599 4144 t.
2624 4098 2685 4153 V,
2712 4108 2761 4155 p.
2782 4096 2892 4150 429,
2929 4104 2977 4139 n.
3012 4095 3057 4140 2.
3093 4110 3115 4133 n
3148 4092 3205 4138 B.
3239 4088 3371 4138 Plan.

1829 4172 2072 4221 Λεύκωνα.
2108 4193 2171 4204 -
2206 4175 2251 4217 6.
2285 4186 2308 4209 «ι
2344 4167 2613 4215 Lati-antis
2654 4166 2793 4213 enim
2844 4162 3189 4211 simulacrum
3237 4162 3381 4208 canis

1823 4238 2183 4306 persuadebat
2212 4238 2312 4296 illi,
2346 4249 2400 4285 se
2424 4238 2586 4285 etiam
2624 4233 2862 4283 incedere
2896 4244 3060 4293 posse.
3094 4232 3374 4278 Graecorum

1829 4310 2089 4360 verborum
2114 4306 2275 4370 qualia
2300 4306 2525 4369 leguntur
2549 4302 2630 4352 hic
2664 4301 2783 4351 mihi
2814 4300 3009 4350 videtur
3038 4312 3147 4348 esse
3174 4310 3375 4357 sensus,

1827 4394 1975 4445 quem
1996 4392 2093 4429 non
2118 4376 2345 4441 exprimit
2368 4375 2521 4425 Grotii
2548 4373 2723 4423 versio.
2745 4392 2768 4416 ν
2798 4370 3024 4421 Brunck.

271 4460 477 4509 mxu.
493 4462 694 4509 Iaemma
713 4471 727 4499 ²
751 4458 964 4519 ἀνάθημα
976 4460 1045 4519 τῷ
1067 4455 1280 4517 Διονύσῳ
1296 4454 1422 4517 παρὰ
1440 4453 1736 4516 Πορφυρίδος.

224 4529 368 4579 Codex
382 4531 480 4580 sine
495 4530 689 4580 nomiae
711 4531 885 4592 poetae.
916 4526 1152 4589 Ayamiae
1170 4524 1343 4575 tribuit
1360 4523 1564 4575 Planud.
1588 4544 1612 4568 α
1635 4524 1741 4574 Sui·

220 4598 298 4647 das
311 4638 326 4659 ,
348 4602 426 4664 qui
439 4614 611 4651 versus
636 4600 820 4664 primos
856 4598 1052 4649 exhibet
1080 4598 1132 4647 in
1157 4600 1398 4660 Δίθυρσον,
1434 4596 1607 4646 tribuit
1638 4600 1735 4647 Ar-

219 4672 375 4721 riano.
400 4674 490 4722 Sed
511 4675 634 4735 puto
663 4670 851 4720 Arriani
881 4671 1032 4721 misse
1059 4670 1153 4721 alia
1166 4669 1316 4719 verba
1339 4682 1452 4731 quae
1469 4682 1599 4718 nunc
1625 4682 1734 4732 per·

217 4738 378 4790 ierunt.
419 4742 508 4799 Qui
540 4741 804 4791 contulerit
833 4740 1050 4801 eiusdem
1087 4739 1384 4789 vocabulum
1413 4737 1590 4797 Ἀνὲδην
1608 4776 1624 4799 ,
1662 4740 1737 4787 vix

221 4822 272 4857 el
289 4810 350 4860 de
371 4826 419 4862 re
443 4812 694 4863 dubitabit.
731 4832 754 4853 n
779 4814 842 4862 B.
863 4838 924 4847 —-
954 4816 998 4871 1,
1033 4818 1076 4860 2.
1105 4830 1128 4853 «t
1155 4810 1315 4859 Verba
1333 4810 1542 4872 δίθυρσον
1565 4812 1740 4871 λογχω·

217 4884 290 4931 τὸν
311 4884 390 4932 vix
423 4886 550 4935 recte
584 4882 775 4945 accepit
817 4883 1016 4933 Grotius
1054 4896 1066 4924 =
1103 4884 1312 4945 qemina
1359 4892 1480 4929 cum
1525 4880 1740 4941 cuspide

221 4951 451 5015 thyrsum.
477 4954 621 5005 Binos
645 4953 842 5016 thyrsos
871 4966 1213 5014 nonnunquam
1247 4950 1479 5015 gerebant
1501 4950 1734 5011 Bacchae3

219 5026 298 5087 qui
320 5040 464 5089 quum
484 5026 678 5092 proprie
708 5026 864 5077 hastae
889 5025 1017 5087 sint,
1048 5038 1256 5089 quarum
1292 5022 1518 5086 cuspides
1542 5022 1737 5073 hederae

411 5125 698 5165 &monocu-
722 5126 752 5165 Ιι

1892 4526 2143 4576 CLXXVI.
2174 4526 2371 4573 Lemma
2397 4536 2410 4564 τ
2434 4524 2497 4577 εἰς
2513 4523 2563 4570 τὸ
2585 4521 2696 4569 αὐτὸ
2718 4524 2801 4567 τοῦ
2824 4519 2984 4567 αὐτοῦ.
3017 4535 3039 4556 «ε
3064 4514 3244 4563 Gallice
3269 4527 3377 4564 ver·

1822 4596 1885 4648 tit
1913 4595 2106 4646 Chardo
2131 4593 2283 4643 Roch.
2312 4591 2448 4641 Misc.
2484 4596 2522 4639 t.
2560 4594 2600 4651 1,
2630 4605 2675 4653 p.
2718 4594 2819 4638 103.
2846 4613 2904 4623 -
2939 4596 2981 4634 1.
3006 4585 3127 4633 Hinc
3158 4583 3369 4632 suidas:

1824 4668 2005 4727 σιγύνη·
2031 4667 2111 4713 καὶ
2142 4664 2377 4724 σιγύνους,
2406 4664 2465 4710 τα
2483 4662 2651 4724 δόρατα
2668 4660 2795 4723 παρὰ
2822 4656 3100 4707 Μακεδόσιν.
3137 4656 3201 4702 Ex
3221 4667 3371 4702 versu

1824 4745 1851 4791 4
1883 4754 1895 4781 =
1922 4738 2132 4789 ἀκόλους·
2152 4736 2397 4795 κλάσματα
2432 4736 2511 4782 καὶ
2544 4732 2816 4794 θραύσματα
2842 4730 3011 4791 ἄρτων.
3046 4744 3070 4767 ²»
3106 4728 3163 4774 B.
3209 4724 3371 4772 sodex

1821 4825 2009 4871 σιγνον,
2038 4804 2340 4869 superposito
2368 4822 2440 4861 υν,
2478 4801 2530 4850 in
2566 4814 2719 4863 marg.
2764 4800 2966 4857 σίγυνον.
2996 4820 3059 4832 -
3079 4802 3105 4843 2
3155 4796 3203 4842 δὲ
3222 4800 3373 4851 ζῶντα

1823 4878 1973 4933 Cods,
2037 4876 2076 4926 δ’
2100 4880 2161 4931 ὡς
2204 4878 2379 4932 ζώοντα
2419 4872 2575 4929 Suid.,
2631 4871 2716 4934 qui
2757 4868 2934 4919 deinde
2976 4868 3194 4925 ταῦ).ιον,
3246 4864 3369 4912 cod.

1823 4950 2033 4999 τωύλίον.
2068 4945 2303 4995 Nimirum
2329 4956 2498 4993 canem
2528 4942 2609 4991 ille
2632 4942 2863 4991 σταξτινον
2888 4935 3159 4993 dedicabat,
3192 4936 3251 4982 ut
3280 4932 3368 4980 bo-

1825 5036 1908 5072 ves
1936 5018 2138 5082 agricola
2162 5030 2237 5079 ep.
2266 5020 2346 5077 40,
2377 5015 2458 5064 ubi
2488 5013 2612 5063 vide.

3106 5091 3157 5132 16
