<?xml version="1.0" encoding="UTF-8"?>
<!DOCTYPE html PUBLIC "-//W3C//DTD XHTML 1.0 Transitional//EN"
    "http://www.w3.org/TR/xhtml1/DTD/xhtml1-transitional.dtd">
<html xmlns="http://www.w3.org/1999/xhtml" xml:lang="en" lang="en">
 <head>
  <title>
</title>
<meta http-equiv="Content-Type" content="text/html;charset=utf-8" />
  <meta name='ocr-system' content='tesseract 3.04.00' />
  <meta name='ocr-capabilities' content='ocr_page ocr_carea ocr_par ocr_line ocrx_word'/>
</head>
<body>
  <div class='ocr_page' id='page_1' title='image "./epigrammatumant00unkngoog_0059.png"; bbox 0 0 3829 5747; ppageno 0'>
   <div class='ocr_carea' id='block_1_1' title="bbox 758 89 3314 158">
    <p class='ocr_par' dir='ltr' id='par_1_1' title="bbox 758 89 3314 158">
     <span class='ocr_line' id='line_1_1' title="bbox 758 89 3314 158; baseline 0.001 -4"><span class='ocrx_word' id='word_1_1' title='bbox 758 94 1007 155; x_wconf 85' lang='lat' dir='ltr'><strong>CAPUT</strong></span> <span class='ocrx_word' id='word_1_2' title='bbox 1049 95 1119 153; x_wconf 88' lang='grc' dir='ltr'><strong>ΙΙ.</strong></span> <span class='ocrx_word' id='word_1_3' title='bbox 1164 89 1661 155; x_wconf 85' lang='lat' dir='ltr'>CHRISTODORI</span> <span class='ocrx_word' id='word_1_4' title='bbox 1705 92 2140 153; x_wconf 86' lang='lat' dir='ltr'>DESCRIPTIO</span> <span class='ocrx_word' id='word_1_5' title='bbox 2189 92 2670 154; x_wconf 87' lang='lat' dir='ltr'>STATUARUM.</span> <span class='ocrx_word' id='word_1_6' title='bbox 3243 110 3314 158; x_wconf 78' lang='grc'><strong>29</strong></span> 
     </span>
    </p>
   </div>
   <div class='ocr_carea' id='block_1_2' title="bbox 86 223 1705 3012">
    <p class='ocr_par' dir='ltr' id='par_1_2' title="bbox 200 223 1447 393">
     <span class='ocr_line' id='line_1_2' title="bbox 202 223 1447 308; baseline -0.006 -17"><span class='ocrx_word' id='word_1_7' title='bbox 202 231 346 291; x_wconf 76' lang='grc' dir='ltr'>οὐδέσι</span> <span class='ocrx_word' id='word_1_8' title='bbox 368 226 560 308; x_wconf 74' lang='grc' dir='ltr'>χαλκὸς</span> <span class='ocrx_word' id='word_1_9' title='bbox 585 226 811 285; x_wconf 76' lang='grc' dir='ltr'>ἔπαυσεν</span> <span class='ocrx_word' id='word_1_10' title='bbox 842 223 1036 296; x_wconf 83' lang='grc' dir='ltr'>ὀῑζύος,</span> <span class='ocrx_word' id='word_1_11' title='bbox 1061 224 1176 283; x_wconf 72' lang='grc' dir='ltr'>οὐδέ</span> <span class='ocrx_word' id='word_1_12' title='bbox 1208 248 1267 283; x_wconf 84' lang='grc' dir='ltr'><strong>σε</strong></span> <span class='ocrx_word' id='word_1_13' title='bbox 1289 224 1447 304; x_wconf 75' lang='grc' dir='ltr'>τέχνη</span> 
     </span>
     <span class='ocr_line' id='line_1_3' title="bbox 200 312 1416 393; baseline -0.007 -16"><span class='ocrx_word' id='word_1_14' title='bbox 200 323 340 383; x_wconf 72' lang='grc' dir='ltr'>ἄπνοος</span> <span class='ocrx_word' id='word_1_15' title='bbox 356 314 652 393; x_wconf 72' lang='grc' dir='ltr'>οἰκτείρασα</span> <span class='ocrx_word' id='word_1_16' title='bbox 681 312 956 377; x_wconf 83' lang='grc' dir='ltr'>δυσαλθέος</span> <span class='ocrx_word' id='word_1_17' title='bbox 986 312 1167 391; x_wconf 78' lang='grc' dir='ltr'>ἔσχεθε</span> <span class='ocrx_word' id='word_1_18' title='bbox 1192 312 1416 383; x_wconf 76' lang='grc' dir='ltr'>λύσσης·</span> 
     </span>
    </p>

    <p class='ocr_par' dir='ltr' id='par_1_3' title="bbox 126 398 1578 829">
     <span class='ocr_line' id='line_1_4' title="bbox 126 398 1544 482; baseline -0.008 -13"><span class='ocrx_word' id='word_1_19' title='bbox 126 432 179 469; x_wconf 73' lang='lat' dir='ltr'><strong>m</strong></span> <span class='ocrx_word' id='word_1_20' title='bbox 200 409 286 467; x_wconf 78' lang='grc' dir='ltr'>ἀλλ’</span> <span class='ocrx_word' id='word_1_21' title='bbox 313 404 374 463; x_wconf 85' lang='grc' dir='ltr'><strong>ἔτι</strong></span> <span class='ocrx_word' id='word_1_22' title='bbox 401 401 762 482; x_wconf 78' lang='grc' dir='ltr'>δακρυχέουσα</span> <span class='ocrx_word' id='word_1_23' title='bbox 788 400 1137 479; x_wconf 77' lang='grc' dir='ltr'>παρίστασαι·</span> <span class='ocrx_word' id='word_1_24' title='bbox 1162 404 1233 467; x_wconf 82' lang='grc' dir='ltr'>ὣς</span> <span class='ocrx_word' id='word_1_25' title='bbox 1248 400 1303 457; x_wconf 78' lang='grc' dir='ltr'><strong>δὲ</strong></span> <span class='ocrx_word' id='word_1_26' title='bbox 1322 398 1544 472; x_wconf 86' lang='grc' dir='ltr'>δοκεύω,</span> 
     </span>
     <span class='ocr_line' id='line_1_5' title="bbox 196 483 1520 568; baseline -0.008 -15"><span class='ocrx_word' id='word_1_27' title='bbox 196 494 329 553; x_wconf 76' lang='grc' dir='ltr'>οὐκέτι</span> <span class='ocrx_word' id='word_1_28' title='bbox 350 488 595 561; x_wconf 75' lang='grc' dir='ltr'>δυστήνου</span> <span class='ocrx_word' id='word_1_29' title='bbox 632 488 791 568; x_wconf 82' lang='grc' dir='ltr'>μόρον</span> <span class='ocrx_word' id='word_1_30' title='bbox 821 483 1079 566; x_wconf 85' lang='grc' dir='ltr'>Ἕκτορος</span> <span class='ocrx_word' id='word_1_31' title='bbox 1096 532 1113 563; x_wconf 95' lang='grc'>,</span> <span class='ocrx_word' id='word_1_32' title='bbox 1138 488 1253 545; x_wconf 79' lang='grc' dir='ltr'>οὐδὲ</span> <span class='ocrx_word' id='word_1_33' title='bbox 1276 486 1520 557; x_wconf 82' lang='grc' dir='ltr'>ταλαίνης</span> 
     </span>
     <span class='ocr_line' id='line_1_6' title="bbox 196 572 1575 661; baseline -0.005 -24"><span class='ocrx_word' id='word_1_34' title='bbox 196 578 499 661; x_wconf 71' lang='grc' dir='ltr'>Ἀνδρομάχης</span> <span class='ocrx_word' id='word_1_35' title='bbox 530 574 661 655; x_wconf 70' lang='grc' dir='ltr'>βαρὺ</span> <span class='ocrx_word' id='word_1_36' title='bbox 686 574 875 639; x_wconf 85' lang='grc' dir='ltr'>πένθος</span> <span class='ocrx_word' id='word_1_37' title='bbox 898 573 1104 652; x_wconf 82' lang='grc' dir='ltr'>ὀδύρεαι</span> <span class='ocrx_word' id='word_1_38' title='bbox 1122 618 1137 646; x_wconf 98' lang='grc'>,</span> <span class='ocrx_word' id='word_1_39' title='bbox 1158 572 1292 631; x_wconf 74' lang='grc' dir='ltr'>ἀλλὰ</span> <span class='ocrx_word' id='word_1_40' title='bbox 1316 578 1575 632; x_wconf 76' lang='grc' dir='ltr'>πεσοῦσαν</span> 
     </span>
     <span class='ocr_line' id='line_1_7' title="bbox 198 657 1578 743; baseline -0.006 -20"><span class='ocrx_word' id='word_1_41' title='bbox 198 667 374 743; x_wconf 80' lang='grc' dir='ltr'>πατρίδα</span> <span class='ocrx_word' id='word_1_42' title='bbox 398 662 521 733; x_wconf 74' lang='grc' dir='ltr'>σήν·</span> <span class='ocrx_word' id='word_1_43' title='bbox 554 670 715 740; x_wconf 73' lang='grc' dir='ltr'>φᾶρος</span> <span class='ocrx_word' id='word_1_44' title='bbox 736 658 838 737; x_wconf 81' lang='grc' dir='ltr'>γὰρ</span> <span class='ocrx_word' id='word_1_45' title='bbox 866 657 1139 736; x_wconf 76' lang='grc' dir='ltr'>ἐπικρεμὲς</span> <span class='ocrx_word' id='word_1_46' title='bbox 1162 658 1296 736; x_wconf 79' lang='grc' dir='ltr'>ἀμφὶ</span> <span class='ocrx_word' id='word_1_47' title='bbox 1314 658 1578 738; x_wconf 79' lang='grc' dir='ltr'>προσώπῳ</span> 
     </span>
     <span class='ocr_line' id='line_1_8' title="bbox 195 744 1486 829; baseline -0.005 -20"><span class='ocrx_word' id='word_1_48' title='bbox 195 753 373 829; x_wconf 73' lang='grc' dir='ltr'>πήματα</span> <span class='ocrx_word' id='word_1_49' title='bbox 394 748 489 826; x_wconf 79' lang='grc' dir='ltr'><strong>μὲν</strong></span> <span class='ocrx_word' id='word_1_50' title='bbox 514 748 788 819; x_wconf 82' lang='grc' dir='ltr'>δείκνυσιν,</span> <span class='ocrx_word' id='word_1_51' title='bbox 812 745 1197 822; x_wconf 82' lang='grc' dir='ltr'>ἀπαγγέλλουσι</span> <span class='ocrx_word' id='word_1_52' title='bbox 1220 746 1274 803; x_wconf 82' lang='grc' dir='ltr'><strong>δὲ</strong></span> <span class='ocrx_word' id='word_1_53' title='bbox 1297 744 1486 803; x_wconf 81' lang='grc' dir='ltr'>πέπλοι</span> 
     </span>
    </p>

    <p class='ocr_par' dir='ltr' id='par_1_4' title="bbox 122 829 1582 1173">
     <span class='ocr_line' id='line_1_9' title="bbox 122 829 1509 915; baseline -0.009 -15"><span class='ocrx_word' id='word_1_54' title='bbox 122 864 177 900; x_wconf 76' lang='lat'><strong>18⁵</strong></span> <span class='ocrx_word' id='word_1_55' title='bbox 199 840 338 904; x_wconf 77' lang='grc' dir='ltr'>πένθος</span> <span class='ocrx_word' id='word_1_56' title='bbox 360 833 671 915; x_wconf 77' lang='grc' dir='ltr'>ὓποὸρύχιον</span> <span class='ocrx_word' id='word_1_57' title='bbox 698 829 1083 911; x_wconf 81' lang='grc' dir='ltr'>κεχαλασμένοι</span> <span class='ocrx_word' id='word_1_58' title='bbox 1113 832 1238 911; x_wconf 82' lang='grc' dir='ltr'>ἄχρι</span> <span class='ocrx_word' id='word_1_59' title='bbox 1264 832 1509 891; x_wconf 84' lang='grc' dir='ltr'>πεδίλων·</span> 
     </span>
     <span class='ocr_line' id='line_1_10' title="bbox 197 917 1559 1003; baseline -0.006 -21"><span class='ocrx_word' id='word_1_60' title='bbox 197 929 315 1003; x_wconf 81' lang='grc' dir='ltr'>ἄλγιῖ</span> <span class='ocrx_word' id='word_1_61' title='bbox 334 924 425 1002; x_wconf 75' lang='grc' dir='ltr'>γὰρ</span> <span class='ocrx_word' id='word_1_62' title='bbox 448 922 679 999; x_wconf 80' lang='grc' dir='ltr'>πυμάτῳ</span> <span class='ocrx_word' id='word_1_63' title='bbox 704 920 913 977; x_wconf 82' lang='grc' dir='ltr'>δέδεσαι</span> <span class='ocrx_word' id='word_1_64' title='bbox 942 917 1103 999; x_wconf 77' lang='grc' dir='ltr'>φρένα</span> <span class='ocrx_word' id='word_1_65' title='bbox 1119 963 1135 991; x_wconf 87' lang='grc'>,</span> <span class='ocrx_word' id='word_1_66' title='bbox 1163 918 1317 976; x_wconf 80' lang='grc' dir='ltr'>καδδὲ</span> <span class='ocrx_word' id='word_1_67' title='bbox 1340 924 1559 997; x_wconf 78' lang='grc' dir='ltr'>παρειῆς</span> 
     </span>
     <span class='ocr_line' id='line_1_11' title="bbox 198 1003 1582 1091; baseline -0.007 -21"><span class='ocrx_word' id='word_1_68' title='bbox 198 1014 355 1091; x_wconf 78' lang='grc' dir='ltr'>δάκρυα</span> <span class='ocrx_word' id='word_1_69' title='bbox 372 1011 463 1085; x_wconf 82' lang='grc' dir='ltr'><strong>μὲν</strong></span> <span class='ocrx_word' id='word_1_70' title='bbox 484 1008 729 1072; x_wconf 78' lang='grc' dir='ltr'>σταλάεις</span> <span class='ocrx_word' id='word_1_71' title='bbox 744 1050 761 1077; x_wconf 92' lang='grc'>,</span> <span class='ocrx_word' id='word_1_72' title='bbox 786 1005 847 1063; x_wconf 80' lang='grc' dir='ltr'><strong>τὸ</strong></span> <span class='ocrx_word' id='word_1_73' title='bbox 868 1004 923 1063; x_wconf 76' lang='grc' dir='ltr'><strong>δὲ</strong></span> <span class='ocrx_word' id='word_1_74' title='bbox 954 1005 1175 1083; x_wconf 81' lang='grc' dir='ltr'>δάκρυον</span> <span class='ocrx_word' id='word_1_75' title='bbox 1198 1003 1379 1063; x_wconf 77' lang='grc' dir='ltr'>ἔσὸεσε</span> <span class='ocrx_word' id='word_1_76' title='bbox 1399 1003 1582 1082; x_wconf 81' lang='grc' dir='ltr'>τέχνη,</span> 
     </span>
     <span class='ocr_line' id='line_1_12' title="bbox 196 1090 1461 1173; baseline -0.009 -16"><span class='ocrx_word' id='word_1_77' title='bbox 196 1100 377 1157; x_wconf 75' lang='grc' dir='ltr'>ἄπλετον</span> <span class='ocrx_word' id='word_1_78' title='bbox 402 1096 739 1173; x_wconf 78' lang='grc' dir='ltr'>ἀγγέλλουσα</span> <span class='ocrx_word' id='word_1_79' title='bbox 765 1092 1039 1157; x_wconf 83' lang='grc' dir='ltr'>δυσαλθέος</span> <span class='ocrx_word' id='word_1_80' title='bbox 1064 1090 1265 1169; x_wconf 77' lang='grc' dir='ltr'>αὐχμὸν</span> <span class='ocrx_word' id='word_1_81' title='bbox 1295 1090 1461 1161; x_wconf 81' lang='grc' dir='ltr'>ἀνίης.</span> 
     </span>
    </p>

    <p class='ocr_par' dir='ltr' id='par_1_5' title="bbox 86 1176 1705 3012">
     <span class='ocr_line' id='line_1_13' title="bbox 260 1176 1622 1259; baseline -0.005 -17"><span class='ocrx_word' id='word_1_82' title='bbox 260 1182 585 1259; x_wconf 72' lang='grc' dir='ltr'>Κασσάνδρην</span> <span class='ocrx_word' id='word_1_83' title='bbox 610 1182 659 1238; x_wconf 83' lang='grc' dir='ltr'><strong>δ’</strong></span> <span class='ocrx_word' id='word_1_84' title='bbox 688 1179 879 1249; x_wconf 74' lang='grc' dir='ltr'>ἐνόησα</span> <span class='ocrx_word' id='word_1_85' title='bbox 907 1176 1226 1257; x_wconf 76' lang='grc' dir='ltr'>θεοπρόπον,</span> <span class='ocrx_word' id='word_1_86' title='bbox 1254 1179 1371 1237; x_wconf 81' lang='grc' dir='ltr'>ἀλλ’</span> <span class='ocrx_word' id='word_1_87' title='bbox 1398 1178 1474 1236; x_wconf 74' lang='grc' dir='ltr'><strong>ἐνὶ</strong></span> <span class='ocrx_word' id='word_1_88' title='bbox 1502 1182 1622 1257; x_wconf 86' lang='grc' dir='ltr'>σιγῇ</span> 
     </span>
     <span class='ocr_line' id='line_1_14' title="bbox 114 1262 1623 1349; baseline -0.003 -21"><span class='ocrx_word' id='word_1_89' title='bbox 114 1296 175 1334; x_wconf 75' lang='lat' dir='ltr'><strong>m</strong></span> <span class='ocrx_word' id='word_1_90' title='bbox 196 1268 469 1349; x_wconf 55' lang='grc' dir='ltr'>μιμουμένη</span> <span class='ocrx_word' id='word_1_91' title='bbox 504 1272 759 1347; x_wconf 69' lang='grc' dir='ltr'>γενετῆρα</span> <span class='ocrx_word' id='word_1_92' title='bbox 776 1312 793 1341; x_wconf 96' lang='grc'>,</span> <span class='ocrx_word' id='word_1_93' title='bbox 824 1270 985 1345; x_wconf 65' lang='grc' dir='ltr'>σοφῆς</span> <span class='ocrx_word' id='word_1_94' title='bbox 1010 1262 1374 1341; x_wconf 78' lang='grc' dir='ltr'>ἀνεπίμπλατο</span> <span class='ocrx_word' id='word_1_95' title='bbox 1400 1264 1623 1343; x_wconf 81' lang='grc' dir='ltr'>λύσσης,</span> 
     </span>
     <span class='ocr_line' id='line_1_15' title="bbox 194 1348 1501 1431; baseline -0.004 -18"><span class='ocrx_word' id='word_1_96' title='bbox 194 1348 262 1415; x_wconf 78' lang='grc' dir='ltr'>οἶά</span> <span class='ocrx_word' id='word_1_97' title='bbox 282 1380 331 1415; x_wconf 86' lang='grc' dir='ltr'><strong>τε</strong></span> <span class='ocrx_word' id='word_1_98' title='bbox 356 1352 668 1423; x_wconf 80' lang='grc' dir='ltr'>θεσπίζουσα</span> <span class='ocrx_word' id='word_1_99' title='bbox 696 1353 1005 1412; x_wconf 82' lang='grc' dir='ltr'>πανύστατα</span> <span class='ocrx_word' id='word_1_100' title='bbox 1034 1350 1256 1427; x_wconf 73' lang='grc' dir='ltr'>πήματα</span> <span class='ocrx_word' id='word_1_101' title='bbox 1280 1349 1501 1431; x_wconf 79' lang='grc' dir='ltr'>πάτρης.</span> 
     </span>
     <span class='ocr_line' id='line_1_16' title="bbox 262 1437 1705 1526; baseline -0.007 -22"><span class='ocrx_word' id='word_1_102' title='bbox 262 1447 441 1526; x_wconf 53' lang='lat' dir='ltr'><strong>[lappae</strong></span> <span class='ocrx_word' id='word_1_103' title='bbox 470 1443 513 1502; x_wconf 84' lang='grc' dir='ltr'><strong>δ’</strong></span> <span class='ocrx_word' id='word_1_104' title='bbox 543 1442 702 1509; x_wconf 78' lang='grc' dir='ltr'>ἄλλος</span> <span class='ocrx_word' id='word_1_105' title='bbox 739 1443 830 1513; x_wconf 84' lang='grc' dir='ltr'><strong>ἔην</strong></span> <span class='ocrx_word' id='word_1_106' title='bbox 864 1443 1225 1520; x_wconf 79' lang='grc' dir='ltr'>πτολιπόρθιος</span> <span class='ocrx_word' id='word_1_107' title='bbox 1238 1464 1249 1475; x_wconf 92' lang='grc'><em>·</em></span> <span class='ocrx_word' id='word_1_108' title='bbox 1289 1444 1383 1500; x_wconf 78' lang='grc' dir='ltr'><strong>οὐκ</strong></span> <span class='ocrx_word' id='word_1_109' title='bbox 1411 1440 1496 1497; x_wconf 79' lang='grc' dir='ltr'>ἐπὶ</span> <span class='ocrx_word' id='word_1_110' title='bbox 1519 1437 1705 1520; x_wconf 80' lang='grc' dir='ltr'>χαίτης</span> 
     </span>
     <span class='ocr_line' id='line_1_17' title="bbox 191 1528 1565 1611; baseline -0.007 -17"><span class='ocrx_word' id='word_1_111' title='bbox 191 1536 449 1610; x_wconf 74' lang='grc' dir='ltr'>ἱππόκομον</span> <span class='ocrx_word' id='word_1_112' title='bbox 477 1530 794 1611; x_wconf 73' lang='grc' dir='ltr'>τρυφάλειαν</span> <span class='ocrx_word' id='word_1_113' title='bbox 824 1530 958 1609; x_wconf 77' lang='grc' dir='ltr'>ἔχων</span> <span class='ocrx_word' id='word_1_114' title='bbox 974 1574 992 1605; x_wconf 87' lang='grc'>,</span> <span class='ocrx_word' id='word_1_115' title='bbox 1024 1531 1115 1588; x_wconf 78' lang='grc' dir='ltr'><strong>οὐκ</strong></span> <span class='ocrx_word' id='word_1_116' title='bbox 1137 1528 1289 1607; x_wconf 78' lang='grc' dir='ltr'>ἔγχος</span> <span class='ocrx_word' id='word_1_117' title='bbox 1312 1528 1531 1587; x_wconf 78' lang='grc' dir='ltr'>ἑλίσσων</span> <span class='ocrx_word' id='word_1_118' title='bbox 1546 1572 1565 1601; x_wconf 91' lang='grc'>,</span> 
     </span>
     <span class='ocr_line' id='line_1_18' title="bbox 195 1607 1625 1701; baseline -0.007 -20"><span class='ocrx_word' id='word_1_119' title='bbox 195 1621 293 1681; x_wconf 72' lang='grc' dir='ltr'>ἀλλ’</span> <span class='ocrx_word' id='word_1_120' title='bbox 320 1622 409 1701; x_wconf 80' lang='grc' dir='ltr'><strong>ἄρα</strong></span> <span class='ocrx_word' id='word_1_121' title='bbox 428 1621 625 1698; x_wconf 76' lang='grc' dir='ltr'>γυμνὸς</span> <span class='ocrx_word' id='word_1_122' title='bbox 644 1618 850 1695; x_wconf 84' lang='grc' dir='ltr'>ἔλαμπε</span> <span class='ocrx_word' id='word_1_123' title='bbox 866 1663 885 1691; x_wconf 94' lang='grc'>,</span> <span class='ocrx_word' id='word_1_124' title='bbox 912 1618 999 1676; x_wconf 72' lang='grc' dir='ltr'><strong>καὶ</strong></span> <span class='ocrx_word' id='word_1_125' title='bbox 1029 1616 1215 1695; x_wconf 74' lang='grc' dir='ltr'>ἅχνοον</span> <span class='ocrx_word' id='word_1_126' title='bbox 1234 1607 1371 1697; x_wconf 54' lang='grc' dir='ltr'>εἶχεν</span> <span class='ocrx_word' id='word_1_127' title='bbox 1394 1616 1595 1687; x_wconf 75' lang='grc' dir='ltr'>ὑπήνην</span> <span class='ocrx_word' id='word_1_128' title='bbox 1612 1637 1625 1651; x_wconf 93' lang='grc'><em>·</em></span> 
     </span>
     <span class='ocr_line' id='line_1_19' title="bbox 104 1703 1509 1787; baseline -0.006 -18"><span class='ocrx_word' id='word_1_129' title='bbox 104 1733 165 1769; x_wconf 69' lang='lat'><strong>1⁹5·</strong></span> <span class='ocrx_word' id='word_1_130' title='bbox 190 1709 417 1787; x_wconf 73' lang='grc' dir='ltr'>δεξιτερὴν</span> <span class='ocrx_word' id='word_1_131' title='bbox 446 1709 495 1764; x_wconf 80' lang='grc' dir='ltr'><strong>δ’</strong></span> <span class='ocrx_word' id='word_1_132' title='bbox 524 1705 780 1765; x_wconf 83' lang='grc' dir='ltr'>ἀνέτεινεν</span> <span class='ocrx_word' id='word_1_133' title='bbox 815 1705 937 1781; x_wconf 72' lang='grc' dir='ltr'>ἑὴν,</span> <span class='ocrx_word' id='word_1_134' title='bbox 974 1706 1304 1783; x_wconf 80' lang='grc' dir='ltr'>ἐπιμάρτυρα</span> <span class='ocrx_word' id='word_1_135' title='bbox 1338 1703 1509 1775; x_wconf 82' lang='grc' dir='ltr'>νίκης,</span> 
     </span>
     <span class='ocr_line' id='line_1_20' title="bbox 186 1790 1543 1872; baseline -0.003 -16"><span class='ocrx_word' id='word_1_136' title='bbox 186 1797 296 1863; x_wconf 68' lang='grc' dir='ltr'>λοξὰ</span> <span class='ocrx_word' id='word_1_137' title='bbox 324 1796 632 1863; x_wconf 78' lang='grc' dir='ltr'>Πολυξείνην</span> <span class='ocrx_word' id='word_1_138' title='bbox 665 1792 1027 1872; x_wconf 81' lang='grc' dir='ltr'>βαρυδᾶκρυον</span> <span class='ocrx_word' id='word_1_139' title='bbox 1058 1790 1262 1867; x_wconf 80' lang='grc' dir='ltr'>ὄμματι</span> <span class='ocrx_word' id='word_1_140' title='bbox 1289 1793 1543 1852; x_wconf 85' lang='grc' dir='ltr'>λεύσσων.</span> 
     </span>
     <span class='ocr_line' id='line_1_21' title="bbox 252 1881 1509 1961; baseline -0.006 -15"><span class='ocrx_word' id='word_1_141' title='bbox 252 1883 403 1955; x_wconf 74' lang='grc' dir='ltr'>Εἰπὲ,</span> <span class='ocrx_word' id='word_1_142' title='bbox 421 1882 707 1953; x_wconf 82' lang='grc' dir='ltr'>Πολυξείνη</span> <span class='ocrx_word' id='word_1_143' title='bbox 737 1881 1055 1961; x_wconf 81' lang='grc' dir='ltr'>δυσπάρθενε</span> <span class='ocrx_word' id='word_1_144' title='bbox 1071 1926 1087 1953; x_wconf 90' lang='grc'>,</span> <span class='ocrx_word' id='word_1_145' title='bbox 1110 1882 1185 1947; x_wconf 88' lang='grc' dir='ltr'><strong>τίς</strong></span> <span class='ocrx_word' id='word_1_146' title='bbox 1206 1905 1285 1940; x_wconf 92' lang='grc' dir='ltr'><strong>τοι</strong></span> <span class='ocrx_word' id='word_1_147' title='bbox 1310 1882 1509 1959; x_wconf 78' lang='grc' dir='ltr'>ἀνάγκη</span> 
     </span>
     <span class='ocr_line' id='line_1_22' title="bbox 180 1967 1548 2054; baseline -0.004 -24"><span class='ocrx_word' id='word_1_148' title='bbox 180 1976 347 2054; x_wconf 77' lang='grc' dir='ltr'>χαλκῷ</span> <span class='ocrx_word' id='word_1_149' title='bbox 372 1974 422 2028; x_wconf 80' lang='grc' dir='ltr'><strong>ἐν</strong></span> <span class='ocrx_word' id='word_1_150' title='bbox 450 1968 697 2049; x_wconf 68' lang='grc' dir='ltr'>ἀφθόγγῳ</span> <span class='ocrx_word' id='word_1_151' title='bbox 726 1967 1060 2047; x_wconf 74' lang='grc' dir='ltr'>κεκρυμμένα</span> <span class='ocrx_word' id='word_1_152' title='bbox 1093 1969 1291 2045; x_wconf 80' lang='grc' dir='ltr'>δάκρυα</span> <span class='ocrx_word' id='word_1_153' title='bbox 1323 1968 1548 2047; x_wconf 74' lang='grc' dir='ltr'>λείὸειν;</span> 
     </span>
     <span class='ocr_line' id='line_1_23' title="bbox 176 2054 1474 2139; baseline -0.006 -20"><span class='ocrx_word' id='word_1_154' title='bbox 176 2065 273 2126; x_wconf 74' lang='grc' dir='ltr'><strong>πῶς</strong></span> <span class='ocrx_word' id='word_1_155' title='bbox 292 2062 347 2119; x_wconf 83' lang='grc' dir='ltr'><strong>δὲ</strong></span> <span class='ocrx_word' id='word_1_156' title='bbox 378 2064 484 2139; x_wconf 76' lang='grc' dir='ltr'><strong>τεῷ</strong></span> <span class='ocrx_word' id='word_1_157' title='bbox 510 2058 799 2136; x_wconf 79' lang='grc' dir='ltr'>κρήδεμνον</span> <span class='ocrx_word' id='word_1_158' title='bbox 828 2054 1182 2136; x_wconf 85' lang='grc' dir='ltr'>ἐπειρύσσασα</span> <span class='ocrx_word' id='word_1_159' title='bbox 1208 2054 1474 2133; x_wconf 83' lang='grc' dir='ltr'>προσώπῳ</span> 
     </span>
     <span class='ocr_line' id='line_1_24' title="bbox 89 2141 1511 2223; baseline -0.006 -16"><span class='ocrx_word' id='word_1_160' title='bbox 89 2171 153 2207; x_wconf 64' lang='grc' dir='ltr'><strong>πω</strong></span> <span class='ocrx_word' id='word_1_161' title='bbox 174 2150 397 2219; x_wconf 79' lang='grc' dir='ltr'>ἵστασαι,</span> <span class='ocrx_word' id='word_1_162' title='bbox 426 2144 684 2223; x_wconf 77' lang='grc' dir='ltr'>αἰδομένη</span> <span class='ocrx_word' id='word_1_163' title='bbox 706 2142 801 2218; x_wconf 84' lang='grc' dir='ltr'><strong>μὲν</strong></span> <span class='ocrx_word' id='word_1_164' title='bbox 834 2141 1063 2218; x_wconf 80' lang='grc' dir='ltr'>ἀλίγκιος</span> <span class='ocrx_word' id='word_1_165' title='bbox 1081 2186 1097 2211; x_wconf 86' lang='grc'>,</span> <span class='ocrx_word' id='word_1_166' title='bbox 1124 2142 1235 2200; x_wconf 80' lang='grc' dir='ltr'>ἀλλ’</span> <span class='ocrx_word' id='word_1_167' title='bbox 1260 2141 1333 2200; x_wconf 71' lang='grc' dir='ltr'><strong>ἐνὶ</strong></span> <span class='ocrx_word' id='word_1_168' title='bbox 1368 2144 1511 2219; x_wconf 78' lang='grc' dir='ltr'>θυμῷ</span> 
     </span>
     <span class='ocr_line' id='line_1_25' title="bbox 174 2228 1514 2315; baseline -0.007 -20"><span class='ocrx_word' id='word_1_169' title='bbox 174 2237 337 2303; x_wconf 78' lang='grc' dir='ltr'>πένθος</span> <span class='ocrx_word' id='word_1_170' title='bbox 356 2236 533 2315; x_wconf 72' lang='grc' dir='ltr'>ἔγειςς</span> <span class='ocrx_word' id='word_1_171' title='bbox 562 2231 642 2310; x_wconf 81' lang='grc' dir='ltr'><strong>μὴ</strong></span> <span class='ocrx_word' id='word_1_172' title='bbox 664 2232 728 2301; x_wconf 82' lang='grc' dir='ltr'><strong>δή</strong></span> <span class='ocrx_word' id='word_1_173' title='bbox 758 2252 819 2287; x_wconf 88' lang='grc' dir='ltr'><strong>σε</strong></span> <span class='ocrx_word' id='word_1_174' title='bbox 836 2229 949 2287; x_wconf 82' lang='grc' dir='ltr'>τεὸν</span> <span class='ocrx_word' id='word_1_175' title='bbox 968 2228 1266 2309; x_wconf 85' lang='grc' dir='ltr'>πτολίεθρον</span> <span class='ocrx_word' id='word_1_176' title='bbox 1297 2228 1514 2295; x_wconf 85' lang='grc' dir='ltr'>ὀλέσσας</span> 
     </span>
     <span class='ocr_line' id='line_1_26' title="bbox 171 2302 1463 2403; baseline -0.008 -21"><span class='ocrx_word' id='word_1_177' title='bbox 171 2322 315 2391; x_wconf 73' lang='grc' dir='ltr'>ληίδα</span> <span class='ocrx_word' id='word_1_178' title='bbox 346 2302 550 2403; x_wconf 70' lang='grc' dir='ltr'>Πύρρος</span> <span class='ocrx_word' id='word_1_179' title='bbox 577 2320 696 2400; x_wconf 74' lang='grc' dir='ltr'>ἔχοι</span> <span class='ocrx_word' id='word_1_180' title='bbox 724 2316 1011 2388; x_wconf 81' lang='grc' dir='ltr'>Φθιώτιος;</span> <span class='ocrx_word' id='word_1_181' title='bbox 1042 2315 1157 2374; x_wconf 79' lang='grc' dir='ltr'>οὐδέ</span> <span class='ocrx_word' id='word_1_182' title='bbox 1195 2339 1253 2373; x_wconf 91' lang='grc' dir='ltr'><strong>σε</strong></span> <span class='ocrx_word' id='word_1_183' title='bbox 1292 2314 1463 2395; x_wconf 73' lang='grc' dir='ltr'>μορφὴ</span> 
     </span>
     <span class='ocr_line' id='line_1_27' title="bbox 174 2401 1401 2489; baseline -0.007 -22"><span class='ocrx_word' id='word_1_184' title='bbox 174 2412 353 2489; x_wconf 75' lang='grc' dir='ltr'>ῥύσατο</span> <span class='ocrx_word' id='word_1_185' title='bbox 374 2409 669 2477; x_wconf 84' lang='grc' dir='ltr'>τοξεύσασα</span> <span class='ocrx_word' id='word_1_186' title='bbox 704 2403 1096 2480; x_wconf 72' lang='grc' dir='ltr'><strong>1Νεοπτολέμοιο</strong></span> <span class='ocrx_word' id='word_1_187' title='bbox 1128 2401 1401 2479; x_wconf 80' lang='grc' dir='ltr'>μενοινὴν,</span> 
     </span>
     <span class='ocr_line' id='line_1_28' title="bbox 168 2493 1317 2577; baseline -0.006 -24"><span class='ocrx_word' id='word_1_188' title='bbox 168 2498 199 2566; x_wconf 75' lang='grc' dir='ltr'>ἦ</span> <span class='ocrx_word' id='word_1_189' title='bbox 227 2521 347 2555; x_wconf 79' lang='grc' dir='ltr'>ποτε</span> <span class='ocrx_word' id='word_1_190' title='bbox 367 2496 680 2577; x_wconf 77' lang='grc' dir='ltr'>θηρεύσασα</span> <span class='ocrx_word' id='word_1_191' title='bbox 708 2497 829 2550; x_wconf 74' lang='grc' dir='ltr'>τεοῦ</span> <span class='ocrx_word' id='word_1_192' title='bbox 852 2493 1105 2569; x_wconf 74' lang='grc' dir='ltr'>γενετῆρα</span> <span class='ocrx_word' id='word_1_193' title='bbox 1133 2494 1317 2569; x_wconf 72' lang='grc' dir='ltr'>φονῆος</span> 
     </span>
     <span class='ocr_line' id='line_1_29' title="bbox 86 2571 1489 2656; baseline 0 -19"><span class='ocrx_word' id='word_1_194' title='bbox 86 2604 149 2637; x_wconf 66' lang='lat' dir='ltr'><strong>ms</strong></span> <span class='ocrx_word' id='word_1_195' title='bbox 174 2589 233 2649; x_wconf 80' lang='grc' dir='ltr'>εἷς</span> <span class='ocrx_word' id='word_1_196' title='bbox 261 2585 397 2644; x_wconf 86' lang='grc' dir='ltr'>λίνον</span> <span class='ocrx_word' id='word_1_197' title='bbox 425 2584 839 2644; x_wconf 62' lang='grc' dir='ltr'>αὐτοκέλευστον</span> <span class='ocrx_word' id='word_1_198' title='bbox 868 2580 1083 2645; x_wconf 81' lang='grc' dir='ltr'>ἀελπέος</span> <span class='ocrx_word' id='word_1_199' title='bbox 1106 2571 1228 2655; x_wconf 72' lang='grc' dir='ltr'>ἦγεν</span> <span class='ocrx_word' id='word_1_200' title='bbox 1260 2578 1489 2656; x_wconf 86' lang='grc' dir='ltr'>ὀλέθρου.</span> 
     </span>
     <span class='ocr_line' id='line_1_30' title="bbox 172 2665 1632 2749; baseline -0.008 -18"><span class='ocrx_word' id='word_1_201' title='bbox 172 2674 265 2731; x_wconf 65' lang='lat' dir='ltr'><strong>Sal</strong></span> <span class='ocrx_word' id='word_1_202' title='bbox 294 2673 369 2749; x_wconf 74' lang='grc' dir='ltr'><strong>μὰ</strong></span> <span class='ocrx_word' id='word_1_203' title='bbox 398 2674 495 2731; x_wconf 82' lang='grc' dir='ltr'><strong>τὸν</strong></span> <span class='ocrx_word' id='word_1_204' title='bbox 520 2673 575 2729; x_wconf 81' lang='grc' dir='ltr'><strong>ἐν</strong></span> <span class='ocrx_word' id='word_1_205' title='bbox 618 2672 803 2748; x_wconf 80' lang='grc' dir='ltr'>χαλκῷ</span> <span class='ocrx_word' id='word_1_206' title='bbox 836 2666 1007 2745; x_wconf 82' lang='grc' dir='ltr'>νοερὸν</span> <span class='ocrx_word' id='word_1_207' title='bbox 1036 2666 1226 2737; x_wconf 86' lang='grc' dir='ltr'>τύπον,</span> <span class='ocrx_word' id='word_1_208' title='bbox 1250 2666 1296 2723; x_wconf 79' lang='grc' dir='ltr'>εἴ</span> <span class='ocrx_word' id='word_1_209' title='bbox 1322 2665 1382 2722; x_wconf 88' lang='grc' dir='ltr'><strong>νύ</strong></span> <span class='ocrx_word' id='word_1_210' title='bbox 1406 2688 1464 2723; x_wconf 89' lang='grc' dir='ltr'><strong>σε</strong></span> <span class='ocrx_word' id='word_1_211' title='bbox 1489 2666 1632 2735; x_wconf 88' lang='grc' dir='ltr'>τοίην</span> 
     </span>
     <span class='ocr_line' id='line_1_31' title="bbox 169 2752 1557 2856; baseline -0.006 -40"><span class='ocrx_word' id='word_1_212' title='bbox 169 2760 339 2837; x_wconf 73' lang='grc' dir='ltr'>ἔδρακε</span> <span class='ocrx_word' id='word_1_213' title='bbox 373 2760 585 2839; x_wconf 69' lang='grc' dir='ltr'>Πύρῤος</span> <span class='ocrx_word' id='word_1_214' title='bbox 616 2756 779 2827; x_wconf 80' lang='grc' dir='ltr'>ἄναξ,</span> <span class='ocrx_word' id='word_1_215' title='bbox 804 2756 950 2856; x_wconf 34' lang='grc' dir='ltr'>τοί-(γα</span> <span class='ocrx_word' id='word_1_216' title='bbox 980 2776 1066 2813; x_wconf 89' lang='grc' dir='ltr'><strong>κεν</strong></span> <span class='ocrx_word' id='word_1_217' title='bbox 1096 2752 1311 2823; x_wconf 80' lang='grc' dir='ltr'>ξυνήονα</span> <span class='ocrx_word' id='word_1_218' title='bbox 1331 2754 1557 2833; x_wconf 84' lang='grc' dir='ltr'>λέκτρων</span> 
     </span>
     <span class='ocr_line' id='line_1_32' title="bbox 164 2839 1437 2926; baseline -0.005 -19"><span class='ocrx_word' id='word_1_219' title='bbox 164 2846 311 2924; x_wconf 72' lang='grc' dir='ltr'>ἤγετο</span> <span class='ocrx_word' id='word_1_220' title='bbox 328 2895 345 2921; x_wconf 81' lang='lat'>,</span> <span class='ocrx_word' id='word_1_221' title='bbox 383 2845 643 2926; x_wconf 82' lang='grc' dir='ltr'>πατρῴης</span> <span class='ocrx_word' id='word_1_222' title='bbox 666 2839 938 2925; x_wconf 80' lang='grc' dir='ltr'>προλιπὼν</span> <span class='ocrx_word' id='word_1_223' title='bbox 968 2839 1207 2918; x_wconf 74' lang='grc' dir='ltr'>μνημήῖα</span> <span class='ocrx_word' id='word_1_224' title='bbox 1234 2840 1437 2918; x_wconf 84' lang='grc' dir='ltr'>μοίρης.</span> 
     </span>
     <span class='ocr_line' id='line_1_33' title="bbox 236 2926 1639 3012; baseline -0.009 -16"><span class='ocrx_word' id='word_1_225' title='bbox 236 2935 565 3012; x_wconf 79' lang='grc' dir='ltr'>Ἤγασᾶμην</span> <span class='ocrx_word' id='word_1_226' title='bbox 598 2935 646 2990; x_wconf 85' lang='grc' dir='ltr'><strong>δ’</strong></span> <span class='ocrx_word' id='word_1_227' title='bbox 675 2932 877 2990; x_wconf 84' lang='grc' dir='ltr'>Αἴαντα</span> <span class='ocrx_word' id='word_1_228' title='bbox 895 2977 910 3002; x_wconf 89' lang='grc'>,</span> <span class='ocrx_word' id='word_1_229' title='bbox 944 2929 1033 2988; x_wconf 81' lang='grc' dir='ltr'><strong>τὸν</strong></span> <span class='ocrx_word' id='word_1_230' title='bbox 1062 2927 1406 3008; x_wconf 77' lang='grc' dir='ltr'>ὀὸριμόθυμος</span> <span class='ocrx_word' id='word_1_231' title='bbox 1434 2926 1639 2992; x_wconf 77' lang='grc' dir='ltr'>Ὀῑλεὺς</span> 
     </span>
    </p>
   </div>
   <div class='ocr_carea' id='block_1_3' title="bbox 1779 222 3333 375">
    <p class='ocr_par' dir='ltr' id='par_1_6' title="bbox 1779 222 3333 375">
     <span class='ocr_line' id='line_1_34' title="bbox 1779 222 2854 285; baseline 0 -13"><span class='ocrx_word' id='word_1_232' title='bbox 1779 236 1937 285; x_wconf 88' lang='lat' dir='ltr'><strong>neque</strong></span> <span class='ocrx_word' id='word_1_233' title='bbox 1956 235 2027 272; x_wconf 83' lang='lat' dir='ltr'><strong>aes</strong></span> <span class='ocrx_word' id='word_1_234' title='bbox 2045 222 2202 272; x_wconf 77' lang='lat' dir='ltr'><strong>finivit</strong></span> <span class='ocrx_word' id='word_1_235' title='bbox 2224 222 2434 273; x_wconf 87' lang='lat' dir='ltr'><strong>lamenta</strong></span> <span class='ocrx_word' id='word_1_236' title='bbox 2455 225 2543 272; x_wconf 84' lang='lat' dir='ltr'><strong>tua</strong></span> <span class='ocrx_word' id='word_1_237' title='bbox 2557 262 2570 284; x_wconf 91' lang='lat'>,</span> <span class='ocrx_word' id='word_1_238' title='bbox 2591 236 2749 285; x_wconf 88' lang='lat' dir='ltr'><strong>neque</strong></span> <span class='ocrx_word' id='word_1_239' title='bbox 2775 236 2854 273; x_wconf 87' lang='lat' dir='ltr'><strong>ars</strong></span> 
     </span>
     <span class='ocr_line' id='line_1_35' title="bbox 1780 310 3333 375; baseline 0.004 -16"><span class='ocrx_word' id='word_1_240' title='bbox 1780 310 2081 374; x_wconf 85' lang='lat' dir='ltr'><strong>non—spirans</strong></span> <span class='ocrx_word' id='word_1_241' title='bbox 2094 350 2107 372; x_wconf 92' lang='lat'>‚</span> <span class='ocrx_word' id='word_1_242' title='bbox 2133 310 2471 361; x_wconf 82' lang='lat' dir='ltr'><strong>commiserata</strong></span> <span class='ocrx_word' id='word_1_243' title='bbox 2485 348 2498 373; x_wconf 91' lang='lat'>,</span> <span class='ocrx_word' id='word_1_244' title='bbox 2521 314 2572 361; x_wconf 89' lang='lat' dir='ltr'><strong>te</strong></span> <span class='ocrx_word' id='word_1_245' title='bbox 2591 312 2654 361; x_wconf 87' lang='lat' dir='ltr'><strong>ab</strong></span> <span class='ocrx_word' id='word_1_246' title='bbox 2676 312 3032 375; x_wconf 65' lang='lat' dir='ltr'><strong>aegre-sanabili</strong></span> <span class='ocrx_word' id='word_1_247' title='bbox 3061 314 3224 365; x_wconf 81' lang='lat' dir='ltr'><strong>furore</strong></span> <span class='ocrx_word' id='word_1_248' title='bbox 3253 329 3333 365; x_wconf 84' lang='lat' dir='ltr'><strong>co·</strong></span> 
     </span>
    </p>
   </div>
   <div class='ocr_carea' id='block_1_4' title="bbox 3025 232 3239 299">
    <p class='ocr_par' dir='ltr' id='par_1_7' title="bbox 3025 232 3239 299">
     <span class='ocr_line' id='line_1_36' title="bbox 3025 232 3239 299; baseline 0.009 -13"><span class='ocrx_word' id='word_1_249' title='bbox 3025 232 3210 299; x_wconf 78' lang='lat' dir='ltr'><strong>[hibuit</strong></span> <span class='ocrx_word' id='word_1_250' title='bbox 3225 245 3239 288; x_wconf 73' lang='grc' dir='ltr'><strong><em>ἱ</em></strong></span> 
     </span>
    </p>
   </div>
   <div class='ocr_carea' id='block_1_5' title="bbox 1783 397 3354 3004">
    <p class='ocr_par' dir='ltr' id='par_1_8' title="bbox 1783 397 3354 3004">
     <span class='ocr_line' id='line_1_37' title="bbox 1783 397 3049 462; baseline 0 -13"><span class='ocrx_word' id='word_1_251' title='bbox 1783 397 1871 449; x_wconf 86' lang='lat' dir='ltr'><strong>sed</strong></span> <span class='ocrx_word' id='word_1_252' title='bbox 1887 398 2050 448; x_wconf 85' lang='lat' dir='ltr'><strong>adhuc</strong></span> <span class='ocrx_word' id='word_1_253' title='bbox 2067 399 2323 449; x_wconf 88' lang='lat' dir='ltr'><strong>lacrimans</strong></span> <span class='ocrx_word' id='word_1_254' title='bbox 2344 398 2523 449; x_wconf 80' lang='lat' dir='ltr'><strong>adstas.</strong></span> <span class='ocrx_word' id='word_1_255' title='bbox 2592 401 2659 448; x_wconf 88' lang='lat' dir='ltr'><strong>Ut</strong></span> <span class='ocrx_word' id='word_1_256' title='bbox 2679 402 2844 449; x_wconf 86' lang='lat' dir='ltr'><strong>autem</strong></span> <span class='ocrx_word' id='word_1_257' title='bbox 2861 400 3049 462; x_wconf 83' lang='lat' dir='ltr'>opinor,</span> 
     </span>
     <span class='ocr_line' id='line_1_38' title="bbox 1783 472 3142 547; baseline 0.001 -11"><span class='ocrx_word' id='word_1_258' title='bbox 1783 485 2000 537; x_wconf 84' lang='lat' dir='ltr'><strong>nondum</strong></span> <span class='ocrx_word' id='word_1_259' title='bbox 2025 486 2234 536; x_wconf 81' lang='lat' dir='ltr'><strong>infelicis</strong></span> <span class='ocrx_word' id='word_1_260' title='bbox 2263 488 2486 536; x_wconf 81' lang='lat' dir='ltr'>Hectoris</span> <span class='ocrx_word' id='word_1_261' title='bbox 2512 486 2668 535; x_wconf 80' lang='lat' dir='ltr'><strong>satum</strong></span> <span class='ocrx_word' id='word_1_262' title='bbox 2687 525 2699 547; x_wconf 89' lang='lat'>,</span> <span class='ocrx_word' id='word_1_263' title='bbox 2719 500 2812 536; x_wconf 88' lang='lat' dir='ltr'><strong>nec</strong></span> <span class='ocrx_word' id='word_1_264' title='bbox 2829 487 3020 537; x_wconf 74' lang='lat' dir='ltr'><strong>miserae</strong></span> <span class='ocrx_word' id='word_1_265' title='bbox 3135 472 3142 479; x_wconf 62' lang='grc'><strong>’</strong></span> 
     </span>
     <span class='ocr_line' id='line_1_39' title="bbox 1785 576 3128 641; baseline 0 -14"><span class='ocrx_word' id='word_1_266' title='bbox 1785 577 2136 629; x_wconf 72' lang='lat' dir='ltr'><strong>Andromachae</strong></span> <span class='ocrx_word' id='word_1_267' title='bbox 2155 591 2348 641; x_wconf 78' lang='lat' dir='ltr'><strong>gravem</strong></span> <span class='ocrx_word' id='word_1_268' title='bbox 2365 579 2555 627; x_wconf 88' lang='lat' dir='ltr'><strong>luctum</strong></span> <span class='ocrx_word' id='word_1_269' title='bbox 2568 576 2791 639; x_wconf 81' lang='lat' dir='ltr'><strong>deploras</strong></span> <span class='ocrx_word' id='word_1_270' title='bbox 2802 615 2815 638; x_wconf 89' lang='lat'><strong>‚</strong></span> <span class='ocrx_word' id='word_1_271' title='bbox 2837 578 2924 627; x_wconf 89' lang='lat' dir='ltr'><strong>sed</strong></span> <span class='ocrx_word' id='word_1_272' title='bbox 2944 578 3128 641; x_wconf 84' lang='lat' dir='ltr'><strong>lapsam</strong></span> 
     </span>
     <span class='ocr_line' id='line_1_40' title="bbox 1784 668 3186 732; baseline 0.001 -14"><span class='ocrx_word' id='word_1_273' title='bbox 1784 670 1993 732; x_wconf 86' lang='lat' dir='ltr'><strong>patriam</strong></span> <span class='ocrx_word' id='word_1_274' title='bbox 2013 671 2150 718; x_wconf 83' lang='lat' dir='ltr'><strong>tuam</strong></span> <span class='ocrx_word' id='word_1_275' title='bbox 2175 690 2188 717; x_wconf 75' lang='grc' dir='ltr'>ι</span> <span class='ocrx_word' id='word_1_276' title='bbox 2218 668 2394 731; x_wconf 90' lang='lat' dir='ltr'><strong>quippe</strong></span> <span class='ocrx_word' id='word_1_277' title='bbox 2413 668 2580 719; x_wconf 79' lang='lat' dir='ltr'><strong>velum</strong></span> <span class='ocrx_word' id='word_1_278' title='bbox 2601 668 2764 717; x_wconf 80' lang='lat' dir='ltr'><strong>vultui</strong></span> <span class='ocrx_word' id='word_1_279' title='bbox 2789 668 3186 732; x_wconf 84' lang='lat' dir='ltr'><strong>circumpendens</strong></span> 
     </span>
     <span class='ocr_line' id='line_1_41' title="bbox 1787 755 2991 819; baseline -0.001 -13"><span class='ocrx_word' id='word_1_280' title='bbox 1787 756 1964 807; x_wconf 88' lang='lat' dir='ltr'><strong>damna</strong></span> <span class='ocrx_word' id='word_1_281' title='bbox 1985 756 2182 818; x_wconf 88' lang='lat' dir='ltr'><strong>quidem</strong></span> <span class='ocrx_word' id='word_1_282' title='bbox 2203 755 2440 817; x_wconf 78' lang='lat' dir='ltr'><strong>ostendit,</strong></span> <span class='ocrx_word' id='word_1_283' title='bbox 2475 755 2563 805; x_wconf 84' lang='lat' dir='ltr'><strong>sed</strong></span> <span class='ocrx_word' id='word_1_284' title='bbox 2589 756 2825 805; x_wconf 81' lang='lat' dir='ltr'><strong>nunciant</strong></span> <span class='ocrx_word' id='word_1_285' title='bbox 2848 756 2991 819; x_wconf 86' lang='lat' dir='ltr'><strong>pepla</strong></span> 
     </span>
     <span class='ocr_line' id='line_1_42' title="bbox 1788 840 3235 905; baseline 0.001 -14"><span class='ocrx_word' id='word_1_286' title='bbox 1788 854 1945 905; x_wconf 86' lang='lat' dir='ltr'><strong>usque</strong></span> <span class='ocrx_word' id='word_1_287' title='bbox 1965 841 2028 891; x_wconf 92' lang='lat' dir='ltr'><strong>ad</strong></span> <span class='ocrx_word' id='word_1_288' title='bbox 2051 842 2243 905; x_wconf 67' lang='lat' dir='ltr'><strong>plantas</strong></span> <span class='ocrx_word' id='word_1_289' title='bbox 2267 840 2478 891; x_wconf 82' lang='lat' dir='ltr'><strong>demissa</strong></span> <span class='ocrx_word' id='word_1_290' title='bbox 2495 842 2689 891; x_wconf 83' lang='lat' dir='ltr'><strong>luctum</strong></span> <span class='ocrx_word' id='word_1_291' title='bbox 2705 841 3197 905; x_wconf 70' lang='lat' dir='ltr'><strong>in-proftmdo-animi</strong></span> <span class='ocrx_word' id='word_1_292' title='bbox 3218 861 3235 892; x_wconf 89' lang='lat'><em>:</em></span> 
     </span>
     <span class='ocr_line' id='line_1_43' title="bbox 1788 929 3272 996; baseline 0.003 -17"><span class='ocrx_word' id='word_1_293' title='bbox 1788 930 1928 979; x_wconf 91' lang='lat' dir='ltr'><strong>dolor</strong></span> <span class='ocrx_word' id='word_1_294' title='bbox 1946 930 2076 980; x_wconf 90' lang='lat' dir='ltr'><strong>enim</strong></span> <span class='ocrx_word' id='word_1_295' title='bbox 2100 932 2343 980; x_wconf 86' lang='lat' dir='ltr'><strong>extremus</strong></span> <span class='ocrx_word' id='word_1_296' title='bbox 2371 929 2588 979; x_wconf 73' lang='lat' dir='ltr'><strong>anhnum</strong></span> <span class='ocrx_word' id='word_1_297' title='bbox 2609 930 2926 980; x_wconf 77' lang='lat' dir='ltr'><strong>tuum-vinxit</strong></span> <span class='ocrx_word' id='word_1_298' title='bbox 2939 970 2952 992; x_wconf 87' lang='lat'>‚</span> <span class='ocrx_word' id='word_1_299' title='bbox 2969 930 3036 981; x_wconf 90' lang='lat' dir='ltr'><strong>de</strong></span> <span class='ocrx_word' id='word_1_300' title='bbox 3054 938 3272 996; x_wconf 79' lang='lat' dir='ltr'><strong>genaque</strong></span> 
     </span>
     <span class='ocr_line' id='line_1_44' title="bbox 1789 1016 2994 1080; baseline -0.001 -13"><span class='ocrx_word' id='word_1_301' title='bbox 1789 1018 2015 1068; x_wconf 74' lang='lat' dir='ltr'>lacrimas</span> <span class='ocrx_word' id='word_1_302' title='bbox 2031 1017 2250 1067; x_wconf 79' lang='lat' dir='ltr'><strong>destillas</strong></span> <span class='ocrx_word' id='word_1_303' title='bbox 2265 1056 2278 1078; x_wconf 91' lang='lat'>,</span> <span class='ocrx_word' id='word_1_304' title='bbox 2307 1020 2358 1067; x_wconf 86' lang='lat' dir='ltr'><strong>at</strong></span> <span class='ocrx_word' id='word_1_305' title='bbox 2375 1016 2624 1067; x_wconf 81' lang='lat' dir='ltr'><strong>lacrimam</strong></span> <span class='ocrx_word' id='word_1_306' title='bbox 2643 1030 2724 1066; x_wconf 86' lang='lat' dir='ltr'><strong>ars</strong></span> <span class='ocrx_word' id='word_1_307' title='bbox 2749 1017 2970 1067; x_wconf 80' lang='lat' dir='ltr'><strong>exstinxit</strong></span> <span class='ocrx_word' id='word_1_308' title='bbox 2982 1056 2994 1080; x_wconf 89' lang='lat'>‚</span> 
     </span>
     <span class='ocr_line' id='line_1_45' title="bbox 1790 1104 3278 1169; baseline 0 -14"><span class='ocrx_word' id='word_1_309' title='bbox 1790 1106 2085 1155; x_wconf 85' lang='lat' dir='ltr'><strong>immensum</strong></span> <span class='ocrx_word' id='word_1_310' title='bbox 2102 1104 2378 1169; x_wconf 83' lang='lat' dir='ltr'><strong>significans</strong></span> <span class='ocrx_word' id='word_1_311' title='bbox 2394 1104 2705 1155; x_wconf 79' lang='lat' dir='ltr'><strong>vix-serendae</strong></span> <span class='ocrx_word' id='word_1_312' title='bbox 2727 1105 3000 1167; x_wconf 82' lang='lat' dir='ltr'><strong>squalorem</strong></span> <span class='ocrx_word' id='word_1_313' title='bbox 3021 1106 3278 1157; x_wconf 82' lang='lat' dir='ltr'><strong>moestitiae.</strong></span> 
     </span>
     <span class='ocr_line' id='line_1_46' title="bbox 1854 1191 3073 1255; baseline 0 -13"><span class='ocrx_word' id='word_1_314' title='bbox 1854 1195 2175 1242; x_wconf 55' lang='lat' dir='ltr'><strong>Cassianam</strong></span> <span class='ocrx_word' id='word_1_315' title='bbox 2199 1205 2396 1255; x_wconf 84' lang='lat' dir='ltr'><strong>quoque</strong></span> <span class='ocrx_word' id='word_1_316' title='bbox 2419 1191 2519 1241; x_wconf 81' lang='lat' dir='ltr'><strong>vidi</strong></span> <span class='ocrx_word' id='word_1_317' title='bbox 2533 1195 2724 1248; x_wconf 75' lang='lat' dir='ltr'><strong>vatem3</strong></span> <span class='ocrx_word' id='word_1_318' title='bbox 2745 1192 2858 1254; x_wconf 88' lang='lat' dir='ltr'><strong>sed,</strong></span> <span class='ocrx_word' id='word_1_319' title='bbox 2884 1192 3073 1242; x_wconf 87' lang='lat' dir='ltr'><strong>silentio</strong></span> 
     </span>
     <span class='ocr_line' id='line_1_47' title="bbox 1793 1278 3069 1342; baseline 0.001 -14"><span class='ocrx_word' id='word_1_320' title='bbox 1793 1282 1984 1342; x_wconf 86' lang='lat' dir='ltr'><strong>patrem</strong></span> <span class='ocrx_word' id='word_1_321' title='bbox 2014 1278 2278 1341; x_wconf 85' lang='lat' dir='ltr'><strong>objurgans</strong></span> <span class='ocrx_word' id='word_1_322' title='bbox 2291 1317 2304 1338; x_wconf 85' lang='lat'>‚</span> <span class='ocrx_word' id='word_1_323' title='bbox 2326 1278 2540 1342; x_wconf 83' lang='lat' dir='ltr'><strong>sapiente</strong></span> <span class='ocrx_word' id='word_1_324' title='bbox 2561 1278 2836 1342; x_wconf 86' lang='lat' dir='ltr'><strong>replebatur</strong></span> <span class='ocrx_word' id='word_1_325' title='bbox 2859 1278 3069 1340; x_wconf 81' lang='lat' dir='ltr'><strong>insania,</strong></span> 
     </span>
     <span class='ocr_line' id='line_1_48' title="bbox 1795 1366 2976 1429; baseline 0.001 -14"><span class='ocrx_word' id='word_1_326' title='bbox 1795 1368 1933 1417; x_wconf 81' lang='lat' dir='ltr'><strong>velut</strong></span> <span class='ocrx_word' id='word_1_327' title='bbox 1953 1366 2226 1429; x_wconf 76' lang='lat' dir='ltr'><strong>praedicens</strong></span> <span class='ocrx_word' id='word_1_328' title='bbox 2249 1366 2448 1417; x_wconf 86' lang='lat' dir='ltr'><strong>ultimas</strong></span> <span class='ocrx_word' id='word_1_329' title='bbox 2471 1366 2644 1429; x_wconf 81' lang='lat' dir='ltr'><strong>patriae</strong></span> <span class='ocrx_word' id='word_1_330' title='bbox 2665 1367 2976 1417; x_wconf 68' lang='lat' dir='ltr'><strong>calamitates.</strong></span> 
     </span>
     <span class='ocr_line' id='line_1_49' title="bbox 1796 1453 3345 1517; baseline 0 -12"><span class='ocrx_word' id='word_1_331' title='bbox 1796 1456 2081 1505; x_wconf 84' lang='lat' dir='ltr'><strong>PYRRHUS</strong></span> <span class='ocrx_word' id='word_1_332' title='bbox 2087 1454 2214 1504; x_wconf 90' lang='lat' dir='ltr'><strong>alius</strong></span> <span class='ocrx_word' id='word_1_333' title='bbox 2231 1458 2336 1505; x_wconf 83' lang='lat' dir='ltr'><strong>erat</strong></span> <span class='ocrx_word' id='word_1_334' title='bbox 2350 1454 2797 1504; x_wconf 79' lang='lat' dir='ltr'><strong>urbium-vastator.</strong></span> <span class='ocrx_word' id='word_1_335' title='bbox 2811 1456 2918 1504; x_wconf 86' lang='lat' dir='ltr'><strong>Non</strong></span> <span class='ocrx_word' id='word_1_336' title='bbox 2929 1453 3345 1517; x_wconf 83' lang='lat' dir='ltr'><strong>habebat[brabat‚</strong></span> 
     </span>
     <span class='ocr_line' id='line_1_50' title="bbox 1795 1540 3348 1604; baseline 0.001 -14"><span class='ocrx_word' id='word_1_337' title='bbox 1795 1541 1847 1592; x_wconf 89' lang='lat' dir='ltr'><strong>in</strong></span> <span class='ocrx_word' id='word_1_338' title='bbox 1880 1541 2041 1604; x_wconf 85' lang='lat' dir='ltr'><strong>capite</strong></span> <span class='ocrx_word' id='word_1_339' title='bbox 2059 1540 2717 1603; x_wconf 64' lang='lat' dir='ltr'><strong>crinibus-equinisornatam</strong></span> <span class='ocrx_word' id='word_1_340' title='bbox 2745 1542 2947 1604; x_wconf 83' lang='lat' dir='ltr'><strong>galeam,</strong></span> <span class='ocrx_word' id='word_1_341' title='bbox 2963 1555 3054 1591; x_wconf 86' lang='lat' dir='ltr'><strong>nec</strong></span> <span class='ocrx_word' id='word_1_342' title='bbox 3075 1541 3266 1591; x_wconf 79' lang='lat' dir='ltr'><strong>hastam</strong></span> <span class='ocrx_word' id='word_1_343' title='bbox 3282 1542 3348 1591; x_wconf 75' lang='lat' dir='ltr'><strong>vi-</strong></span> 
     </span>
     <span class='ocr_line' id='line_1_51' title="bbox 1797 1628 3349 1693; baseline 0 -14"><span class='ocrx_word' id='word_1_344' title='bbox 1797 1629 1885 1679; x_wconf 88' lang='lat' dir='ltr'><strong>sed</strong></span> <span class='ocrx_word' id='word_1_345' title='bbox 1912 1629 2078 1680; x_wconf 85' lang='lat' dir='ltr'><strong>nudus</strong></span> <span class='ocrx_word' id='word_1_346' title='bbox 2103 1628 2383 1691; x_wconf 82' lang='lat' dir='ltr'><strong>splendebat</strong></span> <span class='ocrx_word' id='word_1_347' title='bbox 2396 1667 2410 1690; x_wconf 83' lang='lat'>,</span> <span class='ocrx_word' id='word_1_348' title='bbox 2441 1631 2493 1679; x_wconf 92' lang='lat' dir='ltr'><strong>et</strong></span> <span class='ocrx_word' id='word_1_349' title='bbox 2527 1629 2873 1693; x_wconf 83' lang='lat' dir='ltr'><strong>sine-lanugine</strong></span> <span class='ocrx_word' id='word_1_350' title='bbox 2905 1629 3077 1679; x_wconf 86' lang='lat' dir='ltr'><strong>habuit</strong></span> <span class='ocrx_word' id='word_1_351' title='bbox 3108 1631 3349 1693; x_wconf 85' lang='lat' dir='ltr'><strong>superius·</strong></span> 
     </span>
     <span class='ocr_line' id='line_1_52' title="bbox 1797 1715 3348 1779; baseline 0 -12"><span class='ocrx_word' id='word_1_352' title='bbox 1797 1717 2015 1768; x_wconf 82' lang='lat' dir='ltr'><strong>dextram</strong></span> <span class='ocrx_word' id='word_1_353' title='bbox 2044 1731 2160 1767; x_wconf 81' lang='lat' dir='ltr'><strong>vero</strong></span> <span class='ocrx_word' id='word_1_354' title='bbox 2175 1715 2385 1768; x_wconf 83' lang='lat' dir='ltr'><strong>tetendit</strong></span> <span class='ocrx_word' id='word_1_355' title='bbox 2401 1730 2542 1766; x_wconf 85' lang='lat' dir='ltr'><strong>suam</strong></span> <span class='ocrx_word' id='word_1_356' title='bbox 2558 1755 2570 1777; x_wconf 90' lang='lat'><strong>‚</strong></span> <span class='ocrx_word' id='word_1_357' title='bbox 2590 1719 2770 1767; x_wconf 87' lang='lat' dir='ltr'><strong>testem</strong></span> <span class='ocrx_word' id='word_1_358' title='bbox 2786 1717 3006 1767; x_wconf 79' lang='lat' dir='ltr'><strong>victoriae</strong></span> <span class='ocrx_word' id='word_1_359' title='bbox 3020 1756 3033 1777; x_wconf 84' lang='lat'>‚</span> <span class='ocrx_word' id='word_1_360' title='bbox 3110 1717 3316 1779; x_wconf 88' lang='lat' dir='ltr'><strong>[labrum</strong></span> <span class='ocrx_word' id='word_1_361' title='bbox 3333 1734 3348 1777; x_wconf 76' lang='lat'><em>3</em></span> 
     </span>
     <span class='ocr_line' id='line_1_53' title="bbox 1798 1803 3303 1868; baseline 0.001 -14"><span class='ocrx_word' id='word_1_362' title='bbox 1798 1804 1994 1868; x_wconf 87' lang='lat' dir='ltr'><strong>oblique</strong></span> <span class='ocrx_word' id='word_1_363' title='bbox 2011 1806 2236 1867; x_wconf 86' lang='lat' dir='ltr'><strong>spectans</strong></span> <span class='ocrx_word' id='word_1_364' title='bbox 2258 1804 2403 1852; x_wconf 89' lang='lat' dir='ltr'><strong>oculo</strong></span> <span class='ocrx_word' id='word_1_365' title='bbox 2423 1805 2711 1865; x_wconf 83' lang='lat' dir='ltr'><strong>Polyxenam</strong></span> <span class='ocrx_word' id='word_1_366' title='bbox 2733 1803 3303 1866; x_wconf 73' lang='lat' dir='ltr'><strong>graviter-lacrimantem.</strong></span> 
     </span>
     <span class='ocr_line' id='line_1_54' title="bbox 1858 1890 3286 1953; baseline -0.001 -11"><span class='ocrx_word' id='word_1_367' title='bbox 1858 1892 1974 1953; x_wconf 89' lang='lat' dir='ltr'><strong>Dic,</strong></span> <span class='ocrx_word' id='word_1_368' title='bbox 1996 1895 2252 1941; x_wconf 65' lang='lat' dir='ltr'><strong>Pocrxmu</strong></span> <span class='ocrx_word' id='word_1_369' title='bbox 2265 1930 2278 1949; x_wconf 83' lang='lat'>,</span> <span class='ocrx_word' id='word_1_370' title='bbox 2303 1890 2620 1953; x_wconf 77' lang='lat' dir='ltr'><strong>infelix-virgo</strong></span> <span class='ocrx_word' id='word_1_371' title='bbox 2633 1928 2646 1951; x_wconf 91' lang='lat'>,</span> <span class='ocrx_word' id='word_1_372' title='bbox 2668 1904 2894 1952; x_wconf 78' lang='lat' dir='ltr'><strong>quamam</strong></span> <span class='ocrx_word' id='word_1_373' title='bbox 2915 1891 3004 1941; x_wconf 88' lang='lat' dir='ltr'><strong>tibi</strong></span> <span class='ocrx_word' id='word_1_374' title='bbox 3021 1892 3286 1942; x_wconf 84' lang='lat' dir='ltr'><strong>necessitas</strong></span> 
     </span>
     <span class='ocr_line' id='line_1_55' title="bbox 1798 1977 2949 2029; baseline -0.002 0"><span class='ocrx_word' id='word_1_375' title='bbox 1798 1981 1847 2029; x_wconf 90' lang='lat' dir='ltr'><strong>in</strong></span> <span class='ocrx_word' id='word_1_376' title='bbox 1864 1982 2002 2029; x_wconf 86' lang='lat' dir='ltr'><strong>muto</strong></span> <span class='ocrx_word' id='word_1_377' title='bbox 2025 1991 2122 2029; x_wconf 80' lang='lat' dir='ltr'><strong>aere</strong></span> <span class='ocrx_word' id='word_1_378' title='bbox 2144 1978 2360 2028; x_wconf 86' lang='lat' dir='ltr'><strong>occultas</strong></span> <span class='ocrx_word' id='word_1_379' title='bbox 2384 1977 2606 2028; x_wconf 87' lang='lat' dir='ltr'><strong>lacrimas</strong></span> <span class='ocrx_word' id='word_1_380' title='bbox 2628 1977 2914 2027; x_wconf 78' lang='lat' dir='ltr'><strong>effundendi</strong></span> <span class='ocrx_word' id='word_1_381' title='bbox 2927 1982 2949 2027; x_wconf 76' lang='grc' dir='ltr'><strong>Ξ·</strong></span> 
     </span>
     <span class='ocr_line' id='line_1_56' title="bbox 1799 2064 2741 2116; baseline -0.002 -1"><span class='ocrx_word' id='word_1_382' title='bbox 1799 2070 1848 2116; x_wconf 88' lang='lat' dir='ltr'><strong>et</strong></span> <span class='ocrx_word' id='word_1_383' title='bbox 1867 2080 1956 2115; x_wconf 90' lang='lat' dir='ltr'><strong>cur</strong></span> <span class='ocrx_word' id='word_1_384' title='bbox 1970 2067 2080 2116; x_wconf 74' lang='lat' dir='ltr'><strong>velo</strong></span> <span class='ocrx_word' id='word_1_385' title='bbox 2105 2069 2244 2115; x_wconf 89' lang='lat' dir='ltr'><strong>tuam</strong></span> <span class='ocrx_word' id='word_1_386' title='bbox 2269 2066 2322 2114; x_wconf 89' lang='lat' dir='ltr'><strong>in</strong></span> <span class='ocrx_word' id='word_1_387' title='bbox 2341 2064 2514 2114; x_wconf 78' lang='lat' dir='ltr'><strong>faciem</strong></span> <span class='ocrx_word' id='word_1_388' title='bbox 2533 2064 2741 2113; x_wconf 89' lang='lat' dir='ltr'><strong>deducto</strong></span> 
     </span>
     <span class='ocr_line' id='line_1_57' title="bbox 1801 2152 3060 2218; baseline -0.001 -14"><span class='ocrx_word' id='word_1_389' title='bbox 1801 2158 1899 2205; x_wconf 86' lang='lat' dir='ltr'><strong>stas</strong></span> <span class='ocrx_word' id='word_1_390' title='bbox 1912 2193 1926 2216; x_wconf 93' lang='lat'>,</span> <span class='ocrx_word' id='word_1_391' title='bbox 1960 2154 2162 2218; x_wconf 87' lang='lat' dir='ltr'><strong>pudenti</strong></span> <span class='ocrx_word' id='word_1_392' title='bbox 2185 2153 2382 2216; x_wconf 86' lang='lat' dir='ltr'><strong>quidem</strong></span> <span class='ocrx_word' id='word_1_393' title='bbox 2407 2152 2606 2213; x_wconf 83' lang='lat' dir='ltr'><strong>similis,</strong></span> <span class='ocrx_word' id='word_1_394' title='bbox 2635 2152 2688 2200; x_wconf 85' lang='lat' dir='ltr'><strong>in</strong></span> <span class='ocrx_word' id='word_1_395' title='bbox 2711 2152 2872 2201; x_wconf 88' lang='lat' dir='ltr'><strong>animo</strong></span> <span class='ocrx_word' id='word_1_396' title='bbox 2897 2156 3060 2203; x_wconf 84' lang='lat' dir='ltr'><strong>autem</strong></span> 
     </span>
     <span class='ocr_line' id='line_1_58' title="bbox 1799 2238 2858 2301; baseline -0.003 -9"><span class='ocrx_word' id='word_1_397' title='bbox 1799 2244 1988 2292; x_wconf 87' lang='lat' dir='ltr'><strong>luctum</strong></span> <span class='ocrx_word' id='word_1_398' title='bbox 2010 2240 2194 2291; x_wconf 82' lang='lat' dir='ltr'><strong>habes?</strong></span> <span class='ocrx_word' id='word_1_399' title='bbox 2223 2255 2285 2290; x_wconf 84' lang='lat' dir='ltr'><strong>an</strong></span> <span class='ocrx_word' id='word_1_400' title='bbox 2307 2254 2370 2290; x_wconf 88' lang='lat' dir='ltr'><strong>ne</strong></span> <span class='ocrx_word' id='word_1_401' title='bbox 2391 2242 2478 2290; x_wconf 88' lang='lat' dir='ltr'><strong>tua</strong></span> <span class='ocrx_word' id='word_1_402' title='bbox 2499 2239 2619 2288; x_wconf 89' lang='lat' dir='ltr'><strong>urbe</strong></span> <span class='ocrx_word' id='word_1_403' title='bbox 2643 2238 2833 2301; x_wconf 85' lang='lat' dir='ltr'><strong>perdita</strong></span> <span class='ocrx_word' id='word_1_404' title='bbox 2846 2278 2858 2299; x_wconf 92' lang='lat'>,</span> 
     </span>
     <span class='ocr_line' id='line_1_59' title="bbox 1798 2327 3354 2394; baseline 0.001 -15"><span class='ocrx_word' id='word_1_405' title='bbox 1798 2330 2072 2394; x_wconf 82' lang='lat' dir='ltr'><strong>praedamtc</strong></span> <span class='ocrx_word' id='word_1_406' title='bbox 2093 2328 2270 2379; x_wconf 85' lang='lat' dir='ltr'><strong>habeat</strong></span> <span class='ocrx_word' id='word_1_407' title='bbox 2281 2328 2497 2391; x_wconf 76' lang='lat' dir='ltr'><strong>Pyrrhus</strong></span> <span class='ocrx_word' id='word_1_408' title='bbox 2511 2327 2821 2379; x_wconf 82' lang='lat' dir='ltr'><strong>Phthiotius?</strong></span> <span class='ocrx_word' id='word_1_409' title='bbox 2844 2341 2936 2378; x_wconf 90' lang='lat' dir='ltr'><strong>nec</strong></span> <span class='ocrx_word' id='word_1_410' title='bbox 2951 2331 3114 2377; x_wconf 77' lang='lat' dir='ltr'><strong>tamen</strong></span> <span class='ocrx_word' id='word_1_411' title='bbox 3136 2330 3288 2378; x_wconf 79' lang='lat' dir='ltr'><strong>forma</strong></span> <span class='ocrx_word' id='word_1_412' title='bbox 3303 2333 3354 2380; x_wconf 82' lang='lat' dir='ltr'><strong>te</strong></span> 
     </span>
     <span class='ocr_line' id='line_1_60' title="bbox 1804 2414 2791 2479; baseline -0.002 -14"><span class='ocrx_word' id='word_1_413' title='bbox 1804 2431 1909 2466; x_wconf 79' lang='lat' dir='ltr'><strong>serv</strong></span> <span class='ocrx_word' id='word_1_414' title='bbox 1916 2417 2017 2466; x_wconf 80' lang='lat' dir='ltr'><strong>avit</strong></span> <span class='ocrx_word' id='word_1_415' title='bbox 2034 2416 2213 2466; x_wconf 80' lang='lat' dir='ltr'><strong>seriens</strong></span> <span class='ocrx_word' id='word_1_416' title='bbox 2231 2415 2532 2479; x_wconf 87' lang='lat' dir='ltr'><strong>Neoptolemi</strong></span> <span class='ocrx_word' id='word_1_417' title='bbox 2559 2414 2791 2475; x_wconf 90' lang='lat' dir='ltr'><strong>animum,</strong></span> 
     </span>
     <span class='ocr_line' id='line_1_61' title="bbox 1804 2502 2959 2567; baseline 0 -16"><span class='ocrx_word' id='word_1_418' title='bbox 1804 2518 1902 2566; x_wconf 87' lang='lat' dir='ltr'><strong>qua</strong></span> <span class='ocrx_word' id='word_1_419' title='bbox 1935 2504 2120 2567; x_wconf 88' lang='lat' dir='ltr'><strong>pridem</strong></span> <span class='ocrx_word' id='word_1_420' title='bbox 2144 2506 2315 2566; x_wconf 89' lang='lat' dir='ltr'><strong>captus</strong></span> <span class='ocrx_word' id='word_1_421' title='bbox 2341 2502 2533 2567; x_wconf 84' lang='lat' dir='ltr'><strong>genitor</strong></span> <span class='ocrx_word' id='word_1_422' title='bbox 2554 2503 2628 2551; x_wconf 88' lang='lat' dir='ltr'><strong>tui</strong></span> <span class='ocrx_word' id='word_1_423' title='bbox 2660 2503 2959 2565; x_wconf 85' lang='lat' dir='ltr'><strong>percussoris</strong></span> 
     </span>
     <span class='ocr_line' id='line_1_62' title="bbox 1804 2590 3013 2654; baseline -0.002 -14"><span class='ocrx_word' id='word_1_424' title='bbox 1804 2593 1854 2640; x_wconf 93' lang='lat' dir='ltr'><strong>in</strong></span> <span class='ocrx_word' id='word_1_425' title='bbox 1876 2595 1980 2641; x_wconf 85' lang='lat' dir='ltr'><strong>rete</strong></span> <span class='ocrx_word' id='word_1_426' title='bbox 2004 2594 2322 2654; x_wconf 85' lang='lat' dir='ltr'><strong>spontaneum</strong></span> <span class='ocrx_word' id='word_1_427' title='bbox 2351 2590 2581 2653; x_wconf 84' lang='lat' dir='ltr'><strong>insperati</strong></span> <span class='ocrx_word' id='word_1_428' title='bbox 2603 2590 2736 2639; x_wconf 84' lang='lat' dir='ltr'><strong>exitii</strong></span> <span class='ocrx_word' id='word_1_429' title='bbox 2766 2590 3013 2653; x_wconf 53' lang='lat' dir='ltr'><strong>eratur.</strong></span> 
     </span>
     <span class='ocr_line' id='line_1_63' title="bbox 1804 2676 3047 2741; baseline -0.003 -12"><span class='ocrx_word' id='word_1_430' title='bbox 1804 2682 1890 2729; x_wconf 80' lang='lat' dir='ltr'><strong>Nae</strong></span> <span class='ocrx_word' id='word_1_431' title='bbox 1923 2692 2010 2741; x_wconf 87' lang='lat' dir='ltr'><strong>per</strong></span> <span class='ocrx_word' id='word_1_432' title='bbox 2039 2679 2282 2728; x_wconf 86' lang='lat' dir='ltr'><strong>sollertem</strong></span> <span class='ocrx_word' id='word_1_433' title='bbox 2299 2677 2349 2725; x_wconf 92' lang='lat' dir='ltr'><strong>in</strong></span> <span class='ocrx_word' id='word_1_434' title='bbox 2369 2690 2468 2726; x_wconf 83' lang='lat' dir='ltr'><strong>aere</strong></span> <span class='ocrx_word' id='word_1_435' title='bbox 2490 2676 2701 2739; x_wconf 86' lang='lat' dir='ltr'><strong>effigiem</strong></span> <span class='ocrx_word' id='word_1_436' title='bbox 2718 2715 2731 2738; x_wconf 87' lang='lat'>,</span> <span class='ocrx_word' id='word_1_437' title='bbox 2755 2677 2797 2725; x_wconf 87' lang='lat' dir='ltr'><strong>si</strong></span> <span class='ocrx_word' id='word_1_438' title='bbox 2825 2680 2874 2726; x_wconf 90' lang='lat' dir='ltr'><strong>te</strong></span> <span class='ocrx_word' id='word_1_439' title='bbox 2901 2677 3047 2725; x_wconf 88' lang='lat' dir='ltr'><strong>talem</strong></span> 
     </span>
     <span class='ocr_line' id='line_1_64' title="bbox 1806 2763 3042 2829; baseline -0.005 -14"><span class='ocrx_word' id='word_1_440' title='bbox 1806 2767 2105 2829; x_wconf 86' lang='lat' dir='ltr'><strong>conspiceret</strong></span> <span class='ocrx_word' id='word_1_441' title='bbox 2131 2777 2213 2814; x_wconf 88' lang='lat' dir='ltr'><strong>rex</strong></span> <span class='ocrx_word' id='word_1_442' title='bbox 2242 2763 2482 2827; x_wconf 74' lang='lat' dir='ltr'><strong>PyrrhuS,</strong></span> <span class='ocrx_word' id='word_1_443' title='bbox 2508 2763 2602 2813; x_wconf 86' lang='lat' dir='ltr'><strong>cito</strong></span> <span class='ocrx_word' id='word_1_444' title='bbox 2629 2764 2744 2813; x_wconf 88' lang='lat' dir='ltr'><strong>lecti</strong></span> <span class='ocrx_word' id='word_1_445' title='bbox 2767 2763 2996 2826; x_wconf 84' lang='lat' dir='ltr'><strong>participe</strong></span> <span class='ocrx_word' id='word_1_446' title='bbox 3011 2776 3042 2809; x_wconf 87' lang='lat' dir='ltr'><strong>n</strong></span> 
     </span>
     <span class='ocr_line' id='line_1_65' title="bbox 1806 2850 2843 2916; baseline -0.004 -12"><span class='ocrx_word' id='word_1_447' title='bbox 1806 2852 2032 2915; x_wconf 88' lang='lat' dir='ltr'><strong>duceret,</strong></span> <span class='ocrx_word' id='word_1_448' title='bbox 2064 2852 2250 2916; x_wconf 87' lang='lat' dir='ltr'><strong>paterni</strong></span> <span class='ocrx_word' id='word_1_449' title='bbox 2276 2852 2364 2901; x_wconf 81' lang='lat' dir='ltr'><strong>fati</strong></span> <span class='ocrx_word' id='word_1_450' title='bbox 2391 2850 2624 2901; x_wconf 85' lang='lat' dir='ltr'><strong>memoria</strong></span> <span class='ocrx_word' id='word_1_451' title='bbox 2649 2850 2843 2900; x_wconf 86' lang='lat' dir='ltr'><strong>omissa.</strong></span> 
     </span>
     <span class='ocr_line' id='line_1_66' title="bbox 1866 2938 3151 3004; baseline -0.002 -13"><span class='ocrx_word' id='word_1_452' title='bbox 1866 2941 2068 3004; x_wconf 81' lang='lat' dir='ltr'><strong>suspexi</strong></span> <span class='ocrx_word' id='word_1_453' title='bbox 2081 2940 2230 2991; x_wconf 88' lang='lat' dir='ltr'><strong>etiam</strong></span> <span class='ocrx_word' id='word_1_454' title='bbox 2251 2944 2441 2990; x_wconf 59' lang='lat' dir='ltr'><strong>Aiacem</strong></span> <span class='ocrx_word' id='word_1_455' title='bbox 2455 2977 2468 3001; x_wconf 89' lang='lat'>‚</span> <span class='ocrx_word' id='word_1_456' title='bbox 2488 2952 2635 3003; x_wconf 90' lang='lat' dir='ltr'><strong>quem</strong></span> <span class='ocrx_word' id='word_1_457' title='bbox 2666 2938 2960 2988; x_wconf 79' lang='lat' dir='ltr'><strong>fortissimus</strong></span> <span class='ocrx_word' id='word_1_458' title='bbox 2985 2939 3151 2988; x_wconf 78' lang='lat' dir='ltr'><strong>Oileus</strong></span> 
     </span>
    </p>
   </div>
   <div class='ocr_carea' id='block_1_6' title="bbox 172 3061 3360 3118">
    <p class='ocr_par' dir='ltr' id='par_1_9' title="bbox 172 3061 3360 3118">
     <span class='ocr_line' id='line_1_67' title="bbox 172 3061 3360 3118; baseline -0.005 -10"><span class='ocrx_word' id='word_1_459' title='bbox 172 3061 3360 3118; x_wconf 51' lang='lat'><strong>——.-.-.—-...*»5-—-——-———-———-—-—-———-—-—-————</strong></span> 
     </span>
    </p>
   </div>
   <div class='ocr_carea' id='block_1_7' title="bbox 164 3196 1393 3349">
    <p class='ocr_par' dir='ltr' id='par_1_10' title="bbox 164 3196 1393 3349">
     <span class='ocr_line' id='line_1_68' title="bbox 167 3196 1393 3260; baseline -0.007 -10"><span class='ocrx_word' id='word_1_460' title='bbox 167 3202 341 3260; x_wconf 74' lang='lat' dir='ltr'><strong>Finitus</strong></span> <span class='ocrx_word' id='word_1_461' title='bbox 366 3218 461 3251; x_wconf 84' lang='lat' dir='ltr'><strong>nee</strong></span> <span class='ocrx_word' id='word_1_462' title='bbox 487 3203 539 3250; x_wconf 86' lang='lat' dir='ltr'><strong>in</strong></span> <span class='ocrx_word' id='word_1_463' title='bbox 566 3215 662 3249; x_wconf 77' lang='lat' dir='ltr'><strong>aere</strong></span> <span class='ocrx_word' id='word_1_464' title='bbox 690 3199 831 3247; x_wconf 87' lang='lat' dir='ltr'><strong>dolor</strong></span> <span class='ocrx_word' id='word_1_465' title='bbox 855 3197 941 3246; x_wconf 88' lang='lat' dir='ltr'><strong>tibi</strong></span> <span class='ocrx_word' id='word_1_466' title='bbox 961 3234 975 3258; x_wconf 88' lang='lat'>‚</span> <span class='ocrx_word' id='word_1_467' title='bbox 996 3205 1131 3247; x_wconf 79' lang='lat' dir='ltr'><strong>muta</strong></span> <span class='ocrx_word' id='word_1_468' title='bbox 1156 3209 1249 3245; x_wconf 85' lang='lat' dir='ltr'><strong>nec</strong></span> <span class='ocrx_word' id='word_1_469' title='bbox 1275 3196 1393 3243; x_wconf 82' lang='lat' dir='ltr'><strong>artis</strong></span> 
     </span>
     <span class='ocr_line' id='line_1_69' title="bbox 164 3281 1162 3349; baseline -0.004 -17"><span class='ocrx_word' id='word_1_470' title='bbox 164 3285 337 3349; x_wconf 57' lang='lat' dir='ltr'><strong>Effigies</strong></span> <span class='ocrx_word' id='word_1_471' title='bbox 361 3294 564 3334; x_wconf 65' lang='lat' dir='ltr'><strong>mmtos</strong></span> <span class='ocrx_word' id='word_1_472' title='bbox 588 3283 703 3332; x_wconf 74' lang='lat' dir='ltr'><strong>fecit</strong></span> <span class='ocrx_word' id='word_1_473' title='bbox 724 3297 909 3330; x_wconf 74' lang='lat' dir='ltr'><strong>cessare</strong></span> <span class='ocrx_word' id='word_1_474' title='bbox 928 3281 1123 3330; x_wconf 61' lang='lat' dir='ltr'><strong>furores„</strong></span> <span class='ocrx_word' id='word_1_475' title='bbox 1149 3294 1162 3327; x_wconf 74' lang='grc' dir='ltr'>τ</span> 
     </span>
    </p>
   </div>
   <div class='ocr_carea' id='block_1_8' title="bbox 1809 3188 3080 3336">
    <p class='ocr_par' dir='ltr' id='par_1_11' title="bbox 1809 3188 3080 3336">
     <span class='ocr_line' id='line_1_70' title="bbox 1809 3188 3001 3256; baseline -0.004 -15"><span class='ocrx_word' id='word_1_476' title='bbox 1809 3191 1971 3241; x_wconf 82' lang='lat' dir='ltr'><strong>Armis</strong></span> <span class='ocrx_word' id='word_1_477' title='bbox 1997 3207 2170 3256; x_wconf 85' lang='lat' dir='ltr'><strong>corpus</strong></span> <span class='ocrx_word' id='word_1_478' title='bbox 2197 3188 2373 3250; x_wconf 87' lang='lat' dir='ltr'><strong>habet,</strong></span> <span class='ocrx_word' id='word_1_479' title='bbox 2405 3189 2551 3238; x_wconf 86' lang='lat' dir='ltr'><strong>malas</strong></span> <span class='ocrx_word' id='word_1_480' title='bbox 2575 3188 2794 3252; x_wconf 79' lang='lat' dir='ltr'><strong>lanugine</strong></span> <span class='ocrx_word' id='word_1_481' title='bbox 2821 3188 3001 3249; x_wconf 78' lang='lat' dir='ltr'><strong>nudas3</strong></span> 
     </span>
     <span class='ocr_line' id='line_1_71' title="bbox 1810 3269 3080 3336; baseline -0.002 -15"><span class='ocrx_word' id='word_1_482' title='bbox 1810 3273 2144 3336; x_wconf 74' lang='lat' dir='ltr'><strong>Attollensque</strong></span> <span class='ocrx_word' id='word_1_483' title='bbox 2172 3270 2189 3334; x_wconf 93' lang='lat'>(</span> <span class='ocrx_word' id='word_1_484' title='bbox 2205 3272 2362 3336; x_wconf 83' lang='lat' dir='ltr'><strong>placet</strong></span> <span class='ocrx_word' id='word_1_485' title='bbox 2394 3278 2581 3318; x_wconf 82' lang='lat' dir='ltr'><strong>tautum</strong></span> <span class='ocrx_word' id='word_1_486' title='bbox 2609 3269 2840 3332; x_wconf 79' lang='lat' dir='ltr'><strong>victoria)</strong></span> <span class='ocrx_word' id='word_1_487' title='bbox 2864 3269 3080 3318; x_wconf 82' lang='lat' dir='ltr'><strong>dextram</strong></span> 
     </span>
    </p>
   </div>
   <div class='ocr_carea' id='block_1_9' title="bbox 162 3347 2994 3436">
    <p class='ocr_par' dir='ltr' id='par_1_12' title="bbox 162 3347 2994 3436">
     <span class='ocr_line' id='line_1_72' title="bbox 162 3347 2994 3436; baseline -0.004 -24"><span class='ocrx_word' id='word_1_488' title='bbox 162 3369 259 3414; x_wconf 58' lang='grc' dir='ltr'><strong>διδ</strong></span> <span class='ocrx_word' id='word_1_489' title='bbox 288 3367 525 3418; x_wconf 76' lang='lat' dir='ltr'><strong>miserum</strong></span> <span class='ocrx_word' id='word_1_490' title='bbox 550 3364 750 3430; x_wconf 85' lang='lat' dir='ltr'><strong>plorans</strong></span> <span class='ocrx_word' id='word_1_491' title='bbox 773 3362 869 3411; x_wconf 85' lang='lat' dir='ltr'><strong>heu</strong></span> <span class='ocrx_word' id='word_1_492' title='bbox 891 3378 1017 3410; x_wconf 88' lang='lat' dir='ltr'><strong>nunc</strong></span> <span class='ocrx_word' id='word_1_493' title='bbox 1034 3347 1248 3426; x_wconf 66' lang='lat' dir='ltr'><strong>(lucique.</strong></span> <span class='ocrx_word' id='word_1_494' title='bbox 1316 3361 1425 3410; x_wconf 87' lang='lat' dir='ltr'><strong>Non</strong></span> <span class='ocrx_word' id='word_1_495' title='bbox 1450 3358 1535 3407; x_wconf 88' lang='lat' dir='ltr'><strong>tibi</strong></span> <span class='ocrx_word' id='word_1_496' title='bbox 1570 3359 1725 3436; x_wconf 76' lang='lat' dir='ltr'><strong>luctus</strong></span> <span class='ocrx_word' id='word_1_497' title='bbox 1810 3353 1993 3420; x_wconf 75' lang='lat' dir='ltr'><strong>Aspicit</strong></span> <span class='ocrx_word' id='word_1_498' title='bbox 2021 3353 2216 3417; x_wconf 88' lang='lat' dir='ltr'><strong>obliquo</strong></span> <span class='ocrx_word' id='word_1_499' title='bbox 2238 3360 2313 3413; x_wconf 86' lang='lat' dir='ltr'><strong>te,</strong></span> <span class='ocrx_word' id='word_1_500' title='bbox 2346 3361 2512 3401; x_wconf 86' lang='lat' dir='ltr'><strong>moesta</strong></span> <span class='ocrx_word' id='word_1_501' title='bbox 2542 3351 2778 3415; x_wconf 85' lang='lat' dir='ltr'><strong>Polyxena</strong></span> <span class='ocrx_word' id='word_1_502' title='bbox 2796 3386 2812 3412; x_wconf 88' lang='lat'><strong>,</strong></span> <span class='ocrx_word' id='word_1_503' title='bbox 2840 3350 2994 3401; x_wconf 72' lang='lat' dir='ltr'><strong>vultu.</strong></span> 
     </span>
    </p>
   </div>
   <div class='ocr_carea' id='block_1_10' title="bbox 156 3441 1661 3922">
    <p class='ocr_par' dir='ltr' id='par_1_13' title="bbox 160 3441 1462 3590">
     <span class='ocr_line' id='line_1_73' title="bbox 160 3441 1361 3511; baseline -0.008 -13"><span class='ocrx_word' id='word_1_504' title='bbox 160 3451 301 3498; x_wconf 74' lang='lat' dir='ltr'><strong>eausa</strong></span> <span class='ocrx_word' id='word_1_505' title='bbox 320 3451 487 3511; x_wconf 79' lang='lat' dir='ltr'><strong>jacens</strong></span> <span class='ocrx_word' id='word_1_506' title='bbox 510 3452 718 3506; x_wconf 79' lang='lat' dir='ltr'><strong>Hector,</strong></span> <span class='ocrx_word' id='word_1_507' title='bbox 739 3454 969 3508; x_wconf 87' lang='lat' dir='ltr'><strong>tantoque</strong></span> <span class='ocrx_word' id='word_1_508' title='bbox 986 3443 1159 3492; x_wconf 83' lang='lat' dir='ltr'><strong>orbata</strong></span> <span class='ocrx_word' id='word_1_509' title='bbox 1187 3441 1361 3490; x_wconf 88' lang='lat' dir='ltr'><strong>marito</strong></span> 
     </span>
     <span class='ocr_line' id='line_1_74' title="bbox 162 3522 1462 3590; baseline -0.007 -9"><span class='ocrx_word' id='word_1_510' title='bbox 162 3531 501 3581; x_wconf 74' lang='lat' dir='ltr'><strong>Andromacha</strong></span> <span class='ocrx_word' id='word_1_511' title='bbox 531 3529 733 3588; x_wconf 75' lang='lat' dir='ltr'><strong>infelix,</strong></span> <span class='ocrx_word' id='word_1_512' title='bbox 764 3529 845 3578; x_wconf 86' lang='lat' dir='ltr'><strong>sed</strong></span> <span class='ocrx_word' id='word_1_513' title='bbox 864 3527 1059 3576; x_wconf 79' lang='lat' dir='ltr'><strong>Achivis</strong></span> <span class='ocrx_word' id='word_1_514' title='bbox 1084 3524 1275 3590; x_wconf 84' lang='lat' dir='ltr'><strong>ignibus</strong></span> <span class='ocrx_word' id='word_1_515' title='bbox 1298 3522 1462 3572; x_wconf 86' lang='lat' dir='ltr'><strong>hausta</strong></span> 
     </span>
    </p>

    <p class='ocr_par' dir='ltr' id='par_1_14' title="bbox 162 3603 1399 3674">
     <span class='ocr_line' id='line_1_75' title="bbox 162 3603 1399 3674; baseline -0.008 -14"><span class='ocrx_word' id='word_1_516' title='bbox 162 3611 326 3660; x_wconf 77' lang='lat' dir='ltr'><strong>Patria.</strong></span> <span class='ocrx_word' id='word_1_517' title='bbox 400 3610 607 3674; x_wconf 81' lang='lat' dir='ltr'><strong>Quippe</strong></span> <span class='ocrx_word' id='word_1_518' title='bbox 620 3609 773 3656; x_wconf 84' lang='lat' dir='ltr'><strong>latens</strong></span> <span class='ocrx_word' id='word_1_519' title='bbox 792 3607 997 3656; x_wconf 83' lang='lat' dir='ltr'><strong>obducto</strong></span> <span class='ocrx_word' id='word_1_520' title='bbox 1016 3605 1223 3669; x_wconf 83' lang='lat' dir='ltr'><strong>tegmine</strong></span> <span class='ocrx_word' id='word_1_521' title='bbox 1242 3603 1399 3651; x_wconf 74' lang='lat' dir='ltr'><strong>vultus</strong></span> 
     </span>
    </p>

    <p class='ocr_par' dir='ltr' id='par_1_15' title="bbox 158 3685 1561 3840">
     <span class='ocr_line' id='line_1_76' title="bbox 158 3685 1561 3754; baseline -0.006 -13"><span class='ocrx_word' id='word_1_522' title='bbox 158 3694 343 3741; x_wconf 80' lang='lat' dir='ltr'><strong>Grande</strong></span> <span class='ocrx_word' id='word_1_523' title='bbox 362 3693 557 3740; x_wconf 84' lang='lat' dir='ltr'><strong>malum</strong></span> <span class='ocrx_word' id='word_1_524' title='bbox 577 3689 812 3754; x_wconf 83' lang='lat' dir='ltr'><strong>loquitur,</strong></span> <span class='ocrx_word' id='word_1_525' title='bbox 834 3696 1167 3752; x_wconf 82' lang='lat' dir='ltr'><strong>tormentaque</strong></span> <span class='ocrx_word' id='word_1_526' title='bbox 1197 3701 1315 3734; x_wconf 68' lang='lat' dir='ltr'><strong>saeva</strong></span> <span class='ocrx_word' id='word_1_527' title='bbox 1342 3685 1431 3733; x_wconf 85' lang='lat' dir='ltr'><strong>sub</strong></span> <span class='ocrx_word' id='word_1_528' title='bbox 1465 3685 1561 3733; x_wconf 85' lang='lat' dir='ltr'><strong>alto</strong></span> 
     </span>
     <span class='ocr_line' id='line_1_77' title="bbox 162 3768 1376 3840; baseline -0.005 -17"><span class='ocrx_word' id='word_1_529' title='bbox 162 3776 309 3823; x_wconf 85' lang='lat' dir='ltr'><strong>Corde</strong></span> <span class='ocrx_word' id='word_1_530' title='bbox 330 3775 485 3840; x_wconf 80' lang='lat' dir='ltr'><strong>pedes</strong></span> <span class='ocrx_word' id='word_1_531' title='bbox 512 3773 699 3838; x_wconf 77' lang='lat' dir='ltr'><strong>dejecta</strong></span> <span class='ocrx_word' id='word_1_532' title='bbox 722 3770 831 3820; x_wconf 85' lang='lat' dir='ltr'><strong>fluit</strong></span> <span class='ocrx_word' id='word_1_533' title='bbox 849 3786 953 3836; x_wconf 77' lang='lat' dir='ltr'><strong>quae</strong></span> <span class='ocrx_word' id='word_1_534' title='bbox 975 3769 1119 3818; x_wconf 69' lang='lat' dir='ltr'><strong>vestis</strong></span> <span class='ocrx_word' id='word_1_535' title='bbox 1146 3768 1208 3818; x_wconf 81' lang='lat' dir='ltr'><strong>ad</strong></span> <span class='ocrx_word' id='word_1_536' title='bbox 1241 3768 1376 3817; x_wconf 83' lang='lat' dir='ltr'><strong>imos.</strong></span> 
     </span>
    </p>

    <p class='ocr_par' dir='ltr' id='par_1_16' title="bbox 156 3853 1661 3922">
     <span class='ocr_line' id='line_1_78' title="bbox 156 3853 1661 3922; baseline -0.007 -12"><span class='ocrx_word' id='word_1_537' title='bbox 156 3863 233 3910; x_wconf 69' lang='lat' dir='ltr'><strong>Nil</strong></span> <span class='ocrx_word' id='word_1_538' title='bbox 250 3862 393 3910; x_wconf 78' lang='lat' dir='ltr'><strong>dolor</strong></span> <span class='ocrx_word' id='word_1_539' title='bbox 416 3859 509 3909; x_wconf 81' lang='lat' dir='ltr'><strong>hic</strong></span> <span class='ocrx_word' id='word_1_540' title='bbox 528 3895 544 3920; x_wconf 92' lang='lat'>,</span> <span class='ocrx_word' id='word_1_541' title='bbox 580 3874 677 3922; x_wconf 90' lang='lat' dir='ltr'><strong>quo</strong></span> <span class='ocrx_word' id='word_1_542' title='bbox 695 3865 899 3916; x_wconf 65' lang='grc' dir='ltr'>σκευαὶ,</span> <span class='ocrx_word' id='word_1_543' title='bbox 921 3855 1066 3905; x_wconf 87' lang='lat' dir='ltr'><strong>habet</strong></span> <span class='ocrx_word' id='word_1_544' title='bbox 1092 3873 1105 3906; x_wconf 79' lang='lat'>2</span> <span class='ocrx_word' id='word_1_545' title='bbox 1136 3853 1264 3903; x_wconf 83' lang='lat' dir='ltr'><strong>cadit</strong></span> <span class='ocrx_word' id='word_1_546' title='bbox 1293 3853 1411 3902; x_wconf 78' lang='lat' dir='ltr'><strong>orbe</strong></span> <span class='ocrx_word' id='word_1_547' title='bbox 1438 3868 1661 3918; x_wconf 83' lang='lat' dir='ltr'><strong>genarum</strong></span> 
     </span>
    </p>
   </div>
   <div class='ocr_carea' id='block_1_11' title="bbox 157 3937 1368 4091">
    <p class='ocr_par' dir='ltr' id='par_1_17' title="bbox 157 3937 1368 4091">
     <span class='ocr_line' id='line_1_79' title="bbox 160 3937 1368 4006; baseline -0.006 -14"><span class='ocrx_word' id='word_1_548' title='bbox 160 3948 383 4006; x_wconf 66' lang='lat' dir='ltr'><strong>lacryma</strong></span> <span class='ocrx_word' id='word_1_549' title='bbox 401 3980 417 4001; x_wconf 95' lang='lat'>,</span> <span class='ocrx_word' id='word_1_550' title='bbox 440 3943 533 3991; x_wconf 74' lang='lat' dir='ltr'><strong>sed</strong></span> <span class='ocrx_word' id='word_1_551' title='bbox 556 3942 699 3990; x_wconf 84' lang='lat' dir='ltr'><strong>docta</strong></span> <span class='ocrx_word' id='word_1_552' title='bbox 717 3939 874 3989; x_wconf 85' lang='lat' dir='ltr'><strong>subito</strong></span> <span class='ocrx_word' id='word_1_553' title='bbox 902 3939 1121 3988; x_wconf 80' lang='lat' dir='ltr'><strong>sorbetur</strong></span> <span class='ocrx_word' id='word_1_554' title='bbox 1140 3937 1205 3987; x_wconf 89' lang='lat' dir='ltr'><strong>ab</strong></span> <span class='ocrx_word' id='word_1_555' title='bbox 1234 3947 1337 3986; x_wconf 86' lang='lat' dir='ltr'><strong>arte</strong></span> <span class='ocrx_word' id='word_1_556' title='bbox 1353 3971 1368 3993; x_wconf 87' lang='lat'>‚</span> 
     </span>
     <span class='ocr_line' id='line_1_80' title="bbox 157 4018 1348 4091; baseline -0.004 -21"><span class='ocrx_word' id='word_1_557' title='bbox 157 4029 219 4074; x_wconf 72' lang='lat' dir='ltr'><strong>ttr</strong></span> <span class='ocrx_word' id='word_1_558' title='bbox 244 4033 412 4091; x_wconf 78' lang='lat' dir='ltr'><strong>pateat</strong></span> <span class='ocrx_word' id='word_1_559' title='bbox 444 4031 641 4090; x_wconf 82' lang='lat' dir='ltr'><strong>quanto</strong></span> <span class='ocrx_word' id='word_1_560' title='bbox 670 4021 828 4069; x_wconf 84' lang='lat' dir='ltr'><strong>luctus</strong></span> <span class='ocrx_word' id='word_1_561' title='bbox 845 4019 999 4083; x_wconf 77' lang='lat' dir='ltr'><strong>gravis</strong></span> <span class='ocrx_word' id='word_1_562' title='bbox 1025 4018 1189 4067; x_wconf 85' lang='lat' dir='ltr'><strong>ardeat</strong></span> <span class='ocrx_word' id='word_1_563' title='bbox 1216 4026 1348 4066; x_wconf 80' lang='lat' dir='ltr'><strong>aestu.</strong></span> 
     </span>
    </p>
   </div>
   <div class='ocr_carea' id='block_1_12' title="bbox 597 4158 1287 4213">
    <p class='ocr_par' dir='ltr' id='par_1_18' title="bbox 597 4158 1287 4213">
     <span class='ocr_line' id='line_1_81' title="bbox 597 4158 1287 4213; baseline -0.006 0"><span class='ocrx_word' id='word_1_564' title='bbox 597 4167 846 4213; x_wconf 72' lang='lat' dir='ltr'><strong>xxxm.</strong></span> <span class='ocrx_word' id='word_1_565' title='bbox 886 4166 959 4211; x_wconf 78' lang='lat' dir='ltr'><strong>De</strong></span> <span class='ocrx_word' id='word_1_566' title='bbox 992 4158 1287 4211; x_wconf 80' lang='lat' dir='ltr'><strong>Cassandra.</strong></span> 
     </span>
    </p>
   </div>
   <div class='ocr_carea' id='block_1_13' title="bbox 154 4295 1407 4532">
    <p class='ocr_par' dir='ltr' id='par_1_19' title="bbox 154 4295 1407 4532">
     <span class='ocr_line' id='line_1_82' title="bbox 154 4295 1407 4360; baseline -0.005 -12"><span class='ocrx_word' id='word_1_567' title='bbox 154 4301 475 4350; x_wconf 73' lang='lat' dir='ltr'><strong>Cassandram</strong></span> <span class='ocrx_word' id='word_1_568' title='bbox 512 4299 660 4347; x_wconf 69' lang='lat' dir='ltr'><strong>video</strong></span> <span class='ocrx_word' id='word_1_569' title='bbox 685 4306 841 4346; x_wconf 77' lang='lat' dir='ltr'><strong>vatem</strong></span> <span class='ocrx_word' id='word_1_570' title='bbox 864 4312 877 4346; x_wconf 74' lang='grc' dir='ltr'>ε</span> <span class='ocrx_word' id='word_1_571' title='bbox 900 4305 1025 4346; x_wconf 85' lang='lat' dir='ltr'><strong>tacet</strong></span> <span class='ocrx_word' id='word_1_572' title='bbox 1044 4306 1186 4360; x_wconf 84' lang='lat' dir='ltr'><strong>atque</strong></span> <span class='ocrx_word' id='word_1_573' title='bbox 1202 4295 1407 4344; x_wconf 52' lang='lat' dir='ltr'><strong>tacendo</strong></span> 
     </span>
     <span class='ocr_line' id='line_1_83' title="bbox 156 4379 1328 4450; baseline -0.004 -18"><span class='ocrx_word' id='word_1_574' title='bbox 156 4383 305 4434; x_wconf 71' lang='lat' dir='ltr'><strong>Malta</strong></span> <span class='ocrx_word' id='word_1_575' title='bbox 332 4393 547 4450; x_wconf 65' lang='lat' dir='ltr'><strong>patrem</strong></span> <span class='ocrx_word' id='word_1_576' title='bbox 569 4380 732 4446; x_wconf 84' lang='lat' dir='ltr'><strong>culpat</strong></span> <span class='ocrx_word' id='word_1_577' title='bbox 748 4379 953 4445; x_wconf 77' lang='lat' dir='ltr'><strong>sapienti</strong></span> <span class='ocrx_word' id='word_1_578' title='bbox 978 4380 1117 4444; x_wconf 81' lang='lat' dir='ltr'><strong>piena</strong></span> <span class='ocrx_word' id='word_1_579' title='bbox 1136 4379 1299 4428; x_wconf 80' lang='lat' dir='ltr'><strong>furore</strong></span> <span class='ocrx_word' id='word_1_580' title='bbox 1314 4414 1328 4437; x_wconf 92' lang='lat'>,</span> 
     </span>
     <span class='ocr_line' id='line_1_84' title="bbox 158 4461 1404 4532; baseline -0.004 -17"><span class='ocrx_word' id='word_1_581' title='bbox 158 4467 269 4524; x_wconf 75' lang='lat' dir='ltr'><strong>Qnae</strong></span> <span class='ocrx_word' id='word_1_582' title='bbox 296 4465 483 4532; x_wconf 65' lang='lat' dir='ltr'><strong>patria</strong></span> <span class='ocrx_word' id='word_1_583' title='bbox 508 4471 719 4512; x_wconf 68' lang='lat' dir='ltr'><strong>ventura</strong></span> <span class='ocrx_word' id='word_1_584' title='bbox 742 4479 903 4528; x_wconf 82' lang='lat' dir='ltr'><strong>super,</strong></span> <span class='ocrx_word' id='word_1_585' title='bbox 926 4476 1123 4528; x_wconf 61' lang='lat' dir='ltr'><strong>praaga</strong></span> <span class='ocrx_word' id='word_1_586' title='bbox 1149 4461 1404 4510; x_wconf 78' lang='lat' dir='ltr'><strong>malorum.</strong></span> 
     </span>
    </p>
   </div>
   <div class='ocr_carea' id='block_1_14' title="bbox 664 4612 1259 4677">
    <p class='ocr_par' dir='ltr' id='par_1_20' title="bbox 664 4612 1259 4677">
     <span class='ocr_line' id='line_1_85' title="bbox 664 4612 1259 4677; baseline 0 -17"><span class='ocrx_word' id='word_1_587' title='bbox 664 4615 907 4661; x_wconf 78' lang='lat' dir='ltr'><strong>xxxlv.</strong></span> <span class='ocrx_word' id='word_1_588' title='bbox 948 4615 1021 4660; x_wconf 83' lang='lat' dir='ltr'><strong>De</strong></span> <span class='ocrx_word' id='word_1_589' title='bbox 1055 4612 1259 4677; x_wconf 68' lang='lat' dir='ltr'><strong>Pyrr-lto.</strong></span> 
     </span>
    </p>
   </div>
   <div class='ocr_carea' id='block_1_15' title="bbox 154 4743 1555 4892">
    <p class='ocr_par' dir='ltr' id='par_1_21' title="bbox 154 4743 1555 4892">
     <span class='ocr_line' id='line_1_86' title="bbox 156 4743 1555 4812; baseline -0.002 -15"><span class='ocrx_word' id='word_1_590' title='bbox 156 4749 277 4797; x_wconf 70' lang='lat' dir='ltr'><strong>Ecce</strong></span> <span class='ocrx_word' id='word_1_591' title='bbox 301 4747 451 4798; x_wconf 63' lang='grc' dir='ltr'>ἶσοι</span> <span class='ocrx_word' id='word_1_592' title='bbox 476 4744 711 4812; x_wconf 65' lang='lat' dir='ltr'><strong>Pyrr-&#39;nus</strong></span> <span class='ocrx_word' id='word_1_593' title='bbox 732 4746 883 4811; x_wconf 84' lang='lat' dir='ltr'><strong>captis</strong></span> <span class='ocrx_word' id='word_1_594' title='bbox 910 4745 1051 4795; x_wconf 85' lang='lat' dir='ltr'><strong>modo</strong></span> <span class='ocrx_word' id='word_1_595' title='bbox 1082 4743 1345 4800; x_wconf 84' lang='lat' dir='ltr'><strong>moenibus,</strong></span> <span class='ocrx_word' id='word_1_596' title='bbox 1375 4743 1555 4794; x_wconf 77' lang='lat' dir='ltr'><strong>hastam</strong></span> 
     </span>
     <span class='ocr_line' id='line_1_87' title="bbox 154 4822 1425 4892; baseline -0.003 -14"><span class='ocrx_word' id='word_1_597' title='bbox 154 4833 261 4878; x_wconf 75' lang='lat' dir='ltr'><strong>Non</strong></span> <span class='ocrx_word' id='word_1_598' title='bbox 296 4829 507 4886; x_wconf 68' lang='lat' dir='ltr'><strong>vibrat,</strong></span> <span class='ocrx_word' id='word_1_599' title='bbox 542 4833 631 4874; x_wconf 79' lang='lat' dir='ltr'><strong>aut</strong></span> <span class='ocrx_word' id='word_1_600' title='bbox 654 4825 822 4892; x_wconf 86' lang='lat' dir='ltr'><strong>pennis</strong></span> <span class='ocrx_word' id='word_1_601' title='bbox 843 4826 1033 4876; x_wconf 83' lang='lat' dir='ltr'><strong>cristata</strong></span> <span class='ocrx_word' id='word_1_602' title='bbox 1062 4827 1236 4876; x_wconf 78' lang='lat' dir='ltr'><strong>casside</strong></span> <span class='ocrx_word' id='word_1_603' title='bbox 1262 4822 1425 4888; x_wconf 79' lang='lat' dir='ltr'><strong>fulget.</strong></span> 
     </span>
    </p>
   </div>
   <div class='ocr_carea' id='block_1_16' title="bbox 2271 3508 2894 3578">
    <p class='ocr_par' dir='ltr' id='par_1_22' title="bbox 2271 3508 2894 3578">
     <span class='ocr_line' id='line_1_88' title="bbox 2271 3508 2894 3578; baseline -0.002 -18"><span class='ocrx_word' id='word_1_604' title='bbox 2271 3514 2492 3561; x_wconf 74' lang='lat' dir='ltr'>XXXV.</span> <span class='ocrx_word' id='word_1_605' title='bbox 2534 3514 2605 3559; x_wconf 81' lang='lat' dir='ltr'><strong>De</strong></span> <span class='ocrx_word' id='word_1_606' title='bbox 2637 3508 2894 3578; x_wconf 66' lang='grc' dir='ltr'>Ροζγτεηα.</span> 
     </span>
    </p>
   </div>
   <div class='ocr_carea' id='block_1_17' title="bbox 1812 3640 3170 4607">
    <p class='ocr_par' dir='ltr' id='par_1_23' title="bbox 1812 3640 3037 3788">
     <span class='ocr_line' id='line_1_89' title="bbox 1814 3640 3037 3706; baseline 0.002 -17"><span class='ocrx_word' id='word_1_607' title='bbox 1814 3643 1932 3703; x_wconf 76' lang='lat' dir='ltr'><strong>Quoe</strong></span> <span class='ocrx_word' id='word_1_608' title='bbox 1961 3640 2150 3688; x_wconf 85' lang='lat' dir='ltr'><strong>tandem</strong></span> <span class='ocrx_word' id='word_1_609' title='bbox 2175 3650 2223 3688; x_wconf 88' lang='lat' dir='ltr'><strong>te</strong></span> <span class='ocrx_word' id='word_1_610' title='bbox 2244 3656 2380 3689; x_wconf 85' lang='lat' dir='ltr'><strong>causa</strong></span> <span class='ocrx_word' id='word_1_611' title='bbox 2398 3676 2413 3700; x_wconf 91' lang='lat'>‚</span> <span class='ocrx_word' id='word_1_612' title='bbox 2439 3641 2677 3706; x_wconf 79' lang='lat' dir='ltr'><strong>Polyxena</strong></span> <span class='ocrx_word' id='word_1_613' title='bbox 2693 3677 2706 3699; x_wconf 90' lang='lat'>,</span> <span class='ocrx_word' id='word_1_614' title='bbox 2729 3641 2851 3704; x_wconf 85' lang='lat' dir='ltr'><strong>cogit</strong></span> <span class='ocrx_word' id='word_1_615' title='bbox 2874 3643 2926 3690; x_wconf 88' lang='lat' dir='ltr'><strong>in</strong></span> <span class='ocrx_word' id='word_1_616' title='bbox 2944 3658 3037 3691; x_wconf 72' lang='grc' dir='ltr'>εει-ο</span> 
     </span>
     <span class='ocr_line' id='line_1_90' title="bbox 1812 3722 2968 3788; baseline 0 -16"><span class='ocrx_word' id='word_1_617' title='bbox 1812 3723 1889 3772; x_wconf 88' lang='lat' dir='ltr'><strong>Sic</strong></span> <span class='ocrx_word' id='word_1_618' title='bbox 1911 3723 2112 3787; x_wconf 86' lang='lat' dir='ltr'><strong>positam</strong></span> <span class='ocrx_word' id='word_1_619' title='bbox 2133 3722 2351 3788; x_wconf 85' lang='lat' dir='ltr'><strong>lacrymis</strong></span> <span class='ocrx_word' id='word_1_620' title='bbox 2375 3737 2538 3771; x_wconf 85' lang='lat' dir='ltr'><strong>rorare</strong></span> <span class='ocrx_word' id='word_1_621' title='bbox 2565 3722 2822 3772; x_wconf 81' lang='lat' dir='ltr'><strong>latentibus</strong></span> <span class='ocrx_word' id='word_1_622' title='bbox 2842 3739 2928 3772; x_wconf 88' lang='lat' dir='ltr'><strong>ora</strong></span> <span class='ocrx_word' id='word_1_623' title='bbox 2946 3728 2968 3772; x_wconf 82' lang='lat'>?</span> 
     </span>
    </p>

    <p class='ocr_par' dir='ltr' id='par_1_24' title="bbox 1816 3804 2856 3870">
     <span class='ocr_line' id='line_1_91' title="bbox 1816 3804 2856 3870; baseline 0.001 -15"><span class='ocrx_word' id='word_1_624' title='bbox 1816 3809 1911 3855; x_wconf 87' lang='lat' dir='ltr'><strong>Cur</strong></span> <span class='ocrx_word' id='word_1_625' title='bbox 1933 3806 2122 3855; x_wconf 85' lang='lat' dir='ltr'><strong>obtecta</strong></span> <span class='ocrx_word' id='word_1_626' title='bbox 2145 3821 2284 3870; x_wconf 79' lang='lat' dir='ltr'><strong>genas</strong></span> <span class='ocrx_word' id='word_1_627' title='bbox 2311 3805 2381 3854; x_wconf 81' lang='lat' dir='ltr'><strong>vis</strong></span> <span class='ocrx_word' id='word_1_628' title='bbox 2403 3804 2646 3855; x_wconf 85' lang='lat' dir='ltr'><strong>erubuisse</strong></span> <span class='ocrx_word' id='word_1_629' title='bbox 2668 3806 2820 3856; x_wconf 66' lang='lat' dir='ltr'><strong>videri</strong></span> <span class='ocrx_word' id='word_1_630' title='bbox 2834 3811 2856 3856; x_wconf 66' lang='grc' dir='ltr'><strong><em>ἓ</em></strong></span> 
     </span>
    </p>

    <p class='ocr_par' dir='ltr' id='par_1_25' title="bbox 1814 3885 3104 4363">
     <span class='ocr_line' id='line_1_92' title="bbox 1814 3885 3102 3950; baseline 0.001 -14"><span class='ocrx_word' id='word_1_631' title='bbox 1814 3886 1907 3936; x_wconf 89' lang='lat' dir='ltr'><strong>Sed</strong></span> <span class='ocrx_word' id='word_1_632' title='bbox 1925 3901 2094 3934; x_wconf 84' lang='lat' dir='ltr'><strong>moeres</strong></span> <span class='ocrx_word' id='word_1_633' title='bbox 2117 3885 2262 3950; x_wconf 84' lang='lat' dir='ltr'><strong>magis</strong></span> <span class='ocrx_word' id='word_1_634' title='bbox 2276 3920 2290 3941; x_wconf 89' lang='lat'><strong>,</strong></span> <span class='ocrx_word' id='word_1_635' title='bbox 2314 3893 2363 3934; x_wconf 81' lang='lat' dir='ltr'><strong>et</strong></span> <span class='ocrx_word' id='word_1_636' title='bbox 2398 3886 2563 3934; x_wconf 82' lang='lat' dir='ltr'><strong>condis</strong></span> <span class='ocrx_word' id='word_1_637' title='bbox 2589 3886 2679 3935; x_wconf 87' lang='lat' dir='ltr'><strong>sub</strong></span> <span class='ocrx_word' id='word_1_638' title='bbox 2701 3889 2846 3937; x_wconf 86' lang='lat' dir='ltr'><strong>eorde</strong></span> <span class='ocrx_word' id='word_1_639' title='bbox 2864 3888 3102 3950; x_wconf 86' lang='lat' dir='ltr'><strong>dolorem,</strong></span> 
     </span>
     <span class='ocr_line' id='line_1_93' title="bbox 1816 3969 2909 4035; baseline -0.001 -16"><span class='ocrx_word' id='word_1_640' title='bbox 1816 3971 2067 4034; x_wconf 76' lang='lat' dir='ltr'><strong>indignans</strong></span> <span class='ocrx_word' id='word_1_641' title='bbox 2087 3970 2126 4018; x_wconf 89' lang='lat' dir='ltr'><strong>si</strong></span> <span class='ocrx_word' id='word_1_642' title='bbox 2153 3979 2198 4018; x_wconf 88' lang='lat' dir='ltr'><strong>te</strong></span> <span class='ocrx_word' id='word_1_643' title='bbox 2221 3969 2386 4035; x_wconf 81' lang='lat' dir='ltr'><strong>patriae</strong></span> <span class='ocrx_word' id='word_1_644' title='bbox 2410 3978 2481 4018; x_wconf 86' lang='lat' dir='ltr'><strong>tot</strong></span> <span class='ocrx_word' id='word_1_645' title='bbox 2507 3985 2646 4020; x_wconf 86' lang='lat' dir='ltr'><strong>causa</strong></span> <span class='ocrx_word' id='word_1_646' title='bbox 2675 3970 2909 4019; x_wconf 87' lang='lat' dir='ltr'><strong>malorum</strong></span> 
     </span>
     <span class='ocr_line' id='line_1_94' title="bbox 1818 4049 3104 4118; baseline 0 -17"><span class='ocrx_word' id='word_1_647' title='bbox 1818 4051 2044 4101; x_wconf 85' lang='lat' dir='ltr'><strong>Phthiam</strong></span> <span class='ocrx_word' id='word_1_648' title='bbox 2066 4049 2276 4116; x_wconf 82' lang='lat' dir='ltr'><strong>Pyrrhus</strong></span> <span class='ocrx_word' id='word_1_649' title='bbox 2302 4060 2409 4114; x_wconf 81' lang='lat' dir='ltr'><strong>agat</strong></span> <span class='ocrx_word' id='word_1_650' title='bbox 2447 4066 2459 4100; x_wconf 73' lang='grc' dir='ltr'>ε</span> <span class='ocrx_word' id='word_1_651' title='bbox 2489 4053 2572 4101; x_wconf 82' lang='lat' dir='ltr'><strong>sed</strong></span> <span class='ocrx_word' id='word_1_652' title='bbox 2595 4069 2694 4101; x_wconf 84' lang='lat' dir='ltr'><strong>non</strong></span> <span class='ocrx_word' id='word_1_653' title='bbox 2721 4053 2930 4102; x_wconf 86' lang='lat' dir='ltr'><strong>crudelia</strong></span> <span class='ocrx_word' id='word_1_654' title='bbox 2951 4053 3104 4118; x_wconf 72' lang='lat' dir='ltr'><strong>quivit</strong></span> 
     </span>
     <span class='ocr_line' id='line_1_95' title="bbox 1818 4133 2977 4196; baseline 0.001 -14"><span class='ocrx_word' id='word_1_655' title='bbox 1818 4133 1972 4182; x_wconf 82' lang='lat' dir='ltr'><strong>Corda</strong></span> <span class='ocrx_word' id='word_1_656' title='bbox 1993 4133 2296 4196; x_wconf 88' lang='lat' dir='ltr'><strong>Neoptolemi</strong></span> <span class='ocrx_word' id='word_1_657' title='bbox 2317 4133 2467 4183; x_wconf 78' lang='lat' dir='ltr'><strong>dulcis</strong></span> <span class='ocrx_word' id='word_1_658' title='bbox 2489 4142 2570 4182; x_wconf 82' lang='lat' dir='ltr'><strong>tua</strong></span> <span class='ocrx_word' id='word_1_659' title='bbox 2590 4133 2742 4182; x_wconf 78' lang='lat' dir='ltr'><strong>forma</strong></span> <span class='ocrx_word' id='word_1_660' title='bbox 2758 4134 2977 4196; x_wconf 87' lang='lat' dir='ltr'><strong>domare,</strong></span> 
     </span>
     <span class='ocr_line' id='line_1_96' title="bbox 1821 4213 3056 4280; baseline 0.002 -20"><span class='ocrx_word' id='word_1_661' title='bbox 1821 4213 1970 4278; x_wconf 83' lang='lat' dir='ltr'><strong>Ipsius</strong></span> <span class='ocrx_word' id='word_1_662' title='bbox 1993 4221 2048 4260; x_wconf 88' lang='lat' dir='ltr'><strong>ut</strong></span> <span class='ocrx_word' id='word_1_663' title='bbox 2074 4213 2310 4278; x_wconf 87' lang='lat' dir='ltr'><strong>quondam</strong></span> <span class='ocrx_word' id='word_1_664' title='bbox 2326 4249 2340 4275; x_wconf 84' lang='lat'>,</span> <span class='ocrx_word' id='word_1_665' title='bbox 2367 4215 2443 4264; x_wconf 91' lang='lat' dir='ltr'><strong>cui</strong></span> <span class='ocrx_word' id='word_1_666' title='bbox 2471 4223 2524 4263; x_wconf 88' lang='lat' dir='ltr'><strong>tu</strong></span> <span class='ocrx_word' id='word_1_667' title='bbox 2551 4213 2606 4262; x_wconf 84' lang='lat' dir='ltr'><strong>fis</strong></span> <span class='ocrx_word' id='word_1_668' title='bbox 2629 4215 2846 4273; x_wconf 70' lang='lat' dir='ltr'><strong>victima,</strong></span> <span class='ocrx_word' id='word_1_669' title='bbox 2870 4225 3056 4280; x_wconf 85' lang='lat' dir='ltr'><strong>patrem</strong></span> 
     </span>
     <span class='ocr_line' id='line_1_97' title="bbox 1819 4297 2930 4363; baseline 0.003 -20"><span class='ocrx_word' id='word_1_670' title='bbox 1819 4299 2049 4344; x_wconf 85' lang='lat' dir='ltr'><strong>Traxerat</strong></span> <span class='ocrx_word' id='word_1_671' title='bbox 2073 4297 2122 4344; x_wconf 85' lang='lat' dir='ltr'><strong>iu</strong></span> <span class='ocrx_word' id='word_1_672' title='bbox 2149 4297 2344 4345; x_wconf 88' lang='lat' dir='ltr'><strong>minime</strong></span> <span class='ocrx_word' id='word_1_673' title='bbox 2364 4307 2564 4363; x_wconf 73' lang='lat' dir='ltr'><strong>speratae</strong></span> <span class='ocrx_word' id='word_1_674' title='bbox 2585 4297 2706 4346; x_wconf 83' lang='lat' dir='ltr'><strong>retia</strong></span> <span class='ocrx_word' id='word_1_675' title='bbox 2731 4298 2930 4358; x_wconf 84' lang='lat' dir='ltr'><strong>mortis;</strong></span> 
     </span>
    </p>

    <p class='ocr_par' dir='ltr' id='par_1_26' title="bbox 1820 4375 3170 4607">
     <span class='ocr_line' id='line_1_98' title="bbox 1820 4375 3170 4444; baseline 0.004 -18"><span class='ocrx_word' id='word_1_676' title='bbox 1820 4381 1940 4426; x_wconf 83' lang='lat' dir='ltr'><strong>Juro</strong></span> <span class='ocrx_word' id='word_1_677' title='bbox 1962 4378 2042 4426; x_wconf 81' lang='lat' dir='ltr'><strong>sed</strong></span> <span class='ocrx_word' id='word_1_678' title='bbox 2066 4375 2190 4426; x_wconf 83' lang='lat' dir='ltr'><strong>hauc</strong></span> <span class='ocrx_word' id='word_1_679' title='bbox 2211 4379 2385 4444; x_wconf 86' lang='lat' dir='ltr'><strong>ipsam,</strong></span> <span class='ocrx_word' id='word_1_680' title='bbox 2416 4395 2520 4443; x_wconf 75' lang='lat' dir='ltr'><strong>quae</strong></span> <span class='ocrx_word' id='word_1_681' title='bbox 2541 4378 2688 4442; x_wconf 77' lang='lat' dir='ltr'><strong>fulget</strong></span> <span class='ocrx_word' id='word_1_682' title='bbox 2713 4379 2764 4426; x_wconf 90' lang='lat' dir='ltr'><strong>in</strong></span> <span class='ocrx_word' id='word_1_683' title='bbox 2785 4394 2879 4428; x_wconf 80' lang='lat' dir='ltr'><strong>aere</strong></span> <span class='ocrx_word' id='word_1_684' title='bbox 2894 4415 2908 4441; x_wconf 87' lang='lat'><strong>,</strong></span> <span class='ocrx_word' id='word_1_685' title='bbox 2934 4379 3129 4444; x_wconf 79' lang='lat' dir='ltr'><strong>figuram</strong></span> <span class='ocrx_word' id='word_1_686' title='bbox 3157 4397 3170 4431; x_wconf 89' lang='lat'>:</span> 
     </span>
     <span class='ocr_line' id='line_1_99' title="bbox 1822 4458 2901 4525; baseline 0.001 -17"><span class='ocrx_word' id='word_1_687' title='bbox 1822 4459 1870 4508; x_wconf 89' lang='lat' dir='ltr'><strong>Si</strong></span> <span class='ocrx_word' id='word_1_688' title='bbox 1892 4458 2002 4507; x_wconf 80' lang='lat' dir='ltr'><strong>talis</strong></span> <span class='ocrx_word' id='word_1_689' title='bbox 2029 4469 2278 4525; x_wconf 84' lang='lat' dir='ltr'><strong>conspecta</strong></span> <span class='ocrx_word' id='word_1_690' title='bbox 2301 4459 2450 4519; x_wconf 79' lang='lat' dir='ltr'><strong>fores,</strong></span> <span class='ocrx_word' id='word_1_691' title='bbox 2474 4469 2522 4510; x_wconf 84' lang='lat' dir='ltr'><strong>te</strong></span> <span class='ocrx_word' id='word_1_692' title='bbox 2545 4459 2737 4524; x_wconf 81' lang='lat' dir='ltr'><strong>conjuge</strong></span> <span class='ocrx_word' id='word_1_693' title='bbox 2761 4461 2901 4510; x_wconf 86' lang='lat' dir='ltr'><strong>ducta</strong></span> 
     </span>
     <span class='ocr_line' id='line_1_100' title="bbox 1824 4541 3085 4607; baseline 0.003 -17"><span class='ocrx_word' id='word_1_694' title='bbox 1824 4541 2032 4607; x_wconf 76' lang='lat' dir='ltr'><strong>Pyrrhus</strong></span> <span class='ocrx_word' id='word_1_695' title='bbox 2061 4541 2289 4592; x_wconf 78' lang='lat' dir='ltr'><strong>Achilleae</strong></span> <span class='ocrx_word' id='word_1_696' title='bbox 2311 4543 2516 4592; x_wconf 88' lang='lat' dir='ltr'><strong>monitus</strong></span> <span class='ocrx_word' id='word_1_697' title='bbox 2541 4552 2867 4593; x_wconf 86' lang='lat' dir='ltr'><strong>contemneret</strong></span> <span class='ocrx_word' id='word_1_698' title='bbox 2889 4545 3085 4594; x_wconf 73' lang='lat' dir='ltr'><strong>umbrre.</strong></span> 
     </span>
    </p>
   </div>
   <div class='ocr_carea' id='block_1_18' title="bbox 2249 4691 2950 4757">
    <p class='ocr_par' dir='ltr' id='par_1_27' title="bbox 2249 4691 2950 4757">
     <span class='ocr_line' id='line_1_101' title="bbox 2249 4691 2950 4757; baseline 0.006 -17"><span class='ocrx_word' id='word_1_699' title='bbox 2249 4694 2490 4740; x_wconf 76' lang='lat' dir='ltr'><strong>xxxvl.</strong></span> <span class='ocrx_word' id='word_1_700' title='bbox 2511 4695 2584 4740; x_wconf 83' lang='lat' dir='ltr'><strong>De</strong></span> <span class='ocrx_word' id='word_1_701' title='bbox 2606 4696 2655 4739; x_wconf 86' lang='lat' dir='ltr'><em>A</em></span> <span class='ocrx_word' id='word_1_702' title='bbox 2646 4691 2759 4757; x_wconf 81' lang='lat' dir='ltr'><strong>jace</strong></span> <span class='ocrx_word' id='word_1_703' title='bbox 2781 4696 2950 4744; x_wconf 65' lang='lat' dir='ltr'><strong>Locro·</strong></span> 
     </span>
    </p>
   </div>
   <div class='ocr_carea' id='block_1_19' title="bbox 1722 4826 2896 4890">
    <p class='ocr_par' dir='ltr' id='par_1_28' title="bbox 1722 4826 2896 4890">
     <span class='ocr_line' id='line_1_102' title="bbox 1722 4826 2896 4890; baseline 0.003 -16"><span class='ocrx_word' id='word_1_704' title='bbox 1722 4849 1731 4888; x_wconf 67' lang='lat'><strong>⁸.</strong></span> <span class='ocrx_word' id='word_1_705' title='bbox 1829 4826 1966 4874; x_wconf 83' lang='lat' dir='ltr'><strong>Juvit</strong></span> <span class='ocrx_word' id='word_1_706' title='bbox 1991 4834 2037 4874; x_wconf 88' lang='lat' dir='ltr'><strong>et</strong></span> <span class='ocrx_word' id='word_1_707' title='bbox 2063 4827 2252 4889; x_wconf 79' lang='lat' dir='ltr'><strong>Ajacem</strong></span> <span class='ocrx_word' id='word_1_708' title='bbox 2271 4842 2546 4890; x_wconf 84' lang='lat' dir='ltr'><strong>generosum</strong></span> <span class='ocrx_word' id='word_1_709' title='bbox 2570 4827 2720 4888; x_wconf 69' lang='lat' dir='ltr'><strong>visere</strong></span> <span class='ocrx_word' id='word_1_710' title='bbox 2735 4863 2751 4888; x_wconf 89' lang='lat'>,</span> <span class='ocrx_word' id='word_1_711' title='bbox 2776 4828 2896 4877; x_wconf 83' lang='lat' dir='ltr'><strong>sevit</strong></span> 
     </span>
    </p>
   </div>
  </div>
 </body>
</html>
