3829 5747
351 906 360 923 .
464 873 654 935 reliqua
691 872 864 923 civitas
906 871 1120 923 saltavit.
1169 893 1194 917 »

471 174 590 233 478
1584 177 2092 241 ANTHOLOGIAE
2136 181 2540 247 PALATINAE

469 318 644 356 verum
666 318 773 356 esse
799 309 1112 371 agnoverunt.
1142 307 1373 371 Sequitur
1405 308 1472 373 ἐφ’
1489 312 1724 375 ἡμετέροις
1746 313 1846 375 (tau.
1871 312 2031 375 Plan.)
2075 318 2083 373 !
2118 317 2196 366 est
2217 329 2295 381 ap.
2324 318 2545 370 Alcaeum
2570 334 2719 385 supra
2744 337 2823 388 ep.
2846 328 2957 377 412.
2984 326 3097 378 Sive
3136 328 3299 394 potius
3334 331 3541 381 κωκύει
3568 333 3695 390 inte-
3777 348 3778 395 j

467 377 712 433 ἆδάπταις.
744 396 768 418 ιι
793 380 958 440 Margo
985 376 1178 427 Codicis
1206 397 1218 426 :
1249 395 1320 442 γρ.
1358 379 1538 437 ἀήταις.
1561 383 1696 439 Ζήτει
1717 389 1818 438 πῶς
1838 384 2024 445 ὀρείλει.

466 447 813 506 Quaesiverunt
829 448 920 499 viri
939 448 1099 508 docti,
1120 462 1212 499 nec
1243 454 1544 512 repererunt.
1569 453 1761 517 Reliqui
1788 457 2025 519 ἡμετέροι-

2117 388 2289 450 φελῶς,
2311 389 2445 452 quod
2475 390 2537 440 de
2570 391 2849 445 vehementi
2872 396 3215 451 lamentatione
3250 404 3397 451 recte
3428 400 3539 451 dici
3566 418 3701 467 posse

2117 459 2329 511 videtur.
2368 462 2675 527 Ἐπιζαφελῶς
2724 470 3017 529 χαλεπαίνειν
3051 470 3172 521 dixit
3212 474 3497 523 Homerus.
3542 496 3567 517 u
3604 480 3697 525 L’n-
3777 506 3778 509 =

467 536 562 577 σιν,
583 517 717 581 quod
734 522 810 569 est
831 519 879 568 in
907 517 1114 579 Codice3
1133 518 1216 568 alii
1235 522 1540 584 ὑμετέροισιν.
1565 542 1590 565 ν
1610 526 1673 573 B.
1695 525 1921 574 Nondum
1948 538 2028 575 sa·
2073 564 2080 599 ,
2117 544 2263 593 gerus
2295 534 2458 583 Bettr.
2495 546 2543 599 p.
2568 538 2627 585 38
2660 536 2891 599 coniecit,
2926 541 3098 590 κωκύει
3134 544 3447 599 αῐκιλίως.
3488 546 3705 596 Geistins

466 594 614 640 natus
639 591 794 640 locus.
829 589 1080 653 Wyttenb.
1119 590 1328 653 coniecit
1365 592 1434 654 ἐφ’
1477 594 1765 658 ὑμετέροισιν
1797 597 2025 661 ἀραγμοῖς

465 663 563 722 vel,
603 676 716 711 cum
762 660 1010 722 Jacobsio‚
1053 659 1123 724 ἐφ’
1161 663 1394 725 ὑμετέροις
1431 664 1713 727 ἀλαλαγμοῖς
1729 703 1746 728 ,
1772 666 1842 717 ita
1876 668 2026 732 expli-

465 748 582 784 cans
615 754 628 784 :
665 753 688 777 ιι
735 731 1036 795 Thyiadibus
1077 732 1398 783 clamantibus
1442 734 1599 797 iisque
1659 738 1907 789 accinente
1958 738 2022 789 ti-

2116 603 2390 654 tentaverat
2426 608 2677 670 κειραμένα
2702 610 2937 657 κωκύεται
2970 612 3185 673 κεφαλᾶν.
3212 614 3551 677 Recepissem
3596 618 3704 667 Her-
3777 620 3778 623 ’

2116 672 2281 722 manni
2300 676 2351 725 et
2370 674 2725 724 schneider-tini
2738 677 3123 729 mandationem
3138 683 3338 731 πολλάκι
3356 701 3394 732 κ
3404 701 3433 734 ε
3444 703 3479 733 π
3489 688 3517 733 λ
3528 704 3557 733 ο
3568 703 3603 745 μ
3614 688 3665 735 ἐν
3676 705 3703 734 α

2115 744 2289 793 κωκύει
2301 781 2315 806 ,
2344 744 2386 793 si
2430 745 2602 795 ultima
2638 746 2789 796 verba
2813 751 2984 798 sanata
3021 754 3185 803 essent
3199 789 3212 813 ,
3240 754 3441 816 quibus
3472 754 3707 805 admovet

463 802 650 863 hicine,
693 801 758 852 ad
810 800 960 864 hujus
1015 801 1212 852 dulcem
1273 816 1449 853 sonum
1513 806 1784 871 mollesque
1853 824 2028 862 nomos
2116 814 2365 865 Heckerus
2387 814 2635 867 homerica
2656 817 2713 867 Il.
2746 822 2809 877 n,
2838 822 2937 869 76:

1251 874 1519 926 Lobecldus
1567 878 1772 941 Paralip.
1815 894 2022 943 gramm.

463 959 515 1009 p.
539 949 648 1006 549,
665 944 734 1006 ἐφ’
753 946 984 1009 ὑμετέροις
1006 945 1277 1007 ἀλαλητοῖς,
1301 946 1437 1009 quod
1459 950 1643 1012 recepit
1663 950 1868 1001 Meinek.
1897 954 2025 1003 Hec-

465 1015 611 1066 kerus
652 1016 720 1078 ἐφ’
757 1016 1052 1079 ὑμετέραισιν
1087 1014 1250 1073 ἆῡταῑς
1268 1053 1282 1075 ,
1323 1018 1432 1068 coll.
1467 1020 1635 1069 Nonno
1677 1022 1816 1073 Dion.
1847 1026 2023 1085 xxvi,

463 1089 555 1137 307
593 1088 646 1135 et
679 1088 967 1136 Anacreont.
994 1088 1118 1147 XVl‚
1145 1094 1192 1147 2,
1223 1088 1358 1151 quod
1384 1092 1556 1152 postea
1579 1088 1771 1141 misisse
1807 1093 2021 1144 videtur.

463 1156 563 1209 Sed
604 1159 827 1219 Ungerus
852 1169 901 1220 p.
927 1164 986 1207 25
1027 1170 1164 1220 seqq.
1186 1171 1298 1220 quoe
1332 1158 1384 1207 in
1405 1158 1482 1209 his
1511 1159 1662 1210 dubia
1683 1165 1883 1213 manent
1916 1178 2024 1227 per·

461 1230 694 1277 accurate
721 1227 978 1290 exposuit,
1003 1228 1143 1278 velut
1167 1230 1368 1292 γλυκερὰ
1403 1230 1554 1279 πνέειν
1583 1233 1634 1281 et
1657 1234 1859 1293 μαλακοὶ
1887 1236 2023 1296 νόμοι

461 1298 660 1348 minime
677 1297 1019 1361 respondentia
1037 1304 1133 1355 τοῖς
1156 1299 1436 1361 ἀλαλαγμοῖς
1456 1300 1535 1351 vel
1554 1300 1799 1359 ἀλαλητοῖς
1811 1340 1826 1363 ,
1849 1302 2025 1354 deinde

460 1370 633 1419 miram
653 1372 830 1419 ἔννοιαν
853 1368 990 1419 urbis
1009 1368 1306 1420 acclamante
1325 1370 1594 1433 Thyiadum
1615 1370 1766 1422 choro
1784 1374 2021 1425 saltantis.

460 1444 572 1504 Ipse
611 1439 806 1501 conjicit
845 1440 917 1501 ἐφ’
941 1442 1197 1502 ἱμερτοῖσιν
1235 1440 1505 1505 Ἁλάπταις,
1535 1443 1646 1493 coll.
1684 1444 1867 1495 (ι’-1116110
1901 1448 2020 1495 Lex.

461 1510 605 1579 Hipp.
630 1525 674 1575 p.
705 1515 795 1561 422
829 1532 841 1560 ι
867 1512 1117 1567 Ἀλάπτης,
1143 1512 1170 1559 ὁ
1190 1512 1236 1567 ἐξ
1255 1512 1505 1562 Ἀλάπτων·
1541 1515 1712 1579 χωρίον
1744 1516 1794 1565 δέ
1815 1517 1916 1566 ἐστι
1942 1524 2024 1575 τῆς

461 1582 649 1644 θρᾴκης
691 1582 750 1630 τὰ
795 1580 1034 1632 Ἄλαπτα.
1076 1583 1125 1630 et
1173 1581 1372 1643 Scylace
1415 1584 1590 1648 Peripl.
1621 1598 1668 1648 p.
1710 1590 1771 1635 63
1813 1588 1965 1635 Gron.
2009 1607 2022 1635 ι

460 1652 665 1701 Ἄκανθα
705 1651 949 1709 Ἑλληνίς,
997 1652 1253 1701 Ἀλαπτα
1289 1652 1524 1715 Ἑλληνίς,
1576 1656 1820 1720 Ἀρὲθουσα
1856 1659 2019 1716 Ἐλλη-

459 1720 555 1779 νίς,
585 1722 681 1770 etc.
712 1718 971 1770 Jacobffius
999 1718 1210 1782 denique
1238 1742 1249 1769 ι
1281 1741 1305 1765 ιι
1335 1724 1560 1774 Fortasse
1589 1724 1638 1774 in
1679 1726 1902 1783 ἀδάπταις
1943 1742 2024 1791 pe-

460 1791 640 1841 culiare
682 1790 822 1851 sesti,
864 1790 961 1841 illis
997 1791 1043 1839 in
1086 1791 1364 1853 regionibus
1389 1794 1633 1845 celebrare
1656 1796 1785 1847 soliti
1804 1836 1817 1859 ,
1847 1812 2023 1848 nomen

460 1861 596 1911 latet.
634 1882 658 1905 ι
686 1888 750 1897 -
782 1868 810 1911 6
843 1859 972 1910 τοῦδ’
1006 1862 1224 1925 ἐχόρευσε
1269 1862 1426 1925 Plan.;
1451 1864 1610 1915 τούσδ’
1649 1866 1836 1931 ἐχόρευε
1877 1868 2020 1931 cod.;

459 1931 617 1981 τούσδ’
635 1932 781 1982 etiam
813 1944 941 1981 unus
967 1930 1268 1981 Aldinorum.

521 2074 858 2123 cmxxva.
893 2075 1096 2123 Lemma
1119 2087 1132 2117 τ
1158 2076 1222 2129 εἷς
1241 2076 1488 2125 Φιλαινίδα
1505 2075 1645 2139 κόρην
1668 2078 1758 2139 πρὸ
1775 2078 1930 2140 γάμου
1947 2096 2021 2127 τε-

459 2147 766 2207 λευτήσασαν.
792 2146 976 2195 Iterum
1015 2143 1192 2207 legitur
1218 2156 1368 2207 supra
1395 2144 1444 2194 in
1472 2158 1624 2209 marg.
1660 2147 2021 2210 epigrammatis

459 2220 570 2265 343.
592 2241 652 2251 -·
677 2220 696 2263 1
720 2214 896 2275 σάματι
922 2214 1078 2273 Plan.;
1106 2217 1281 2275 σήματι
1318 2215 1438 2265 Cod.
1475 2219 1685 2279 utroque
1712 2218 1836 2269 loco.
1868 2221 2019 2283 Lege-

457 2286 605 2336 batur
632 2285 813 2335 ῐίλεινὼ
854 2286 1088 2346 tanquam
1128 2298 1184 2332 ex
1227 2285 1432 2347 Codice,
1462 2286 1550 2336 sed
1579 2288 1622 2337 is
1661 2292 1868 2353 utroque
1911 2292 2020 2341 loco

456 2355 645 2421 praebet
683 2355 880 2416 Κλεινὰ,
918 2353 1048 2405 sicut
1086 2355 1239 2415 Plan„
1278 2356 1411 2418 quod
1439 2358 1604 2421 posuit
1637 2359 1814 2421 Boiss.‚
1849 2362 2020 2411 Κλείνα

457 2425 709 2475 fleckerus
733 2436 782 2487 p.
810 2432 898 2480 οὓς
929 2424 1108 2472 Κλεινὼ
1138 2424 1366 2475 servabat
1400 2426 1605 2477 Meinelt.
1629 2441 1675 2491 p.
1708 2434 1782 2478 13.
1803 2458 1865 2466 -
1883 2438 1910 2479 2
1946 2432 2018 2481 le-

455 2497 661 2561 gebatur
677 2494 924 2557 ὠκυμόρου
939 2530 953 2556 ,
973 2492 1069 2544 hoc
1085 2508 1280 2559 quoque
1302 2499 1538 2559 tanquam
1555 2511 1617 2548 ex
1640 2499 1843 2562 Codice,
1870 2502 2017 2551 etiam

453 2564 537 2615 blc
581 2564 657 2615 bis
687 2564 936 2629 praebente
965 2565 1229 2627 ὠκύμορον,
1254 2566 1386 2618 sicut
1410 2568 1546 2619 Plan.
1579 2588 1592 2618 ι
1629 2571 1766 2633 quod
1801 2585 1896 2621 non
1942 2576 2019 2625 cst

454 2650 546 2688 cur
581 2639 816 2695 mutetur,
836 2636 936 2686 imo
958 2639 1176 2700 praestat.
1199 2664 1258 2678 -
1277 2642 1324 2687 3.
1349 2656 1372 2679 κ
1404 2640 1552 2689 Moris
1578 2644 1684 2691 erat
1709 2644 1889 2693 mortui
1922 2658 2010 2693 no-

453 2720 566 2757 men
593 2707 794 2770 repetita
811 2720 932 2757 voce
957 2706 1270 2769 pronuntiare
1285 2747 1297 2767 ,
1323 2709 1380 2756 ut
1395 2744 1408 2769 ‚
1429 2708 1471 2757 si
1495 2708 1600 2759 fleri
1627 2716 1816 2777 posset,
1837 2728 2017 2765 vocan-

453 2777 578 2829 tium
607 2792 727 2828 vooe
750 2776 938 2839 audita,
965 2778 1013 2827 iu
1050 2778 1200 2827 vitam
1226 2778 1420 2829 rediret.
1448 2781 1522 2831 Ad
1553 2780 1679 2832 lianc
1713 2786 2016 2837 conclama·

457 2854 562 2901 uon
571 2863 652 2900 em
673 2849 985 2901 referendum
999 2885 1015 2911 ,
1040 2862 1136 2900 non
1159 2848 1222 2900 ad
1239 2851 1567 2915 ψυχαγωγίαν.
1598 2873 1622 2898 ν
1649 2856 1764 2908 Jac.

515 2993 884 3042 cuLxxxvll.
907 2993 1108 3040 Lemma
1128 3010 1140 3039 ε
1165 2993 1229 3048 εἷς
1247 2993 1329 3051 τήν
1344 2992 1488 3052 αὐτὴν
1507 2995 1766 3046 Φιλαινίδα.
1803 2999 1859 3047 111
1879 2998 2011 3048 Plan.

454 3067 640 3126 Πέρσου
665 3063 770 3113 sine
801 3061 983 3126 gentili.
1008 3091 1066 3103 —
1087 3069 1132 3112 2.
1165 3081 1189 3104 «
1215 3062 1450 3125 Ὦραίους.
1481 3065 1680 3129 Proprie
1713 3067 1822 3130 ipsa
1854 3069 2015 3131 puella

453 3132 635 3183 (licitur
676 3137 873 3197 ὡραῖος,
917 3135 1034 3182 viro
1074 3134 1310 3183 matura.
1353 3133 1579 3184 Julianus
1624 3139 1728 3200 AEg.
1769 3137 1898 3188 int‘ra
1932 3153 2009 3203 ep.

453 3209 564 3263 600,
595 3208 614 3252 1
651 3221 663 3250 ι

473 3379 478 3383 ,
573 3327 738 3389 Ὦριος
759 3327 860 3390 εἶχέ
879 3342 936 3376 σε
951 3325 1131 3382 παστὰς
1146 3360 1162 3384 ,
1180 3326 1348 3388 ἀώριος
1368 3327 1460 3377 εἷλέ
1483 3344 1538 3378 σε
1557 3331 1746 3392 τύμὸος.
1773 3355 1796 3376 1,

450 3455 568 3504 Jac-
595 3477 652 3486 —
670 3453 700 3500 4
721 3451 1166 3512 τεσσερεκαιὸεκὲτιν
1193 3449 1336 3511 cod„
1363 3453 1670 3516 superposito
1695 3473 1744 3505 α.

512 3591 906 3642 cmxxxvln.
949 3591 1153 3638 Lemma
1192 3609 1204 3638 z
1235 3591 1299 3646 εἰς
1334 3589 1726 3656 Ἀριστοκράτειαν
1755 3597 1895 3660 κόρην
1918 3602 2008 3661 πρὸ

449 3663 604 3726 γάμου
617 3662 975 3716 τελευτήσασαν.
1002 3661 1060 3708 111
1081 3658 1216 3708 Plan.
1240 3662 1316 3709 est
1333 3661 1517 3718 ἄδηλον.
1535 3689 1597 3698 -
1612 3670 1639 3713 2
1659 3664 1859 3726 ὃνομὲνα
1877 3670 2004 3732 conj.

449 3734 678 3792 Brunck„
696 3731 784 3782 sed
797 3730 1003 3780 alterum
1022 3741 1120 3778 non
1140 3742 1304 3780 rarum
1315 3730 1379 3780 de
1393 3733 1616 3783 mortuis.
1639 3735 1850 3798 Ὦραὶου,
1873 3741 2004 3788 oonl‘.

2238 935 2421 984 οὐδέπω
2446 937 2681 997 negassem
2708 938 2823 996 ὀπὸς
2848 941 3012 991 ἔκλυον
3038 944 3326 1003 αὐδήσαντος

2240 1005 2403 1068 ἐχθρῆς
2422 1008 2475 1055 ἐκ
2498 1011 2697 1070 κεφαλῆς
2710 1046 2724 1072 v

2114 1143 2320 1195 pergens
2347 1152 2359 1182 z
2392 1152 2416 1175 σε
2447 1132 2543 1183 Sed
2579 1132 2649 1184 ibi
2683 1134 2977 1196 adjectivum
3020 1138 3240 1190 additum
3284 1144 3368 1193 est
3386 1178 3403 1203 ,
3448 1143 3593 1205 quod
3630 1143 3703 1193 hle.

2114 1215 2311 1265 quoque
2353 1203 2579 1253 desidero
2600 1206 2651 1255 et
2675 1218 2731 1255 ex
2758 1208 3035 1271 conjectura
3068 1210 3132 1259 ab
3172 1210 3280 1261 aliis
3309 1212 3619 1263 restitutum
3644 1216 3699 1263 iri

2115 1286 2272 1337 spero.
2302 1294 2328 1317 ν
2360 1276 2415 1325 ln
2450 1276 2655 1339 margini
2689 1277 2883 1328 Codicis
2925 1278 3045 1329 huic
3084 1280 3295 1333 disticho
3330 1282 3657 1345 adscriptum
3688 1306 3697 1331 :

2113 1346 2276 1395 λείπει.
2304 1364 2329 1388 «
2348 1350 2411 1396 At
2428 1345 2549 1395 nihil
2576 1346 2732 1397 deest.
2764 1368 2789 1393 υ
2809 1353 2922 1400 Jac.

2175 1483 2510 1536 cmxxxix.
2536 1488 2736 1536 Lemma
2766 1500 2777 1530 τ
2804 1490 2869 1545 εἰς
2896 1490 3079 1550 Τιμὰδα
3098 1492 3270 1551 ὁμοίως
3294 1494 3391 1555 πρὸ
3424 1493 3589 1554 γάμου
3622 1513 3693 1545 τε-

2112 1551 2419 1608 λευτήσασαν.
2448 1581 2511 1591 —·
2551 1561 2570 1605 1
2617 1559 2833 1607 Θανοῖσαν
2870 1559 3078 1609 Brunck.
3117 1588 3181 1597 --
3216 1568 3262 1611 2.
3308 1582 3335 1603 α
3384 1564 3697 1625 Proserpinae

2112 1622 2314 1685 θάλαμος
2332 1638 2393 1674 ex
2414 1624 2507 1676 hoc
2528 1626 2735 1676 sortasse
2761 1628 2867 1677 loco
2888 1628 2952 1677 ad
2976 1629 3143 1692 plures
3162 1633 3385 1682 manavit
3400 1672 3417 1693 ‚
3450 1637 3514 1683 ut
3536 1636 3689 1685 Simo-

2112 1692 2275 1745 nidem
2303 1693 2429 1744 infra
2453 1708 2529 1758 ep.
2552 1698 2643 1747 507
2664 1698 2718 1747 et
2736 1702 2846 1758 508,
2865 1697 3005 1749 alios.
3034 1719 3059 1743 ι»
3077 1703 3193 1752 Jac.
3214 1727 3279 1737 —
3294 1706 3327 1752 3
3357 1705 3592 1763 νεοθαγεῖ
3622 1722 3691 1753 σι-

2109 1763 2235 1827 δήρῳ
2261 1764 2403 1825 θαι,
2432 1765 2737 1829 superposito
2768 1784 2825 1827 α,
2865 1769 3072 1820 correxit
3096 1773 3224 1831 ἕως
3262 1776 3489 1835 νεοθηγὲῑ
3528 1778 3691 1839 χαλκῷ

2111 1831 2249 1881 Plan.
2274 1832 2455 1899 Similis
2474 1833 2731 1886 diversitas
2758 1850 2905 1900 supra
2921 1850 3000 1900 ep.
3030 1842 3133 1899 181,
3154 1845 3201 1900 3,
3227 1841 3366 1903 quod
3384 1843 3691 1906 epigramma

2110 1902 2410 1954 Andronicus
2438 1904 2501 1955 de
2522 1909 2691 1956 nostro
2718 1909 3017 1970 expressisse
3040 1910 3252 1962 videtur.
3280 1914 3358 1963 De
3394 1914 3547 1963 initio
3572 1918 3691 1965 Hec-

2110 1972 2256 2023 kerus
2284 1994 2295 2022 :
2319 1994 2345 2017 ιι
2372 1974 2423 2023 Si
2438 1978 2519 2025 καὶ
2539 1976 2822 2040 simpliciter
2836 1977 3080 2043 adjungit,
3100 1982 3319 2032 secundo
3336 1984 3457 2033 loco
3472 1987 3683 2047 positum

2108 2044 2379 2095 offensione
2420 2058 2519 2095 non
2557 2050 2691 2097 caret
2707 2087 2721 2105 ,
2743 2052 2795 2098 et
2828 2051 2995 2113 κρατὸς
3036 2052 3189 2101 ἔθεντο
3216 2053 3376 2114 κόμαν
3410 2055 3687 2119 significare

2108 2128 2207 2165 non
2250 2118 2415 2179 potest
2429 2153 2441 2176 ‚
2470 2116 2607 2179 quod
2640 2117 2723 2167 hic
2764 2120 3047 2183 requiritur,
3076 2122 3266 2185 puellas
3291 2125 3508 2188 capillos
3534 2126 3681 2190 depo-

2109 2186 2283 2237 suisse.
2314 2187 2515 2251 corrigo
2542 2188 2599 2245 ἇς
2625 2188 2729 2238 κατ’
2766 2190 3072 2253 ἀποφθιμένοις
3093 2229 3167 2253 ...,
3200 2194 3295 2243 nisi
3337 2196 3472 2245 sorte
3504 2200 3676 2260 prese·

2108 2256 2311 2306 rendum
2347 2257 2469 2319 κατ’,
2490 2258 2522 2309 i.
2558 2271 2603 2307 e.
2626 2261 2887 2310 κατέθεντο.
2922 2281 2945 2305 ν
2966 2262 3148 2312 Eadem
3170 2264 3272 2327 jam
3298 2264 3422 2315 olim
3450 2266 3681 2317 observa·

2106 2330 2243 2377 verat
2270 2328 2540 2391 Purgoldus
2571 2328 2714 2379 obss.
2738 2330 2868 2380 critt.
2893 2344 2941 2395 p.
2961 2338 3069 2394 293,
3092 2348 3305 2397 quorum
3334 2337 3483 2398 prius
3508 2352 3677 2386 verum

2105 2396 2318 2447 videtur.
2362 2398 2592 2463 Bergldus
2627 2413 2676 2463 p.
2699 2406 2790 2451 ⁶94
2828 2414 2839 2443 ε
2864 2421 2889 2445 ιι
2918 2401 3125 2453 Videtur
3149 2404 3205 2459 ἃς
3241 2408 3323 2454 καὶ
3352 2408 3435 2456 ἐπὶ
3463 2410 3675 2469 φθιμένοις

2106 2468 2183 2518 vel
2210 2470 2245 2533 ᾇ
2261 2470 2342 2519 καὶ
2372 2470 2447 2519 ἐπὶ
2481 2472 2674 2534 φθιμένῳ
2700 2471 3027 2523 scribendum.
3056 2494 3080 2517 ιι

2167 2610 2351 2659 GDXC.
2382 2610 2583 2659 Lemma
2612 2630 2625 2659 ι
2656 2612 2720 2667 εἰς
2744 2610 2968 2661 Ἂντιδίαν
2999 2615 3087 2677 πρὸ
3122 2614 3275 2677 γάμου
3300 2620 3670 2676 τελευτήσασαν.

2104 2707 2155 2716 -
2190 2686 2209 2730 1
2232 2681 2287 2737 ἇς
2306 2680 2383 2729 ἐπι
2403 2678 2522 2729 Cod.
2552 2681 2604 2730 et
2620 2681 2852 2740 Brunck.;
2872 2682 2925 2742 ἧς
2942 2682 3017 2730 ἔπι
3037 2684 3193 2745 Plan„
3212 2685 3297 2747 qui
3320 2686 3597 2739 dorismum
3626 2690 3671 2738 in

2104 2754 2209 2800 toto
2234 2750 2385 2814 epigr.
2406 2749 2616 2813 negligit.
2647 2770 2671 2793 «ι
2694 2751 2897 2801 Rectius
2913 2752 3129 2813 junxeris
3150 2756 3204 2812 ἇς
3227 2758 3481 2819 ἐφιέμενοι.
3508 2780 3533 2803 ν
3554 2764 3663 2811 Jac.

2102 2848 2162 2857 -—
2190 2826 2220 2871 3
2243 2821 2487 2877 πινύτατος
2517 2820 2695 2882 (tertiae
2731 2822 2931 2886 syllabae
2970 2827 3275 2890 superposito
3300 2832 3353 2892 η)
3377 2831 3528 2893 cod.;
3548 2850 3669 2882 izv-u-

2101 2897 2237 2950 τῆτος
2258 2892 2483 2951 ἆγακλεός
2502 2892 2635 2941 Plan.
2664 2893 2896 2956 Sequitur
2914 2895 3101 2946 ἄλλ’ἑπὶ
3126 2898 3333 2961 πάντων,
3360 2919 3386 2945 α
3414 2902 3468 2952 in
3492 2903 3665 2965 quibus

2102 2961 2264 3012 verbis
2290 2961 2569 3025 prn‘positio
2594 2961 2793 3013 videtur
2816 2963 3092 3025 abundare,
3118 2971 3177 3017 ut
3206 2981 3283 3032 ap.
3310 2971 3467 3034 Sopli.
3504 2973 3661 3036 Antig.

2102 3037 2194 3084 783
2224 3053 2237 3082 τ
2267 3034 2345 3082 καί
2370 3033 2415 3082 σ’
2438 3034 2534 3082 οὔτ’
2553 3033 2795 3084 ἀθανάτων
2814 3037 2999 3098 φύξιμος
3030 3038 3177 3095 οὐδεὶς
3195 3075 3211 3099 ,
3238 3042 3336 3089 οὔθ’
3360 3043 3571 3106 ἁμερίων
3589 3042 3660 3092 ἐπ’

2102 3105 2373 3168 ἀνθρώπων.
2396 3103 2615 3167 Apollon.
2638 3105 2730 3154 Rb.
2754 3107 2847 3164 ΙΙΙ,
2869 3112 2960 3158 919
2992 3127 3004 3156 t
3032 3110 3165 3158 οὔπω
3182 3117 3308 3168 τοῖος
3330 3112 3411 3162 ἐπὶ
3431 3117 3663 3176 προτέρων

2099 3176 2243 3236 γένετ’
2262 3175 2536 3237 ἀνθρώπων.
2562 3196 2586 3218 »ι
2622 3179 2741 3226 Jac.
2771 3177 2868 3227 Sed
2892 3177 2999 3228 baec
3032 3181 3146 3243 quis
3170 3181 3347 3232 similia
3369 3183 3551 3234 dixerit
3579 3198 3657 3234 no-

2100 3245 2249 3295 stris?
2267 3247 2394 3294 Cum
2422 3247 2641 3295 Heckero
2666 3245 2783 3296 dedi
2814 3248 2915 3298 ἀλλ’
2932 3249 3212 3313 ἐπιπάντων,
3232 3253 3365 3316 quod
3392 3259 3529 3304 certa
3552 3257 3657 3304 Cre·

2096 3315 2211 3365 ticae
2230 3313 2553 3378 inscriptionis
2570 3315 2864 3367 auctoritate
2884 3317 3068 3368 nititur.
3088 3321 3293 3371 Meinek.
3314 3337 3366 3386 p.
3388 3330 3452 3376 99
3469 3325 3655 3388 corrigit

2096 3387 2212 3435 ἀλλὰ
2242 3387 2517 3447 προπὰντων
2540 3386 2619 3436 vel
2654 3385 2755 3435 ἀλλ’
2772 3388 2866 3438 ἀπὸ
2898 3389 3101 3439 πάντων.
3124 3395 3229 3441 -4
3262 3393 3483 3446 ἐκύλισσε
3517 3395 3651 3452 cod..

2097 3455 2185 3505 sed
2211 3459 2341 3506 recte
2367 3455 2500 3505 Plan.

2157 3597 2372 3682 0031.ch
2392 3599 2591 3682 Lelnma
2616 3617 2629 3646 ·.
2659 3601 2723 3656 εἷς
2766 3601 2918 3648 Κλειὼ
2935 3635 2950 3662 ,
2983 3601 3283 3654 Μνασάλκου.
3315 3607 3445 3668 Ἐγὼ
3486 3607 3650 3670 νομίζω

2096 3667 2165 3716 ὅτι
2196 3667 2243 3715 ἓν
2275 3683 2403 3716 εστιν
2432 3683 2701 3730 επιγραμμα
2724 3672 2779 3718 τό
2807 3672 3123 3734 Παρθένον
3150 3673 3469 3726 Ἀντιὸίαν
3494 3680 3573 3726 καὶ
3600 3679 3648 3726 τὸ

2095 3739 2159 3786 At
2192 3739 2249 3786 αἳ
2274 3738 2600 3800 παρθενίας
2632 3739 3011 3801 ὀλοόφρονος.
3052 3761 3077 3786 ιι
3116 3743 3211 3794 Sed
3248 3746 3434 3798 fallitur
3461 3750 3645 3797 Graecu-

449 3818 526 3868 ep.
551 3817 696 3868 praec.
725 3831 784 3845 --
806 3805 854 3851 3.
885 3819 908 3843 ιι
939 3803 1215 3864 Opsopoeus
1247 3802 1500 3864 proposuit
1535 3807 1882 3868 καταλιίὸεται,
1908 3823 2004 3858 non
2092 3807 2186 3856 lus.
2215 3827 2239 3849 ω
2270 3805 2492 3858 salmas.
2523 3809 2593 3856 De
2620 3807 2827 3858 diversis
2864 3811 3038 3872 puellis
3078 3814 3153 3877 agi
3188 3816 3265 3864 vel
3308 3817 3503 3867 nomina
3536 3817 3647 3866 indi-

448 3888 636 3926 memor
655 3884 805 3936 quam
830 3872 1061 3934 frequens
1082 3871 1148 3921 sit
1167 3869 1230 3920 de
1249 3871 1454 3923 mortuis
1479 3875 1681 3924 romula
1699 3914 1711 3935 ‚
1733 3891 1816 3926 eos
1837 3881 2006 3930 amicis
2094 3881 2223 3926 caut.
2244 3903 2305 3912 -
2330 3882 2372 3936 1,
2394 3883 2440 3926 2.
2462 3879 2596 3926 Hane
2627 3878 2821 3928 Codicis
2856 3883 2907 3929 et
2938 3882 3070 3931 Plan.
3104 3886 3508 3937 consentientium
3533 3887 3640 3936 ατη·-

449 3948 500 3993 et
523 3941 804 4008 propinquis
824 3939 1002 4002 ὀάνρνα
1020 3942 1330 3992 καταλείπειν.
1357 3943 1588 4002 Plurima,
1610 3945 1756 3996 nimia
1775 3961 2001 4013 quoque,
2046 3915 2054 4015 l
2092 3953 2285 4012 pturam
2312 3947 2622 4010 probabiliter
2646 3950 2857 4012 explicat
2883 3951 3034 4002 Boiss.
3066 3973 3079 4002 ε
3102 3974 3127 3996 «ι
3148 3957 3328 4006 Forsan
3356 3960 3494 4020 periit
3516 3959 3638 4010 Clio.

447 4013 670 4076 congessi
724 4009 786 4060 ad
835 4009 1024 4058 Solonis
1067 4011 1218 4061 verba
1233 4049 1247 4068 ,
1283 4014 1454 4074 φίλοισι
1505 4016 1804 4078 Καλλείποιμι
1853 4022 2005 4071 θανὼν

447 4085 498 4132 ἆ)
702 4084 713 4097 .
827 4081 1002 4141 Μαχᾶς
1069 4080 1115 4128 in
1145 4083 1391 4131 Gnomicis
1433 4097 1466 4146 p
1515 4091 1598 4134 26¹
1733 4091 1833 4138 Bo·
1859 4105 1880 4138 ς
1940 4093 2005 4142 al
2048 4053 2053 4125 Ι
2092 4017 2224 4080 quod
2248 4017 2540 4081 virginitatis
2567 4019 2807 4070 amantior
2832 4035 2890 4070 ac
2912 4022 3191 4086 coniugium
3219 4039 3428 4077 renuens
3460 4029 3505 4077 in
3526 4041 3641 4076 mor.

495 4101 592 4146 .γεα
638 4099 716 4130 και
769 4097 828 4130 στ
1009 4115 1022 4136 ,
1471 4121 1482 4133 .
1613 4124 1620 4133 ¹
1671 4105 1690 4128 a
1815 4105 1864 4140 13.
1884 4130 1896 4141 “
1970 4109 1987 4142 ι

2093 4087 2208 4137 bum
2235 4086 2459 4137 inciderit
2485 4087 2697 4138 letalem.
2727 4089 2808 4138 Sic
2833 4095 3013 4154 saepius
3048 4093 3299 4144 tabescere
3328 4096 3533 4159 virgines
3565 4111 3637 4146 ea-

447 4151 726 4204 Choricium
749 4165 796 4214 p.
827 4153 937 4200 334.
969 4149 1161 4207 Quibus
1183 4151 1262 4202 lile
1290 4152 1428 4203 addit
1457 4173 1470 4202 ι
1494 4173 1518 4196 α
1545 4157 1686 4206 Conl'.
1717 4156 1864 4223 liuJus
1892 4163 2002 4213 libri
2048 4134 2052 4209 Ι
2092 4158 2265 4207 stiores
2291 4160 2470 4207 norunt
2494 4158 2795 4208 medicorum
2823 4160 2925 4210 lilii.
2948 4163 3073 4212 Hinc
3097 4165 3329 4228 explicari
3357 4169 3529 4229 poterit
3549 4168 3638 4230 epi·

445 4238 519 4287 ep.
567 4228 670 4280 181,
720 4224 822 4281 184,
856 4224 966 4278 343,
1000 4225 1111 4280 363,
1154 4226 1263 4282 483,
1289 4227 1400 4281 527,
1430 4227 1528 4274 etc.
1567 4247 1590 4269 υ
1620 4227 1806 4278 Deinde
1835 4231 1898 4280 ἂσ
1926 4235 2000 4283 ἐπὶ
2047 4227 2051 4284 l
2091 4227 2263 4278 theton
2300 4229 2586 4292 ὀλοόφρονος.
2614 4231 2753 4279 Tunc
2778 4231 2923 4281 velim
2948 4233 3003 4288 ἀς
3030 4237 3143 4284 ὕπο.
3174 4253 3197 4278 ι·
3230 4236 3431 4287 Grotius
3454 4251 3635 4300 quoque

445 4293 588 4350 cod..
617 4293 672 4349 ἇς
691 4293 765 4342 ἐπὶ
780 4291 946 4352 Plan„
967 4304 1092 4340 corr.
1116 4293 1320 4343 Brunck.
1343 4321 1402 4328 —
1421 4299 1447 4344 4
1475 4295 1546 4344 sic
1572 4296 1714 4358 Cod„
1731 4302 2001 4364 κεκλιμένας
2090 4299 2161 4349 sic
2186 4299 2477 4350 intellexisse
2502 4299 2713 4350 videtur.
2742 4303 2902 4353 Ceteri
2928 4305 3088 4355 critici
3115 4306 3397 4370 conigenda
3420 4308 3631 4372 quaedani

446 4365 579 4414 Plan.
611 4364 761 4427 (quod
785 4364 835 4412 in
853 4363 1016 4413 latinis
1037 4361 1280 4413 redditum
1297 4364 1446 4414 etiam
1474 4378 1502 4414 a
1527 4367 1734 4428 Grotio).
1761 4371 2002 4423 Emenda-

442 4433 514 4484 tio
541 4435 684 4485 valde
716 4435 881 4485 dubia.
911 4436 1016 4483 Jac.
1047 4453 1060 4482 ι
1091 4453 1114 4475 ιι
1140 4434 1376 4497 Repetitio
1400 4437 1621 4499 ejusdcm
1659 4439 1794 4491 verbi
1821 4441 1871 4492 in
1897 4446 2001 4496 tam

443 4519 594 4568 parvo
613 4507 852 4571 poematio
869 4519 1044 4571 parum
1068 4505 1278 4570 elegans.
1291 4507 1520 4571 Suspicor
1538 4512 1684 4560 πολλὰ
1705 4518 1995 4578 κινυρομένα.

443 4577 552 4625 Νοιι
584 4577 740 4642 magis
765 4575 1116 4639 tautologicum
1156 4579 1428 4640 κινυρομένα
1455 4582 1656 4640 κωκύει,
1685 4594 1836 4644 quam
1866 4587 2001 4650 apud

443 4646 680 4704 Quintum
709 4649 840 4707 xlv,
884 4651 992 4707 384,
1031 4646 1323 4709 κινυρόμεναι
1351 4649 1604 4710 γοάασκον,
1644 4655 1696 4702 et
1737 4667 1885 4718 supra
1920 4671 1997 4722 ep.

2089 4381 2199 4419 esse
2225 4372 2538 4420 censuerunt.
2565 4369 2820 4420 Jacobsius
2850 4392 2863 4420 :

2213 4485 2273 4534 At
2300 4485 2350 4532 αἱ
2374 4485 2650 4547 παρθενικᾶς
2674 4484 2973 4548 ὀλοόφρονος,
2996 4489 3058 4542 ὡς
3078 4486 3175 4537 ἀπὸ
3204 4490 3400 4552 φαιδρὰν

2270 4556 2495 4604 κέκλασαι
2522 4555 2736 4613 ἁλικίαν,
2756 4558 2827 4619 tp..
2860 4557 3027 4618 Κλεοὶ,

2086 4676 2357 4737 ὀλοόφρονος
2380 4673 2625 4737 accipiens
2644 4678 2703 4725 ut
2727 4676 3012 4740 Apollonius
3040 4690 3119 4740 ap.
3154 4679 3420 4729 Homerum
3455 4677 3541 4726 od.
3568 4679 3621 4732 Λ,

443 4721 538 4768 466
569 4738 580 4766 :
609 4719 760 4767 κλαίω
773 4719 1045 4780 ὀδυρομένη.
1075 4736 1098 4760 ν
1119 4718 1324 4767 Meinek.
1355 4738 1368 4766 :
1396 4739 1418 4762 «ι
1445 4721 1549 4770 Non
1582 4726 1682 4772 tam
1707 4723 1758 4773 in
1791 4729 1999 4790 repetito
2087 4755 2165 4805 52,
2204 4751 2313 4807 321,
2342 4752 2424 4806 τῆς
2456 4748 2597 4808 ὑμεῖς
2635 4747 2718 4796 τὰς
2754 4750 2915 4811 φρένας
2944 4749 3161 4812 ἐχούσης,
3190 4749 3457 4800 Mefinekius
3482 4764 3527 4812 p,
3549 4751 3620 4805 93,

440 4787 689 4848 κεκλιμένα
711 4787 902 4848 δῖοι-ω,
927 4799 1077 4850 quam
1104 4787 1153 4835 in
1186 4787 1310 4836 mira
1335 4787 1547 4840 dictione
1573 4796 1769 4844 κωκύειν
1788 4796 1841 4845 ἐκ
1859 4817 1997 4860 κεφα-

439 4998 559 5048 dum
592 5017 604 5045 ε
637 4999 883 5060 κεκλιμένα
926 5001 1159 5049 κωκύεται
1207 5001 1426 5062 κεφαλᾶν.
1473 5001 1683 5052 Medium
1729 5011 1994 5059 κωκύεσθαι

439 4859 520 4912 λᾶς
534 4891 548 4914 ‚
576 4869 723 4919 quun
749 4871 846 4908 non
868 4859 1002 4908 ,πω
1029 4859 1133 4906 530·
1155 4860 1405 4920 comparat
1429 4871 1489 4907 cu
1497 4873 1544 4909 m
1571 4863 1815 4915 'mmmm
1850 4869 1906 4918 n.
1930 4873 1996 4931 n,
2040 4859 2045 4914 ἰ
2086 4818 2287 4880 praelata
2308 4831 2458 4880 quam
2481 4817 2595 4867 olim
2625 4816 2885 4868 Jacobsius
2906 4819 3091 4870 fecerat
3114 4823 3393 4881 conjectura
3421 4840 3435 4869 ε

441 4933 530 4980 584
565 4930 764 4991 εΤρῶας
797 4929 847 4978 δὲ
872 4929 994 4977 κατὰ
1033 4931 1197 4990 κρῆθεν
1227 4929 1338 4978 λάδε
1382 4931 1558 4988 πένθος.
1601 4935 1728 4984 fort.
1777 4938 1997 4988 scriben-
2040 4937 2044 4988 :

2209 4945 2317 4993 Αἰαῖ
2348 4944 2637 5006 Περσεφόνας
2660 4943 2933 5008 ὀλοόφρονος
2952 4981 2966 5004 ,
2993 4945 3025 4993 ἅ
3050 4945 3095 4993 σ’
3118 4944 3213 4994 ἀπὸ
3235 4947 3423 5010 φαιδρὰν

2238 5065 2247 5078 ·
2267 5015 2461 5064 ἔκλασεν
2486 5013 2697 5076 ἁλικίαν,
