3829 5747
371 216 449 273 ⁴2
1479 212 1988 274 ANTHOLOGIAE
2015 212 2435 272 ‘PALATlNAE

372 353 418 396 ὕ.
452 347 510 394 ‘O
529 348 568 393 E
594 344 693 413 ἔχει
714 346 1013 411 Κρεσφόντην
1032 348 1308 409 ἀναιροῦντα
1332 345 1633 408 Πολυφόντην
1650 350 1733 394 τοῦ
1756 346 1928 409 πατρὸς

436 418 515 464 τὸν
535 418 675 475 φονέα
692 429 705 441 ·
726 416 891 467 ἔστιδὲ
915 419 992 466 καὶ
1016 418 1207 479 Μερόπη
1229 415 1425 480 βάκτρον
1439 416 1708 479 κατέχουσα
1722 419 1802 465 καὶ
1820 433 1926 465 συν·

433 492 635 551 εργοῡσα
660 492 728 551 τῷ
745 492 835 551 υἱῷ
854 492 967 551 πρὸς
984 490 1065 546 τὴν
1080 493 1167 537 τοῦ
1196 488 1356 551 ἀνδρὸς
1385 488 1626 549 ἐκδημίαν.

371 622 707 700 Κρεσφόντου
735 622 945 698 γενὲτην
977 621 1162 702 πέφνες
1184 620 1243 679 τὸ
1273 620 1463 701 πάρος,
1489 622 1804 702 Πολυφόντα
1821 666 1841 697 ,

455 709 716 791 κουριδίης
736 711 927 787 ἀλόχου
956 710 1148 788 λέκτρα
1171 712 1330 768 θέλων
1359 710 1567 786 μιάναι-

370 798 463 877 ὀψὲ
492 801 548 859 δέ
576 823 659 857 σοι
686 798 806 865 πάϊς
836 792 933 869 ἧκε
960 798 1101 878 φόνῳ
1128 797 1308 875 γενέτῃ
1332 798 1681 877 προσαμύνων
1702 840 1720 869 ,

449 886 541 947 καί
564 911 621 947 σε
648 885 975 945 κατακτείνει
1004 885 1199 965 ματρὸς
1220 886 1349 964 ὑπὲρ
1376 884 1640 965 Μερόη-ας.

372 976 610 1035 Τοῦνεκα
641 975 732 1033 καὶ
772 973 894 1054 δόρυ
932 973 1065 1044 πῆξε
1108 973 1453 1054 μεταφρένῳ,
1489 974 1523 1031 ἃ
1564 974 1609 1032 δ’
1638 972 1924 1053 ἐπαρήγει,

454 1068 602 1143 βριθὺ
631 1062 771 1123 κατὰ
800 1060 1071 1143 κροτάφων
1100 1062 1329 1141 βάκτρον
1358 1064 1683 1142 ἐρειδομένα.

368 1220 413 1261 6.
449 1212 506 1260 '0
541 1220 577 1262 ς·
608 1210 705 1273 ἔχει
733 1212 937 1261 Πυθῶνα
962 1211 1058 1259 ὑπὸ
1090 1210 1374 1266 ’Λπόλλωνος
1396 1212 1475 1258 καὶ
1510 1210 1763 1273 Ἀρτέμιδος
1789 1207 1926 1255 ἄναι-

430 1287 597 1347 ροῦμεν
582 1301 682 1344 ον,
712 1284 875 1333 καθότι
895 1284 978 1342 τὴν
997 1286 1143 1341 Λητὼ
1171 1284 1486 1347 πορευομένην
1515 1284 1581 1337 εἰς
1617 1281 1819 1344 Δελφοὺς
1847 1282 1924 1329 ἐπὶ

427 1358 483 1405 τὸ
504 1360 759 1419 κατασχεῖν
784 1354 874 1419 [τὸ]
897 1362 1112 1416 μαντεῖον
1134 1356 1365 1413 ἐπιφανεὶς
1384 1354 1681 1404 διεκώλ.υσεν

370 1485 603 1563 Ιηγενέα
634 1488 893 1558 Πυθῶνα,
926 1485 1245 1563 μεμιγμένον
1268 1488 1482 1566 ἑρπετοῦ
1506 1487 1707 1563 ὁλκοῖς,

446 1571 645 1631 ἐκνεύει
678 1572 875 1645 Λατὼ,
909 1572 1089 1653 πάγχυ
1122 1572 1514 1649 μυσαττομένη·

366 1664 563 1720 σκυλᾶν
598 1660 696 1740 γὰρ
722 1662 885 1721 ἐθέλει
919 1662 1135 1721 πινυτὰν
1164 1662 1275 1719 θεόν
1293 1685 1306 1699 ·
1333 1662 1469 1721 ἀλλά
1504 1685 1562 1740 γε
1589 1660 1721 1741 τόξῳ

447 1754 580 1828 θῆρα
608 1750 961 1821 καθαιμάσσει
992 1751 1191 1815 Φοῖὸος
1220 1748 1323 1807 ἀπὸ
1349 1753 1567 1819 σκοπιῆς

368 1838 609 1916 Δελφῶν,
636 1828 693 1896 οἷ
720 1837 865 1909 θήσει
891 1837 1075 1916 τρίπον
1118 1836 1311 1895 ἔνθεον·
1342 1840 1401 1895 ἐκ
1427 1836 1473 1893 δ’
1502 1834 1575 1893 ὅδ’
1604 1833 1823 1893 ὀδόντων

442 1926 624 2003 πικρὸν
650 1924 965 1985 ἀποπνεύσει
996 1926 1158 2003 ῥοῖζον
1189 1923 1516 2003 ὀδυρόμενος.

367 2077 414 2123 7.
452 2074 509 2123 ⁰0
538 2077 573 2123 Z
595 2074 693 2136 ἔχει
710 2111 725 2135 ,
758 2076 860 2137 περὶ
890 2074 951 2123 τὰ
981 2075 1172 2137 ἁρκτῷα
1195 2076 1309 2136 μέρη
1328 2108 1341 2131 ,
1370 2074 1605 2135 Ἀμφίονος
1650 2072 1729 2121 καὶ
1771 2071 1920 2126 Ζήθου

427 2144 657 2205 ἱστορίαν·
682 2144 1024 2205 προσάπτοντες
1044 2144 1199 2204 ταύρῳ
1220 2146 1305 2201 τήν
1324 2142 1498 2203 Δίρκην
1512 2178 1525 2200 ,
1545 2142 1617 2189 ὁτι
1636 2143 1718 2197 τὴν
1742 2142 1916 2203 μητέρα

428 2214 581 2261 αὐτῶν
615 2213 854 2271 Ἀντιόπην
872 2250 885 2272 ,
911 2214 987 2261 διὰ
1010 2216 1092 2269 τήν
1132 2216 1298 2274 φθορὰν
1327 2214 1471 2273 Λύκῳ
1504 2213 1630 2273 ἀνδρὶ
1660 2212 1800 2267 αὐτῆς
1824 2212 1916 2259 ὑπὸ

428 2286 645 2339 Νυκτέως
667 2289 750 2331 τοῦ
768 2286 940 2343 πατρὸς
962 2285 1105 2341 αὐτῆς
1126 2282 1519 2346 [ποραδοθεῑσαν],
1539 2282 1653 2346 ὀργῇ
1674 2282 1918 2343 ζηὶοτύπῳ

427 2354 723 2417 ε’νσχεθεῖσα,
745 2354 950 2417 ἀμέτρως
976 2354 1312 2415 ἐτιμωρήσατο.

368 2487 594 2568 Ἀμφίων
620 2486 707 2546 καὶ
728 2489 891 2557 Ζῆθε,
920 2483 1009 2544 δύο
1040 2486 1481 2560 σκυλακεύματα,
1518 2484 1714 2563 Δίρκην

445 2576 682 2635 κτείνατε
710 2575 853 2633 τάνδ’
874 2575 1041 2632 ὀλέτιν
1070 2574 1293 2652 ματέρος
1328 2573 1597 2639 Ἀντιόπας
1613 2619 1631 2645 ,

366 2665 576 2739 δέσμιον
608 2664 671 2733 ἢν
700 2664 864 2741 πάρος
888 2652 1000 2739 εἶχε
1025 2663 1110 2720 διὰ
1149 2662 1420 2738 ζηλήμονα
1450 2666 1603 2738 μῆνιν
1622 2683 1636 2698 ·

444 2756 534 2809 νῦν
564 2754 608 2810 δ’
639 2751 793 2815 ἱκέτις
820 2749 951 2818 αὐτὴ
972 2752 1169 2809 λίσσετ’
1199 2751 1505 2828 ὀδυρομένη.

364 2836 483 2914 Ἄγε
514 2839 604 2897 καὶ
632 2840 691 2902 ἐκ
718 2836 924 2916 ταύροιο
952 2839 1243 2896 καθάπτετε
1268 2839 1501 2898 δίπλακα
1534 2836 1733 2918 σειρὴν,

444 2925 575 3006 ὄφρα
601 2924 760 3000 δέμας
789 2925 921 3004 σύρῃ
948 2926 1105 2994 τῆσδε
1137 2927 1273 2986 κατὰ
1300 2926 1533 3005 ξυλόχου.

366 3079 409 3123 8.
450 3074 529 3121 Ἐν
550 3078 619 3136 τῷ
646 3075 685 3122 Η
716 3075 745 3130 ἡ
779 3079 860 3122 τοῦ
882 3073 1151 3130 Ὀδυσσέως
1168 3071 1530 3132 νεκυομαντεία·
1556 3071 1813 3128 καθέστηκε
1834 3073 1920 3128 τήν

428 3143 548 3191 ἰδίαν
578 3145 750 3205 μητέρα
777 3144 1051 3192 Ἀντίκλειαν
1080 3145 1181 3206 περὶ
1204 3147 1301 3190 τῶν
1324 3143 1445 3190 κατὰ
1468 3143 1548 3190 τὸν
1567 3142 1698 3190 οἶκον
1728 3142 1918 3204 ἀνακρί-

423 3231 531 3262 νων.

366 3349 549 3422 Μᾶτερ
582 3345 873 3416 Ὀδυσσῆος
900 3342 1263 3421 πινυτόφρονος
1282 3341 1567 3399 Ἀντίκλεια
1583 3385 1598 3412 ,

447 3438 587 3502 ζῶσα
618 3433 711 3511 μὲν
738 3436 809 3500 εἷς
844 3430 1055 3502 Ἰθάκην
1082 3433 1181 3509 οὐχ
1197 3427 1409 3498 ὑπέδεξο
1443 3431 1596 3487 πάῖν·

368 3522 506 3581 ἄλλά
526 3545 585 3580 σε
614 3526 704 3579 νῦν
735 3517 1033 3600 Ἀχέροντος
1063 3519 1148 3576 ἐπὶ
1182 3521 1402 3598 ρηγμῒσι
1423 3522 1662 3595 γεγῶσαν

446 3609 672 3688 θαμὸεἰ,
706 3609 805 3671 ἀνὰ
836 3606 1091 3690 γλυκερὸν
1122 3607 1328 3688 ματέρα
1354 3607 1675 3686 δερκόμενος.

365 3771 411 3815 9.
450 3765 528 3814 Ἐν
559 3767 628 3826 τῷ
654 3766 695 3814 θ
724 3761 897 3818 Πελίας
925 3762 1003 3808 καὶ
1024 3760 1199 3817 Νηὶεὺς
1225 3757 1584 3819 ἐνῖελάξευνται,
1607 3758 1650 3804 οἱ
1674 3756 1918 3806 Ποσειδῶ·

424 3852 501 3892 νος
532 3837 689 3890 παῖδες
707 3870 722 3896 ,
756 3834 809 3883 ἐκ
845 3835 1031 3896 δεσμῶν
1064 3835 1147 3890 τὴν
1169 3833 1346 3880 ἑαυτῶν
1383 3831 1557 3893 μητέρα
1587 3829 1828 3892 ῥυόμενοι,
1862 3829 1920 3887 ἣν

427 3906 591 3970 πρώην
617 3908 643 3954 ὁ
664 3907 817 3966 πατὴρ
843 3905 925 3966 μὲν
960 3905 1229 3965 Σαλμωνεὺς
1252 3903 1328 3950 διὰ
1350 3903 1434 3960 τὴν
1468 3902 1636 3966 φθορὰν
1665 3901 1854 3958 {incre-a·
1888 3904 1919 3960 ἡ

427 3977 477 4026 δὲ
499 3977 695 4040 μητρυιὰ
714 3976 854 4032 αὐτῆς
880 3976 1061 4037 Σιδηρὼ
1082 3975 1163 4030 τὰς
1185 3973 1413 4036 βασάνους
1435 3973 1551 4034 αὐτῇ
1571 3973 1813 4020 ἐπέτεινεν.

367 4109 588 4188 Μητέρα
624 4108 941 4188 τρηχείοισιν
973 4107 1060 4166 ἐπὶ
1087 4107 1113 4132 *
1152 4107 1421 4185 σπείρημα
1455 4107 1651 4186 σιδήρῳ

444 4199 723 4272 Σαλμωνεῖ
748 4195 931 4274 γενέτα
954 4197 1075 4276 τῷδ’
1098 4192 1532 4272 ὕποτασσομένῳ·

364 4363 537 4422 οὐκέτι
558 4363 660 4442 γὰρ
688 4362 936 4421 δουλώσει
965 4365 1017 4420 ἐν
1048 4363 1275 4441 ἕρκεσιν,
1307 4360 1481 4438 ἐγγύθι
1502 4360 1735 4418 λεύσσων

444 4452 625 4524 Νηλέα
651 4450 741 4510 καὶ
766 4452 963 4509 Πελίαν
986 4452 1167 4508 τούσδε
1190 4449 1577 4525 καθεξομὲνους.

370 4606 443 4651 10.
466 4599 543 4648 Ἔν
565 4601 615 4648 δὲ
633 4604 701 4662 τῷ
722 4599 843 4648 κατὰ
866 4601 997 4648 δύσιν
1018 4603 1201 4662 πλευρῷ
1222 4600 1343 4648 ἐστὶν
1362 4599 1408 4648 ἐν
1433 4599 1553 4662 ἀρχῇ
1578 4602 1661 4646 τοῦ
1681 4601 1705 4647 Ῐ
1724 4597 1919 4654 πίνακος

426 4671 599 4734 Εὔνοος
632 4673 943 4733 γεγλυμμένος
976 4672 1055 4717 καὶ
1090 4671 1240 4730 θόας,
1270 4671 1348 4725 οὓς
1388 4671 1627 4729 ἐγέννησεν
1658 4669 1887 4730 Ὑψιπύλη
1902 4707 1916 4729 ,

426 4741 833 4804 ἀναγνωριζόμενοι
852 4746 910 4802 τῇ
932 4741 1094 4803 μητρὶ,
1110 4743 1190 4788 καὶ
1206 4743 1289 4797 τὴν
1307 4747 1481 4803 χρυσῆν
1500 4739 1749 4795 δεικνύντες
1774 4739 1919 4800 ᾶμπε·

425 4814 523 4873 λον,
538 4813 651 4874 ὅπερ
667 4812 725 4872 ἦν
737 4813 895 4868 αὐτοῖς
914 4815 997 4860 τοῦ
1016 4813 1171 4872 γένους
1186 4811 1437 4872 σύμὸολον,
1453 4811 1529 4857 καὶ
1548 4809 1761 4871 ῥυόμενοι
1776 4809 1919 4866 αὐτὴν

424 4889 504 4942 τῆς
541 4883 617 4932 διὰ
650 4885 730 4932 τὸν
751 4881 1025 4947 Ἀρχεμόρου
1066 4881 1257 4931 θάνατον
1287 4879 1396 4944 παρ’
1423 4879 1650 4944 [Εὐρυδίκῃ
1676 4879 1913 4941 τιμωρίας.

367 5019 533 5079 Φαῖνε
551 5061 567 5092 ,
591 5016 759 5094 Θόαν,
778 5015 1011 5096 Βάκχοιο
1032 5013 1187 5094 φυτὸν
1220 5012 1362 5072 τόδε·
1382 5008 1583 5090 ματίρα
1607 5013 1707 5089 γάρ
1731 5032 1821 5068 σου

2017 354 2061 396 5.
2089 353 2254 405 Quinta
2291 352 2422 397 hahet
2468 352 2816 406 Cresphontem,
2855 354 2932 407 qni
2963 352 3177 397 interficit
3217 352 3576 409 Polyphontem,

2070 422 2208 477 patris
2237 424 2511 472 occisor-cmg
2534 422 2658 466 adoet
2687 423 2820 465 etiam
2853 426 3057 478 Merope,
3077 423 3320 477 scipionem
3355 427 3514 467 tenens
3531 428 3578 467 et

2069 492 2287 547 adjurans
2303 492 2443 535 lilium
2467 494 2514 535 in
2540 492 2623 535 viri
2645 492 2970 547 peremptione.

2016 632 2330 695 Cresphontis
2352 632 2618 696 genitorem
2635 632 2921 681 interfecisti
2945 631 3106 695 prius,
3135 632 3486 695 Polyphontes,

2075 716 2302 781 legitimas
2327 732 2520 781 sponsas
2545 719 2728 768 lectum
2749 719 2917 769 volens
2940 725 3202 781 temerare3

2015 806 2104 857 sed
2121 807 2316 856 tandem
2336 807 2424 857 tibi
2448 808 2581 857 veuit
2593 807 2730 857 lilius
2748 807 2881 857 caede
2903 808 3168 871 genitorem
3187 808 3450 870 ulciscens,

2077 898 2128 945 ct
2154 898 2204 945 te
2226 898 2369 945 necat
2397 909 2486 958 pro
2503 900 2658 945 matre
2683 898 2894 958 Merope.

2015 986 2274 1047 Propterea
2303 988 2352 1033 et
2382 984 2575 1034 hastam
2601 984 2755 1034 infixit
2772 984 2944 1043 dorso;
2965 984 3073 1034 haec
3091 998 3206 1035 vero
3231 986 3578 1036 seit-auxilium

2076 1079 2274 1129 gravem
2306 1067 2608 1129 temporibus
2632 1067 2864 1117 baculum
2887 1068 3172 1133 impingens.

2013 1209 2054 1251 6.
2085 1211 2216 1253 Sexta
2235 1207 2368 1253 habet
2389 1210 2642 1261 Pythonem
2673 1210 2730 1253 ab
2762 1211 2966 1265 Apolline
2989 1216 3034 1255 et
3063 1212 3199 1255 Diana
3226 1214 3447 1265 occisum,
3471 1224 3579 1269 pro-

2067 1280 2220 1332 pterea
2238 1280 2358 1331 quod
2377 1280 2588 1322 Latonam
2611 1278 2804 1335 Delphos
2821 1280 3177 1333 proticiscentem
3195 1280 3249 1325 ad
3261 1280 3579 1335 occupandum

2067 1348 2328 1401 oraculum,
2357 1360 2579 1405 apparens
2602 1350 2850 1405 impedivit.

2011 1480 2316 1544 ‘terrigenam
2347 1480 2614 1544 Pythonem
2629 1521 2642 1541 ,
2659 1482 2862 1532 mixtum
2890 1484 3129 1547 serpentis
3145 1484 3314 1548 spiris,

2073 1568 2256 1619 devitat
2273 1573 2458 1619 Latona
2473 1609 2486 1631 ,
2514 1584 2714 1633 prorsus
2735 1571 3012 1621 abominata
3038 1594 3050 1622 :

2010 1657 2216 1719 spoliare
2237 1658 2366 1707 enim
2391 1658 2583 1708 volebat
2602 1659 2891 1722 prudentem
2915 1660 3083 1720 deam3
3107 1674 3273 1711 verum
3305 1676 3420 1713 arcu

2080 1746 2231 1795 feram
2251 1750 2477 1797 cruentat
2501 1746 2716 1797 Phoebus
2741 1762 2797 1798 ex
2825 1750 3020 1811 specula

2011 1836 2328 1898 Delphorum,
2343 1837 2426 1886 ubi
2441 1842 2587 1899 ponet
2601 1836 2836 1900 tripodem
2851 1837 3070 1889 divinum
3089 1858 3101 1887 ε
3118 1841 3170 1889 at
3181 1839 3260 1890 illc
3273 1840 3576 1893 dedentibus

2071 1924 2300 1974 acerbum
2325 1924 2586 1989 exspirabit
2605 1924 2798 1975 sibilum
2819 1938 3032 1989 gemens.

2009 2064 2051 2105 7.
2080 2065 2274 2118 septima
2317 2063 2450 2109 hahet
2491 2066 2612 2109 circa
2649 2066 3022 2122 septentrionales
3052 2070 3201 2123 parte·
3235 2070 3500 2125 Amphionis
3528 2076 3577 2115 et

2063 2135 2187 2177 Zethi
2209 2135 2465 2186 historiam,
2481 2136 2556 2190 qui
2581 2141 2710 2180 tauro
2727 2136 2910 2190 alligant
2931 2139 3090 2181 Dircen
3105 2172 3116 2189 ,
3130 2139 3233 2194 quia
3249 2146 3434 2184 matrem
3453 2142 3575 2198 ipso-

2066 2214 2166 2247 rum
2209 2205 2457 2259 Antiopen,
2483 2204 2544 2247 ol>
2568 2203 2786 2249 tun-tivum
2815 2206 3104 2250 concubitum
3130 2214 3258 2257 (cum
3283 2208 3414 2261 Jove)
3455 2212 3579 2263 Lyco

2065 2273 2228 2315 marito
2266 2274 2366 2325 cjus
2387 2275 2402 2327 (
2425 2273 2606 2325 Dirces)
2629 2284 2652 2315 a
2679 2275 2850 2326 Nyctea
2877 2278 3005 2329 patre
3032 2277 3130 2328 ejus
3155 2277 3406 2333 (Antiopes)
3435 2280 3576 2325 tradi·

2067 2346 2155 2386 tam
2169 2376 2183 2397 ,
2204 2343 2268 2387 ira
2289 2344 2493 2398 zelotypa
2521 2354 2737 2397 posu-ssa,
2763 2342 3000 2387 immodice
3019 2346 3268 2399 puniverat.

2011 2482 2248 2544 Amphion
2271 2486 2322 2532 et
2341 2482 2516 2545 Zethe‚
2543 2483 2644 2533 duo
2663 2484 2939 2545 juvenculi,
2970 2484 3144 2535 Dircen

2071 2568 2199 2619 hanc.
2217 2570 2420 2619 occidite
2434 2609 2446 2629 ,
2467 2571 2776 2634 perditricem
2804 2570 2976 2621 matris
3001 2570 3249 2635 Antiopa,

2008 2672 2156 2720 quam
2182 2658 2317 2721 prius
2339 2658 2615 2708 in-vinculis
2641 2658 2815 2709 habuit
2842 2660 2908 2709 ob
2935 2660 3209 2724 zelotypam
3232 2661 3383 2723 iram;

2071 2761 2203 2796 nunc
2225 2738 2390 2797 autem
2410 2748 2608 2811 supplex
2629 2748 2732 2810 ipsa
2750 2751 2976 2810 precatur
2991 2759 3204 2811 gemens.

2013 2835 2092 2888 Eia
2128 2835 2274 2886 etiam
2295 2848 2350 2885 ex
2371 2838 2513 2886 tauro
2544 2835 2752 2900 deligato
2783 2835 3027 2898 duplicem
3052 2835 3246 2898 sunem,

2071 2938 2172 2987 quo
2198 2924 2281 2973 illa
2305 2923 2528 2974 trahatur
2554 2923 2705 2973 hocce
2733 2937 2820 2987 per
2855 2923 3155 2974 fruticetum.

2011 3075 2050 3115 8.
2084 3075 2131 3115 ln
2159 3076 2318 3116 octava
2347 3071 2461 3114 inest
2485 3070 2650 3124 clyssis
2685 3070 2994 3123 necyomantia
3030 3083 3043 3113 ι
3077 3069 3202 3115 adest
3226 3073 3416 3116 matrem
3447 3085 3574 3119 mm

2250 3141 2498 3185 Anticleam
2519 3140 2576 3184 de
2595 3140 2728 3184 rebus
2747 3139 3002 3184 domesticis
3021 3140 3322 3196 interrogans.

2012 3362 2166 3410 Mater
2189 3359 2376 3422 Ulyssis
2405 3356 2744 3422 intelligentis,
2770 3356 3003 3419 Anticlea,

2063 3447 2185 3496 *vira
2209 3446 2407 3508 quidem
2427 3446 2473 3494 in
2494 3444 2711 3494 Ithacam
2729 3459 2823 3493 non
2843 3445 3069 3507 recepisti
3085 3447 3286 3507 gnatum
3303 3463 3316 3506 ;

2011 3533 2096 3584 sed
2128 3547 2260 3583 nunc
2286 3537 2336 3583 te
2365 3533 2648 3582 Acherontis
2671 3532 2718 3580 in
2743 3531 2965 3582 litoribus
2983 3531 3236 3595 degentem

2070 3619 2293 3682 miratur,
2314 3618 2510 3668 dulcem
2529 3619 2734 3666 matrem
2757 3616 2990 3665 revisens.

2009 3767 2050 3808 9.
2081 3766 2134 3807 ln
2155 3773 2276 3807 nona
2305 3761 2446 3805 Pelias
2478 3763 2525 3804 et
2558 3760 2720 3803 Neleus
2737 3758 2864 3803 incisi
2883 3761 3012 3808 sunt,
3035 3755 3230 3812 Neptuni
3261 3756 3573 3808 tilii,matrem

2063 3832 2260 3888 ipsorum
2282 3830 2472 3874 vinculis
2495 3828 2799 3879 exsolventes,
2819 3837 2953 3882 quam
2973 3825 3146 3882 pridem
3164 3830 3292 3881 pater
3305 3826 3572 3868 salmoneus

2064 3902 2270 3944 vinxerat
2294 3903 2478 3954 propter
2497 3897 2716 3940 furtivum
2735 3895 3026 3940 concubitum
3045 3925 3056 3944 .
3081 3898 3127 3938 et
3149 3903 3342 3938 noverca
3374 3895 3478 3947 ejus
3501 3893 3571 3937 si-

2063 3974 2174 4015 dero
2193 3971 2326 4013 etiam
2347 3972 2572 4012 tormenta
2593 3966 2652 4009 illi
2671 3965 2951 4009 intendebat.

2009 4117 2213 4163 Matrem
2245 4111 2429 4174 asperis
2448 4109 2494 4158 in
2511 4107 2720 4157 vinculis
2737 4105 2904 4156 sidem
2924 4106 3058 4154 tenet

2072 4203 2326 4252 Salmoneo
2349 4199 2474 4262 patri
2499 4197 2615 4247 huic
2641 4195 2890 4246 subditam
2906 4193 2968 4256 (Ρ)

2009 4381 2176 4441 Neque
2198 4377 2328 4427 enim
2349 4374 2557 4438 amplius
2579 4369 2988 4422 servitio-addicet
3007 4368 3055 4416 in
3079 4365 3313 4424 vinculis,
3330 4377 3478 4426 prope
3497 4363 3568 4412 ri-

2070 4472 2270 4520 Neleum
2295 4473 2344 4518 et
2364 4468 2543 4516 Peliam
2560 4465 2710 4514 hosce
2729 4465 2895 4524 ipsum
2923 4457 3238 4508 cohibituros.
3431 4453 3572 4515 [dens

2011 4615 2073 4656 lo.
2102 4615 2152 4654 ln
2171 4607 2434 4654 occidentali
2451 4607 2585 4650 latere
2603 4605 2694 4655 cst,
2719 4600 2848 4644 initio
2865 4599 3048 4642 ‹lecimae
3067 4595 3246 4649 tabulae,
3249 4597 3432 4638 Ennous
3449 4593 3572 4636 scul-

2061 4683 2164 4736 ptus
2177 4683 2224 4722 et
2237 4676 2402 4729 Thoas,
2421 4684 2533 4729 quos
2551 4671 2720 4727 peperit
2743 4667 3013 4725 llvpsipyige
3029 4666 3378 4717 agnoscuntura
3400 4662 3569 4710 iiiatne,

2060 4753 2107 4793 et
2146 4744 2392 4791 ostendunt
2427 4741 2566 4787 vitem
2609 4735 3100 4790 aurean1,s)mbolnm
3131 4733 3306 4786 genersss
3343 4729 3568 4785 ipsorum,

2059 4818 2269 4872 illamque
2285 4816 2342 4859 ab
2360 4815 2555 4867 irrogata
2575 4810 2634 4855 ob
2663 4806 2922 4854 Archemori
2954 4809 3146 4849 mortem
3173 4812 3306 4857 poena
3327 4798 3448 4856 apud
3479 4801 3570 4842 Eu-

2061 4887 2250 4943 rydicen
2268 4883 2511 4928 vindicant.

2008 5019 2238 5082 Ostende,
2253 5017 2406 5078 Thoa,
2423 5015 2546 5064 hanc
2563 5012 2741 5064 Bacchi
2753 5011 2964 5076 plantam
2984 5027 2997 5057 ι
3017 5006 3196 5071 quippe
3209 5005 3414 5054 matrem
3429 5003 3572 5052 tuam
