3829 5747
1114 792 1634 903 NOTITlA
1709 793 2199 902 CODICIS
2276 793 2912 901 PALATINI.

1849 1035 2178 1062 -ψ-

543 1286 784 1361 Codex
819 1287 895 1359 in
933 1291 1006 1375 4⁰
1031 1310 1646 1377 memoranaceuS,
1684 1288 1965 1385 paginis
2006 1289 2395 1359 numeratis
2450 1287 2593 1376 614
2632 1304 3084 1388 quatuorque
3126 1289 3309 1360 soliis
3348 1315 3579 1361 mem-

447 1412 822 1485 branaceis
885 1411 1188 1509 praeflxis
1231 1426 1604 1501 constans,
1641 1412 1718 1482 in
1761 1409 2101 1508 Catalogo
2142 1415 2366 1484 Roma
2419 1413 2635 1484 misso
2694 1439 2769 1484 n.
2822 1411 2987 1510 293.
3026 1414 3356 1484 Interiori
3396 1417 3582 1511 parti

449 1533 772 1634 operculi
813 1535 1244 1631 agglutinata
1301 1549 1406 1606 est
1460 1534 1832 1632 inscriptio
1864 1536 1988 1606 aeri
2015 1536 2262 1626 incisa,
2292 1535 2707 1631 hujusmodi
2741 1563 2758 1606 ε
2801 1540 2971 1606 Sum
3014 1537 3101 1606 de
3137 1536 3576 1622 bibliotheca,

448 1684 650 1758 quam
692 1657 1150 1754 Heidelberga
1184 1657 1389 1756 θαμά
1427 1659 1721 1755 spolium
1757 1657 1955 1748 fecit,
1988 1675 2055 1729 et
2101 1663 2190 1730 P.
2233 1665 2340 1730 M.
2386 1665 2721 1755 Gregorio
2777 1664 2918 1730 XV
2965 1661 3344 1757 troplioeum
3394 1669 3581 1732 misit

451 1783 1010 1868 MaximilianuS,
1063 1783 1417 1879 utriusque
1463 1786 1775 1851 Bavarioe
1818 1781 1973 1851 dux
2018 1795 2149 1854 etc.
2211 1786 2290 1852 S.
2352 1787 2438 1853 R.
2474 1787 2537 1852 I.
2584 1783 3083 1880 Arclaeidopifcr
3128 1799 3194 1853 et
3250 1788 3585 1880 Princeps

449 1907 758 1976 Elector.
783 1910 1194 2002 Sequuntur
1223 1905 1528 1974 Bavariae
1561 1929 1755 1974 arma
1792 1919 1874 1975 ut
1899 1903 2187 1996 dicunt,
2221 1905 2293 1977 id
2333 1920 2437 1976 est
2472 1906 2769 2000 insignia
2800 1906 2875 1976 in
2912 1919 3155 1995 scut0,
3192 1931 3357 1977 cum
3395 1922 3580 1978 tem·-

446 2027 644 2126 poris
676 2041 845 2098 nota
881 2053 897 2097 z
931 2032 1131 2097 Anno
1170 2027 1425 2097 Clertlsti
1454 2032 1560 2099 M.
1593 2030 1774 2098 190.
1807 2031 2061 2097 XXIII
2086 2055 2107 2098 .·
2138 2027 2471 2101 videlicet
2502 2053 2585 2099 ex
2614 2027 2751 2099 illis
2778 2027 3227 2099 Bibliothecae
3254 2027 3585 2100 Palatinae

450 2149 824 2221 codicibus
847 2164 954 2220 est
970 2147 1093 2220 hic
1111 2163 1379 2240 noster,
1400 2175 1584 2248 quos
1601 2152 1990 2246 Gregorius
2004 2152 2133 2220 XV
2149 2145 2337 2247 papa
2357 2148 2491 2220 sibi
2510 2173 2552 2218 a
2573 2149 3051 2221 Maximiliano
3071 2154 3378 2224 Bavariae
3397 2153 3584 2224 duce

371 2367 384 2376 .
447 2272 646 2343 dono
698 2271 940 2361 datos»,
981 2270 1257 2343 nobiles
1301 2271 1851 2368 Heidelbergicae
1895 2273 2212 2342 victoriae
2253 2269 2623 2340 manubias
2682 2273 2999 2369 accepit,
3048 2273 3325 2370 aliquot
3372 2277 3582 2345 annis

447 2409 833 2490 antequam
871 2394 1192 2466 Urbanus
1224 2398 1343 2465 VII
1375 2396 1677 2467 eandem
1723 2393 2247 2466 Bibliothecam
2298 2392 2691 2463 Palatinam
2728 2418 2858 2491 per
2896 2399 3207 2467 Leonem
3240 2397 3581 2469 Allatium

451 2517 596 2588 sere
642 2519 990 2613 integram
1035 2521 1336 2590 Romam
1386 2518 1674 2589 advexit
1713 2545 1728 2588 :
1776 2519 2028 2590 confer
2065 2517 2431 2587 Asse-mani
2476 2517 2966 2613 praefationem
3011 2520 3409 2614 generalem
3454 2525 3583 2592 Ca.-

448 2641 664 2737 talog.
702 2640 1032 2712 Biblioth.
1065 2642 1387 2714 Vatican.
1421 2657 1600 2714 tom.
1627 2646 1680 2730 l,
1713 2667 1875 2739 pag.
1903 2645 2153 2711 ΧΧΙΙΙ.
2180 2639 2481 2710 Inferius
2504 2640 2779 2711 calamo
2804 2641 3247 2740 adscriptum
3266 2644 3528 2740 legitur
3558 2673 3573 2715 ε

453 2769 541 2834 In
565 2789 730 2835 novo
755 2765 990 2835 Indice
1025 2766 1254 2838 Palae.
1289 2768 1557 2854 XXIII,
1593 2765 1755 2834 olim
1791 2763 1908 2836 33.
1946 2764 2183 2838 Codex
2222 2789 2392 2835 vero
2423 2778 2665 2835 noster
2692 2781 2796 2836 est
2824 2763 3183 2838 Palatinus
3206 2767 3323 2838 ille
3357 2769 3573 2840 nobi-

454 2889 793 2982 lissimus»,
825 2887 1333 2983 Antbologiam
1366 2889 1810 2959 Constantini
1836 2887 2164 2986 Cephalae
2200 2890 2608 2978 continenti,
2656 2891 2860 2986 cujus
2886 2890 3152 2963 codicis
3179 2892 3581 2964 bonitatem

452 3026 666 3108 atque
713 3024 1132 3083 vetustatem
1181 3010 1344 3081 loco
1396 3036 1526 3081 suo
1577 3011 1838 3083 eruditi
1881 3000 2256 3109 perplures
2307 3013 2983 3099 innumerabilibuS‚
3028 3030 3105 3086 ut
3164 3016 3258 3086 ita
3297 3016 3577 3107 dicam,

451 3134 733 3232 scriptis
771 3131 1314 3204 celebraverunt
1347 3160 1363 3202 τ
1397 3133 1707 3204 eundem
1745 3134 1856 3204 vir
1892 3136 2132 3229 magni
2174 3135 2486 3205 nominis
2521 3134 2857 3206 Chardon
2896 3135 2988 3205 de
3020 3134 3083 3205 la
3116 3136 3461 3207 Rochette
3482 3189 3500 3225 ,
3536 3160 3581 3205 a

450 3260 684 3357 capite
726 3256 819 3328 ad
863 3256 1135 3328 calcem
1180 3256 1652 3352 descriptum,
1707 3272 2195 3354 perpetuaque
2248 3258 2716 3328 annotatione
2752 3258 3181 3353 instructum
3218 3258 3295 3327 in
3333 3260 3581 3329 animo

451 3381 675 3453 habet
709 3395 789 3453 ut
824 3380 899 3452 in
936 3379 1170 3451 lucem
1199 3379 1394 3469 edat3
1421 3379 1568 3452 vid.
1597 3379 1933 3451 Analecta
1959 3380 2215 3451 Critica
2243 3382 2453 3449 Imm.
2483 3382 2572 3449 G.
2604 3377 2941 3447 Huschke
2960 3378 3175 3473 (Jenae
3199 3394 3270 3449 et
3296 3381 3572 3477 Lipsiae.

464 3507 669 3576 1800.
701 3503 811 3599 8⁰)
836 3502 1106 3601 praefat.
1136 3526 1299 3601 pag.
1323 3506 1448 3573 ΧΠ
1459 3507 1512 3573 1.
1537 3500 2051 3592 Quamobrem,
2074 3526 2512 3600 quamquam
2544 3500 2745 3571 facile
2773 3501 3061 3572 credam
3088 3499 3285 3573 hunc
3314 3502 3579 3575 librum

450 3630 638 3699 inter
663 3627 1039 3697 Vaticanos
1072 3625 1565 3723 pretiosiorem
1602 3648 1752 3695 esse
1779 3649 1994 3721 quam
2027 3648 2458 3721 quemquam
2487 3624 3111 3721 pretiosissimum3
3140 3626 3338 3721 quod
3378 3626 3573 3698 idem

449 3750 804 3822 Harlesius
838 3750 1098 3820 sentire
1124 3747 1408 3819 videtur
1447 3746 1622 3818 Bibl.
1659 3752 1785 3821 Gr.
1822 3747 1969 3819 vol.
2005 3752 2128 3831 lV,
2158 3770 2321 3843 pag.
2356 3744 2496 3833 432
2533 3773 2549 3814 ε
2585 3760 2825 3815 tamen
2864 3770 2997 3842 pro
3036 3770 3122 3817 eo
3144 3800 3162 3835 ,
3199 3748 3398 3844 quod
3434 3748 3571 3820 do-

449 3873 805 3945 ctissimus
839 3872 949 3942 vir
975 3886 1046 3942 et
1082 3869 1435 3966 majorum
1471 3871 1788 3966 gentium
1818 3870 2146 3961 criticus,
2176 3874 2640 3961 Chardonus,
2687 3871 2876 3943 lianc
2916 3871 3054 3944 sibi
3086 3875 3237 3972 jam
3281 3900 3579 3974 operam

453 4011 679 4067 totam
724 3993 1146 4082 vindicavit,
1208 4017 1498 4091 pergam
1549 4009 1791 4065 tenere
1842 3994 2039 4065 illam
2086 3997 2310 4087 viam,
2369 4022 2585 4094 quam
2640 3997 2915 4067 institui
2969 4023 2984 4066 ε
3039 4012 3117 4069 ut
3162 4016 3579 4094 argumenta

451 4118 782 4216 quidem,
825 4118 1223 4213 seriemque
1258 4116 1678 4213 paginarum
1706 4118 2308 4214 partitionemque
2351 4116 2632 4195 Codicis
2674 4115 3052 4211 diligenter
3088 4116 3531 4214 perscribam
3558 4173 3578 4207 ,

450 4241 546 4313 de
580 4254 778 4311 textu
811 4264 981 4312 vero
1005 4240 1293 4338 (praeter
1317 4264 1402 4311 ea
1447 4264 1605 4336 quae
1646 4240 1724 4311 in
1759 4242 2175 4312 continuata
2220 4241 2526 4313 lectione
2574 4240 2887 4335 enotavi)
2928 4241 3316 4333 generatim
3362 4256 3580 4337 atque

453 4367 782 4437 universe
807 4388 1010 4459 agam
1055 4392 1072 4435 ε
1117 4388 1282 4434 nam
1323 4364 1620 4434 minima
1645 4388 1945 4463 quaeque
1972 4366 2300 4463 persequi
2330 4388 2475 4462 prae
2508 4376 2705 4433 tanta
2742 4358 3201 4430 multitudine
3243 4359 3585 4430 codicum

455 4491 696 4560 minus
731 4488 1114 4560 commode
1141 4487 1370 4585 potui.
1403 4490 1498 4557 Ac
1525 4486 1617 4557 de
1653 4485 1947 4583 singulis
1991 4484 2617 4585 epigrammatibus
2664 4480 3002 4553 indicabo
3024 4534 3043 4571 ,
3075 4504 3221 4576 quo
3268 4478 3431 4550 loco
3469 4480 3581 4550 in-

457 4612 843 4681 veniuntur
868 4610 1088 4680 autin
1112 4608 1285 4681 edit.
1319 4608 1766 4705 Anthologiae
1803 4611 2113 4682 Venetiis
2140 4608 2333 4706 apud
2358 4612 2641 4677 Petrum
2671 4619 2741 4675 et
2764 4609 2875 4676 Jo.
2906 4604 3202 4674 Mariam
3222 4601 3587 4673 Nicolinos

451 4731 864 4821 SabienseS,
912 4734 1236 4829 impensa
1285 4732 1687 4804 Melchioris
1721 4737 1952 4823 Sessa,
2002 4729 2209 4804 1550.
2255 4731 2298 4801 8
2341 4730 2460 4827 (⁸),
2494 4744 2648 4820 aut,
2688 4728 2745 4799 si
2784 4726 2901 4797 illa
2938 4725 3238 4816 desunt,
3271 4726 3346 4794 in
3401 4725 3577 4797 edit.

533 4946 604 5012 (·)
637 4946 716 4997 De
745 4962 848 5016 qua
879 4942 996 4997 vide
1019 4944 1154 4997 Bibl.
1191 4946 1288 4999 Gr.
1318 4944 1461 5001 Harl.
1503 4945 1604 4999 vol.
1627 4946 1724 5012 IV,
1761 4963 1816 5017 p.
1850 4948 1973 5011 441.
2053 4946 2127 4999 Ea
2146 4956 2317 4999 autem
2348 4942 2478 4999 edit.
2517 4960 2635 4997 sum
2662 4960 2812 5008 usus,
2844 4939 2969 5011 quia
2992 4940 3045 4991 in
3077 4939 3190 5009 ipso
3212 4938 3347 4993 Cod.
3374 4938 3484 5010 jam
3512 4941 3581 4993 ad
