3829 5747
296 196 413 255 378

791 329 912 379 544.
953 331 1344 377 ΑΔΕεῐιοΤοΝ.

296 454 452 527 Εἰπὲ,
483 457 602 516 ποτὶ
629 454 804 515 Φθίαν
829 455 1124 529 εὖάμπελον
1145 457 1209 527 ἦν
1237 454 1354 514 ποθ’
1377 455 1523 527 ἵκηαι

367 545 455 601 καὶ
484 544 632 602 πόλιν
661 542 912 623 ἀρχαίαν,
939 533 984 601 ὦ
1011 543 1151 617 ξένε,
1179 545 1517 619 Θαυμακίαν,

286 636 354 697 ὡς
383 632 572 710 δρυμὸν
603 634 874 691 Μαλεαῖον
899 631 1216 690 ἀναστείὸων
1247 635 1363 691 ποτ’
1381 631 1574 712 ἔρημον

365 710 494 785 εἶδες
521 716 814 794 Λάμπωνος
839 718 971 776 τόνδ’
1001 719 1084 777 ἐπὶ
1109 719 1255 777 παιδὶ
1285 719 1444 798 τάφον

287 807 503 887 Δερξίᾳ,
527 806 582 863 ὅν
607 827 732 863 ποτε
759 810 943 881 μοῦνον
973 806 1092 865 ἔλον
1121 806 1290 885 δόλῳ,
1313 809 1416 867 οὐδ’
1443 808 1754 887 ἀναφανδὸν,

363 896 568 959 κλῶπες
596 893 683 952 ἐπὶ
714 893 965 969 Σπάρταν
987 896 1102 951 δῖαν
1134 891 1482 972 ἐπειγόμενον.

731 1044 870 1094 545.
915 1034 1386 1094 ΗΓΒΣΙΠΠΟΥ.

283 1168 397 1238 Τὴν
423 1166 527 1225 ἀπὸ
547 1170 809 1245 πυρκαῖἧς
839 1164 1036 1234 ἐνδέξια
1063 1164 1190 1244 φασὶ
1218 1166 1453 1225 κέλευθον

360 1254 565 1333 Ἑρμῆν
589 1255 706 1320 τοὺς
739 1252 957 1332 ἀγαθοὺς
981 1258 1052 1320 εἷς
1079 1252 1444 1329 Ῥαδάμανθυν
1474 1255 1636 1334 ἄγειν,

281 1336 316 1423 ᾗ
341 1344 430 1401 καὶ
459 1341 790 1422 Ἀριστόνοος,
820 1342 1214 1420 Χαιρεστράτου
1239 1343 1330 1401 οὐκ
1354 1344 1635 1422 ἀδάκρυτος

363 1437 516 1500 παῖς,
536 1428 802 1507 ἡγησίλεω
831 1428 962 1505 δῶμ’
989 1426 1158 1495 Ἄϊδος
1183 1429 1404 1501 κατέὸη.

780 1582 906 1633 546.
945 1585 1339 1634 ΑΔΕΣΠΟΤΟΝ.

285 1694 416 1781 Εἶχε
445 1700 796 1780 κορωνοὸόλον
827 1699 1006 1772 πενίης
1034 1702 1254 1779 λιμηρὸν
1285 1700 1529 1781 Ἀρίστων

360 1788 596 1869 ὄργανον,
617 1780 662 1868 ᾧ
687 1786 886 1859 πτηνὰς
917 1789 1224 1867 ἦκροὸόλιζε
1252 1788 1439 1868 χένας,
1493 1804 1498 1811 “

282 1866 386 1946 ἧκα
415 1873 784 1953 παραστείχων
813 1874 986 1945 δολίην
1017 1876 1150 1945 ὁδὸν,
1186 1868 1288 1942 οἶος
1311 1877 1506 1943 ἐκείνας

359 1960 648 2043 ψεύσασθαι
674 1961 834 2029 λοξοῖς
863 1961 1066 2039 ὄμμασι
1095 1964 1437 2043 φερὸομένας.

281 2052 390 2110 Νῦν
415 2050 457 2108 δ’
483 2054 511 2108 ὁ
539 2048 632 2126 μὲν
662 2052 735 2107 εῖν
762 2049 883 2127 etwas,
899 2074 912 2087 ·
937 2051 995 2109 τὸ
1024 2050 1082 2109 δέ
1110 2056 1154 2111 οἱ
1188 2054 1336 2133 βέλος
1363 2054 1583 2134 ὀρφανὸν
1608 2056 1740 2135 ἤχου

359 2138 449 2197 καὶ
474 2138 628 2218 χερός
643 2162 657 2175 ·
682 2145 715 2211 ἡ
741 2138 785 2196 δ’
811 2139 944 2217 ἄγρη
969 2140 1165 2216 τύμὸον
1192 2140 1566 2218 ὑπερπέταται.

459 2289 596 2340 547.
642 2279 1023 2339 ΛΕΩΝΙΔΟΥ
1065 2282 1646 2342 ΑΛΕΞΑΝΔΡΕΩΣ.

277 2425 393 2485 Tam
421 2422 617 2481 στάλαν
643 2422 864 2501 ἐχάραξε
893 2422 1102 2501 Βιάνωρ
1127 2424 1220 2482 οὐκ
1244 2424 1329 2482 ἐπὶ
1359 2424 1549 2505 ματρὶ,

357 2512 464 2569 οὐδ’
487 2510 575 2569 ἐπὶ
598 2513 674 2587 τῷ
701 2509 909 2589 γενέτα,
934 2509 1131 2586 πότμον
1159 2511 1507 2592 ὀφειλόμενον,

278 2604 564 2679 παρθενικᾷ
590 2600 636 2655 δ’
661 2598 746 2656 ἐπὶ
775 2598 953 2657 παιδί·
977 2598 1248 2657 κατέστενε
1279 2598 1346 2669 δ’,
1373 2600 1470 2677 οὐχ
1495 2597 1766 2678 Ὑμεναίῳ
1783 2640 1800 2670 ,

361 2688 476 2746 ἀλλ’
500 2685 645 2767 Ἀΐδα
673 2678 880 2766 νύμιραν
910 2685 1182 2744 δωδεκέτιν
1211 2687 1474 2763 κατάγων.

791 2837 913 2890 548.
961 2840 1079 2886 ΤΟΥ
1115 2838 1326 2885 ΑΥΤΟΥ.

279 2990 330 3023 α.
361 2967 410 3024 Τ
415 2963 456 3031 ίς
479 2962 696 3040 Δαίμων
722 2963 944 3042 Ἀργεῖος
967 2965 1052 3020 ἐπ’
1073 2961 1236 3041 ἠρίῳς
1257 2953 1362 3041 ἆρα
1384 2961 1631 3039 σύναιμος

357 3050 466 3109 ἐστὶ
491 3049 853 3116 Δικαιοτέλους
867 3075 882 3118 ;
914 3053 966 3128 β.
995 3049 1147 3109 Ἐστὶ
1174 3051 1557 3115 Δικαιοτέλους.

279 3163 330 3198 α.
359 3136 512 3216 Ἠχὼ
541 3140 679 3196 τοῦτ’
702 3139 927 3208 ἐλάλησε
955 3135 1362 3211 πανύστατον,ἢ
1391 3136 1500 3196 τόδ’
1525 3137 1742 3216 ἀληθές;

357 3234 520 3294 κεῖνος
541 3225 616 3284 ὅδ’
641 3227 781 3283 ἐστὶν
811 3223 974 3302 civ-693
1004 3229 1058 3302 β.
1087 3227 1271 3290 Κεῖνος
1297 3223 1374 3284 ὅδ’
1391 3225 1528 3282 ἐστὶν
1553 3225 1706 3300 ἀνήρ.

770 3377 894 3427 549.
954 3378 1072 3423 ΤΟΥ
1108 3377 1320 3424 ΑΥΤΟΥ.

277 3501 475 3581 Πέτρος
494 3498 565 3560 ἔτ’
593 3503 645 3559 ἐν
677 3499 894 3579 Σιπύλῳ
929 3497 1099 3569 Νιόὸη
1125 3496 1385 3577 θρήνοισιν
1413 3497 1611 3568 αἰάζει,

357 3588 490 3648 ἑπτὰ
512 3587 587 3654 δὶς
609 3587 804 3647 ὠδίνων
833 3585 1104 3666 μυρομένη
1128 3585 1367 3644 θάνατον·

844 3775 954 3830 545.
985 3789 1257 3822 uuonan-1.

272 3889 319 3937 Si
343 3888 448 3953 quis
478 3895 666 3936 sanctus
692 3884 820 3945 obit,
847 3883 976 3933 hune
994 3883 1172 3932 dicitur
1195 3882 1256 3932 ad
1283 3880 1701 3931 Rhadamanthum

339 3967 610 4018 Mercurius
627 3967 793 4015 dextra
813 3965 989 4014 ducere
1007 3975 1144 4030 parte
1162 3965 1279 4029 rogi.

273 4057 376 4101 liae
399 4060 448 4099 et
474 4049 756 4098 Aristonous
779 4056 887 4097 tuus
904 4082 920 4106 ,
947 4063 977 4095 o
996 4045 1330 4103 charentum,
1357 4055 1497 4095 natus

339 4135 413 4184 Ad
432 4149 612 4193 manes,
633 4131 798 4181 fletum
821 4131 902 4179 sed
925 4129 1014 4180 tibi
1026 4130 1183 4196 ,cepit
1201 4129 1296 4179 iter

863 4241 978 4296 546.
1016 4255 1230 4290 metari.

273 4349 492 4398 Esuriens
514 4364 676 4397 arcum
703 4348 769 4396 nil
795 4356 968 4413 praeter
991 4345 1200 4396 habebat
1213 4347 1428 4408 Ariston,

337 4434 456 4494 que
477 4429 606 4480 necis
629 4430 677 4479 in
711 4430 875 4480 turdos
893 4429 1114 4478 machina
1137 4439 1264 4478 certa
1290 4428 1393 4478 suit.

270 4514 346 4564 Sic
369 4515 498 4562 lento
521 4529 570 4563 se
594 4512 720 4563 serre
741 4513 885 4578 gradu
902 4547 918 4574 ,
945 4513 1013 4562 sie
1031 4513 1145 4562 lima
1165 4521 1327 4561 tuente

337 4595 538 4645 Lumine
561 4605 802 4660 pascentes
819 4595 1136 4646 fallerenomt
1157 4611 1284 4645 aves.
1319 4607 1330 4616 ·

271 4681 426 4739 Quem
449 4692 576 4725 nune
598 4681 752 4726 Orcus
776 4675 923 4728 habet
945 4691 958 4726 τ
979 4677 1130 4726 telum
1152 4675 1449 4742 strepituque
1466 4691 1699 4744 manuque

341 4755 600 4807 Deficitur:
637 4758 876 4807 tumulum
899 4759 1054 4824 praeda
1075 4758 1405 4824 supervolitat.

661 4867 773 4928 547.
801 4885 1028 4916 uonna
1069 4883 1430 4918 naxitanum.

275 4979 382 5023 Nun
407 4972 516 5022 facit
541 4971 668 5023 huuc
689 4975 920 5024 tumulum
938 4975 1160 5025 defuncta
1189 4983 1340 5024 matre
1364 4976 1555 5036 Bianor,

1411 192 1920 253 ANTHOLOGIAE
1964 194 2365 256 PALATlNAE

2434 342 2537 389 544.
2584 351 2748 393 Alton
2763 347 2960 393 utun.

1933 458 2019 505 Dic
2033 494 2047 517 ,
2074 457 2296 509 Phthiam
2316 458 2400 509 viti
2408 460 2557 511 seram
2576 461 2831 525 siquando
2848 463 3022 513 adieris

1992 546 2042 595 et
2060 545 2228 596 urbem
2250 547 2525 610 antiquam,
2550 562 2581 597 o
2604 540 3174 611 hos1»es‚'Ttiaumaciam
3188 590 3203 611 ,

1877 640 1887 689 Ι
1928 634 3229 702 quodquereetumMaleaeumperambulansaliquando
3242 642 3567 692 desert-ur:

1988 721 2169 771 videris
2186 722 2442 787 Lamponia
2460 722 2590 773 hunc
2606 738 2759 787 puero
2774 729 3029 776 structum
3048 728 3309 779 tumulum

1926 811 2118 860 Derxiae
2131 850 2143 874 ‚
2160 826 2306 875 quem
2320 813 2435 863 olim
2452 814 2610 863 solum
2628 816 2861 876 ceperunt
2881 814 2995 864 dolo
3011 851 3027 877 ,
3044 828 3139 865 non
3160 820 3353 879 aperte
3374 852 3395 874 ,

1993 900 2126 949 t'ures
2150 899 2214 949 ad
2240 904 2461 965 Spartam
2488 901 2616 951 diam
2644 901 2967 954 Festinantem.

2458 1046 2564 1091 545.
2602 1044 2944 1095 HEGESIPPI.

1926 1184 1999 1233 Ab
2024 1197 2138 1247 rogo
2156 1183 2488 1247 per-dextram
2504 1183 2675 1234 dieunt
2696 1186 2821 1236 viam

1986 1271 2277 1321 Mercurium
2296 1271 2447 1320 bones
2464 1270 2527 1321 ad
2544 1270 2965 1325 Rhadamanthum
2982 1275 3185 1339 ducere,

1925 1374 2023 1423 qua
2040 1364 2090 1411 et
2110 1360 2422 1421 Aristonoiis‚
2442 1358 2753 1412 Cbaerestrati
2776 1376 2869 1413 non
2889 1364 3149 1417 indefletus

1986 1448 2967 1515 puer‚eongregantis-popuiosad-domum
2982 1456 3201 1505 Plutonis
3210 1454 3555 1505 descendit.

2438 1594 2545 1639 ⁵46.
2591 1592 2975 1637 Awonvmuu.

1926 1713 2145 1764 Habebat
2168 1716 2367 1766 fundam
2388 1718 2577 1769 Ariston
2591 1757 2604 1780 ‚
2624 1719 2924 1783 paupertatis
2944 1717 3219 1767 famelicum

1986 1801 2363 1855 instrumentum
2380 1841 2394 1865 ‚
2418 1821 2518 1869 quo
2536 1808 2761 1857 volucres
2778 1804 2973 1870 petebat
2993 1818 3190 1855 anseres
3203 1844 3217 1866 ‚

1925 1890 2104 1941 sensim
2124 1892 2389 1957 subrepens
2405 1894 2625 1945 dolosam
2650 1896 2779 1945 viam
2793 1935 2806 1954 ‚
2832 1894 3105 1958 qui-posset
3126 1894 3237 1943 ilios

1986 1978 2208 2043 decipere
2226 1982 2353 2031 limis
2370 1982 2525 2033 oculis
2548 1988 2816 2046 pascentes.

1923 2069 2065 2117 Nune
2104 2072 2267 2118 autem
2308 2068 2390 2119 hic
2430 2071 2561 2133 apud
2596 2073 2775 2120 Orcum
2794 2108 2807 2131 ‚
2830 2072 2881 2119 et
2907 2069 3125 2133 jaculum
3162 2071 3278 2134 ejus
3321 2084 3379 2119 οι
3400 2073 3559 2121 bum

1986 2161 2036 2207 et
2065 2171 2237 2217 manu3
2262 2158 2428 2223 praeda
2448 2173 2561 2209 vero
2583 2160 2831 2210 tumulum
2848 2160 3179 2223 supervolitat.
3244 2158 3559 2222 [clangore

2245 2302 2335 2349 547
2348 2334 2362 2349 .
2398 2301 2561 2348 LEON
2570 2302 2693 2349 11)AE
2725 2302 3160 2350 ALEXANDMNJ.

1923 2428 2131 2493 cippum
2154 2430 2399 2494 inscripsit
2419 2431 2591 2481 Bianor
2608 2445 2703 2481 non
2724 2434 2892 2493 matri,

1984 2530 2141 2579 neque
2165 2518 2289 2581 patri
2312 2532 2431 2579 suo,
2452 2518 2587 2581 quod
2608 2522 2686 2570 est
2716 2520 2871 2571 sattim
2894 2520 3137 2581 debitum,

1922 2605 2006 2654 sed
2034 2605 2201 2668 virgini
2216 2606 2419 2669 puellam
2440 2607 2673 2671 ingemuit
2694 2612 2885 2669 autem,
2910 2622 3005 2657 non
3032 2611 3337 2675 Hymenaeo,

1984 2694 2071 2743 sed
2090 2693 2281 2744 Plutoni
2301 2694 2563 2759 nympham
2586 2695 2948 2747 duodecennem
2970 2696 3236 2747 adducens.

2456 2840 2563 2887 548.
2623 2848 2681 2889 Β]
2695 2847 2924 2891 usnmt.

1924 2981 1975 3020 a.
1999 2969 2121 3025 Quis
2138 2970 2216 3018 est
2234 2971 2437 3019 Daemon
2456 2971 2665 3036 Argivus
2686 2972 2737 3020 in
2756 2970 3013 3034 sepulcro?
3034 2984 3159 3021 anne
3176 2971 3339 3020 trater

1983 3059 2059 3105 est
2076 3054 2385 3106 Dicaeotelis?
2406 3057 2453 3107 b.
2475 3060 2562 3108 Est
2584 3059 2874 3108 Dicaeotelis.

1924 3155 1976 3194 a.
1998 3141 2129 3192 Echo
2146 3143 2241 3192 hoc.
2256 3143 2383 3195 dixit
2398 3145 2715 3196 novissimum
2728 3161 2742 3204 ;
2764 3160 2827 3196 an
2843 3145 2895 3196 id
2910 3149 3113 3196 verum?

1984 3229 2064 3279 ille
2086 3229 2167 3279 liic
2189 3235 2266 3280 est
2283 3232 2388 3280 vir?
2410 3232 2455 3281 b.
2478 3233 2567 3282 Ille
2594 3231 2675 3282 hie
2695 3235 2771 3283 est
2791 3234 2880 3283 vir.

2472 3385 2578 3432 549.
2620 3383 2681 3425 m
2692 3383 2917 3426 USDBU.

1920 3511 2063 3573 Lapis
2078 3509 2240 3560 adhuc
2254 3510 2306 3561 in
2323 3511 2488 3574 Sipylo
2505 3512 2657 3563 Niobe
2672 3513 2932 3576 gemitibus
2949 3513 3097 3576 ejulat
3113 3553 3125 3577 ‚

1980 3599 2056 3650 hle
2072 3602 2259 3664 septem
2272 3602 2505 3666 partuum
2526 3599 2699 3665 lugens
2722 3604 2927 3652 mortem
2942 3639 2955 3662 ,

2949 3721 3521 3736 *-——-—-—-———

1981 3779 2213 3828 Conditur
2239 3779 2364 3827 illius
2392 3795 2481 3829 nee
2504 3779 2681 3845 pietate
2700 3790 2857 3846 pater,

1916 3860 2031 3910 Filia
2055 3861 2137 3910 sed
2167 3862 2323 3927 virgo,
2353 3879 2459 3927 quoe
2492 3864 2644 3913 bissex
2664 3872 2773 3912 nata
2798 3879 2883 3929 per
2910 3879 3079 3923 annos,

1982 3944 2023 3990 A
2043 3951 2177 4005 patre
2188 3959 2285 3991 non
2305 3941 2513 3993 thalamo
2531 3943 2735 4006 tradita,
2758 3943 2841 3992 sed
2860 3945 3045 3994 tumulo
3067 3953 3152 3993 est.

2508 4091 2620 4145 548.
2654 4104 2891 4138 aroanna.

1914 4225 2067 4280 Diva,
2095 4223 2201 4290 quis
2216 4225 2418 4289 Argivus
2439 4225 2676 4274 tumulum
2700 4229 2872 4274 tenet?
2896 4241 2972 4284 an,
2996 4239 3139 4288 rogo,
3162 4225 3315 4275 frater

1980 4306 2070 4356 Ille
2096 4306 2379 4357 Dicaeotelus
2396 4310 2417 4356 Ρ
2436 4307 2525 4356 Ille
2547 4307 2848 4357 Dieaeotelus.

1916 4393 2027 4436 Haec
2044 4387 2177 4437 Echo
2190 4387 2327 4437 nobis
2344 4398 2480 4438 soluat
2502 4387 2675 4438 ultima
2704 4405 2719 4438 :
2756 4388 2835 4438 dic
2857 4404 2969 4453 age,
3000 4405 3189 4438 rursum

1980 4471 2068 4520 lile
2090 4470 2165 4519 vir
2188 4470 2268 4520 hic
2291 4471 2407 4520 situs
2432 4475 2542 4522 est?
2564 4471 2655 4521 Ille
2673 4471 2747 4521 iiir
2770 4469 2850 4520 hic
2862 4469 2979 4520 situs
2996 4480 3067 4519 est

2498 4625 2609 4684 549.
2646 4637 2879 4681 usnemu,

2554 4762 2615 4812 de
2646 4761 2818 4814 Niobe.

1911 4897 2017 4943 Jam
2047 4891 2163 4956 lapis
2187 4891 2233 4939 in
2250 4890 2413 4956 Sipylo
2431 4889 2587 4940 Niobe
2612 4905 2708 4939 non
2730 4897 2879 4938 cessat
2895 4898 2944 4937 et
2968 4888 3065 4936 illic

1979 4972 2114 5022 Flere
2132 5007 2147 5032 ,
2170 4971 2243 5020 bis
2264 4971 2359 5021 lieu
2386 4979 2563 5036 septem
2594 4969 2824 5035 partubus
2852 4968 2970 5019 orba
2988 4985 3175 5034 parens.
