3829 5747
1159 127 1232 186 IN
1277 127 1526 188 CAPUT
1561 129 1898 189 TERTIUM
1942 127 2393 189 ANNOTATIO.
3290 138 3363 194 47

227 261 398 313 mininis
423 259 577 310 Eunoi.
603 261 658 308 In
689 257 978 308 Philostrati
1011 260 1120 308 Her.
1145 271 1191 320 p.
1230 263 1314 308 1⁴56
1345 259 1513 322 scripsi
1545 261 1728 318 Ιίῠνεω,

221 332 424 382 debebam
441 331 590 380 forsan
613 329 790 388 Εὐνέῳ.
819 331 910 378 Est
937 329 1108 382 Εὗνεως
1137 327 1296 376 dictus
1323 327 1595 376 scholiastae
1625 328 1733 377 Pin-

221 403 306 451 dari
328 405 427 463 Arg.
459 403 584 448 Nem.
621 401 686 448 Et
713 399 898 461 pariter
921 397 1135 447 Eudocia
1169 397 1290 446 Viol.
1320 411 1369 460 p.
1400 404 1489 448 236
1524 419 1536 446 :
1565 400 1619 446 ἐκ
1651 404 1730 455 τῆς

220 473 432 534 Ὑψιπύλης
455 475 532 526 τῆς
565 470 776 528 Λημνίας
813 470 994 524 Εὖνεως
1023 471 1052 526 ἢ
1088 469 1283 526 Εὔηνος,
1311 468 1382 516 sic
1411 467 1728 528 Villoisonus‚

217 541 288 591 sed
301 541 434 590 codex
451 541 576 588 recte
592 537 744 587 habet
755 539 957 598 Εὔνηος.
969 541 1142 587 Forma
1155 539 1321 592 Εὐνεὺς
1337 539 1492 586 exstat
1505 537 1555 586 in
1569 539 1726 598 Etym.

217 615 270 660 Μ.
288 611 370 659 sub
401 611 616 658 Εὐνεῖᾶ-αι.
639 609 794 657 Ennei
823 612 874 658 et
902 607 1134 657 Thoantis
1160 607 1338 656 seriore
1368 611 1512 657 {etate
1543 607 1731 669 reperio

215 681 380 730 nomina
401 679 447 727 in
475 677 654 727 familia
671 678 836 727 Attica
857 680 1050 728 :narrat
1068 678 1250 726 scilicet
1267 677 1561 728 Plutarchus
1581 676 1725 726 Thes.

216 766 252 798 c-
273 758 323 800 26
343 748 562 798 habuisse
585 747 834 797 Theseum
858 749 908 797 in
939 748 1065 798 bello
1091 751 1257 796 contra
1283 754 1548 796 Amazonas
1573 745 1732 795 socios

213 828 310 882 τρεῖς
337 819 590 874 νεανίσκους
617 819 665 874 ἐξ
685 819 884 877 Ἀθηνῶν
925 820 1139 880 &baleam
1179 819 1402 879 ἀλλήλων,
1431 820 1608 867 Εὔνεων
1651 821 1730 865 καὶ

214 891 368 940 &xm
393 891 468 937 ui
497 890 743 938 Σοὶόοντα.
759 889 1124 938 —Habuerunt
1148 902 1260 952 erga
1290 889 1371 938 isti
1401 887 1638 939 Iasonidae
1663 888 1734 936 in-

217 962 323 1023 §gne
355 958 636 1022 gentilitium
673 959 824 1008 vitem
866 971 1089 1016 auream,
1121 960 1176 1006 ut
1203 957 1446 1020 Pelopidae
1475 957 1732 1006 humerum

216 1031 469 1084 eburneum,
505 1029 566 1076 ut
601 1029 762 1090 sparti
801 1028 1037 1077 lanceam.
1069 1028 1330 1091 vulgatum
1370 1027 1478 1090 παρ’
1517 1027 1730 1089 Εὐριδίκῃ

215 1104 252 1151 ἰι
272 1099 516 1162 genitivum
541 1103 682 1148 muto
706 1099 816 1162 παρ’
841 1099 1108 1160 Εὐρυδίκης.
1133 1119 1155 1140 n
1185 1097 1448 1160 Eurydice,
1468 1100 1624 1146 mater
1650 1103 1734 1144 Ar-

215 1169 394 1218 chemori
413 1181 466 1216 ex
487 1170 726 1232 Lycurgo.
746 1194 806 1204 —
821 1175 848 1218 2
869 1169 986 1232 ῥύσῃ
1009 1170 1088 1216 τὸν
1107 1169 1292 1231 οαιὲρου
1317 1167 1458 1227 cod..
1479 1179 1602 1216 corr.
1624 1169 1728 1214 Jac.

215 1237 293 1294 Qui
313 1241 358 1286 et
383 1240 518 1286 ἱκέτιν
548 1239 779 1300 proponit
793 1275 805 1297 ,
839 1251 996 1300 quum
1026 1238 1190 1287 οἰκέτις
1218 1249 1306 1299 pro
1349 1239 1488 1294 δούλη
1529 1249 1626 1286 non
1665 1236 1735 1285 di-

215 1312 328 1356 tatur
346 1306 582 1364 absolute,
603 1306 658 1354 in
675 1307 802 1355 notis
825 1319 944 1356 mss.
961 1307 1217 1367 Ὑψιπύλαν
1242 1307 1398 1354 ἱκέτιν.
1419 1324 1442 1346 σι
1459 1305 1732 1368 speciosius

215 1389 334 1435 quam
359 1376 526 1424 verius.
545 1378 674 1424 Nam
698 1387 840 1424 serra
861 1374 954 1424 I’uit
969 1375 1256 1437 Hypsipyle:
1278 1378 1502 1438 πραθεῖσα
1524 1377 1730 1438 ἐλάτρευε

213 1449 314 1512 ταρὰ
331 1449 576 1510 Λυκούργῳ
599 1445 883 1507 (Eurydices
909 1445 1154 1507 conjuge),
1176 1445 1243 1493 ait
1266 1444 1544 1506 Apollodor.
1569 1448 1658 1504 111,
1681 1453 1728 1504 6,

212 1523 250 1566 4.
271 1537 292 1558 ι·
309 1518 360 1564 B.
379 1520 482 1565 -3
508 1517 713 1577 ὀρούσας
738 1513 950 1564 Jacobsii
984 1515 1286 1576 conjectura,
1318 1517 1609 1565 OPOI'CAC
1644 1528 1732 1576 pro

213 1590 490 1644 ΑΦΟΤΘΑΡ,
533 1587 742 1644 &zevene
777 1584 896 1633 Cod.
936 1603 958 1624 κ
999 1583 1143 1640 Quod
1177 1584 1311 1632 varie
1345 1588 1585 1634 tentatum
1619 1586 1726 1634 suit.

213 1657 386 1704 Groetius
419 1657 490 1716 ἄρ’
520 1652 672 1714 εἶθαρ.
697 1657 878 1702 Forsan
911 1652 982 1700 ἐπ’
1005 1655 1157 1714 εἶθαρ,
1192 1653 1362 1715 juncta
1395 1655 1733 1718 praepositione

213 1741 304 1775 tum
339 1725 588 1782 alteriue,
615 1726 674 1773 ut
715 1724 766 1772 in
807 1724 1090 1778 καταυτίκα,
1124 1726 1401 1784 παραυτίκα.
1435 1727 1614 1773 Forsan
1649 1724 1732 1773 ἀπ’

213 1799 344 1858 σξιο-ιν,
363 1793 550 1857 procul
573 1809 612 1843 a
639 1793 952 1845 custodibus.
979 1795 1159 1841 Forsan
1176 1794 1409 1856 Ὀφελτην.
1433 1807 1588 1856 quum
1620 1794 1732 1843 bina

213 1865 288 1913 sint
323 1863 448 1925 pueri
483 1864 688 1910 nomina
719 1863 936 1921 Ὀρέλτης
973 1863 1026 1911 et
1051 1861 1350 1924 Ἀρχέμορος,
1391 1875 1600 1924 quorum
1640 1861 1734 1910 hoc

216 1934 288 1981 tuit
313 1931 486 1995 proprie
521 1945 814 1994 cognomen.
843 1952 868 1974 ν»
898 1933 961 1980 B.
995 1931 1244 1994 ingeniose
1275 1932 1520 1980 fleckerus
1555 1933 1670 1994 ἦμος
1707 1934 1733 1980 ὁ

211 2007 330 2065 ceap
344 2005 478 2064 ὕδρος.
500 2021 524 2043 «ι
546 2001 925 2050 substantivum
943 2006 1092 2064 σῦφαρ
1117 2000 1336 2062 (inquit),
1353 2003 1732 2064 ὑπεργεγηρακώς

209 2087 270 2135 ap.
289 2073 500 2135 Lycophr.
527 2077 626 2122 793
645 2075 697 2120 et
721 2071 1046 2135 Sophronem,
1077 2070 1178 2120 fere
1201 2072 1350 2119 insen
1362 2071 1402 2119 it
1419 2071 1540 2124 dirae
1557 2071 1730 2120 bellum

210 2141 482 2190 devovendas.
520 2163 546 2184 ιι
581 2145 712 2200 Quae
739 2142 976 2191 correctio
1017 2141 1190 2190 ceteris
1214 2141 1534 2190 verisimilior.
1567 2167 1626 2177 —
1643 2145 1672 2190 (ι
1705 2142 1732 2188 ὁ

207 2214 418 2274 ruz-,enine
453 2213 670 2261 Becker.
700 2213 841 2262 cons.
875 2211 938 2262 ad
964 2225 1040 2274 ep.
1072 2217 1118 2271 3,
1147 2218 1198 2262 2.
1221 2237 1282 2246 —-
1305 2218 1332 2260 5
1359 2211 1583 2264 ἀσώτιδος
1609 2208 1728 2258 Cod.

211 2305 230 2324 ι
257 2283 548 2334 scribendum
575 2283 779 2333 videtur
820 2303 834 2332 z
874 2283 1152 2341 Ἀσωπίδος,
1179 2281 1336 2341 Εὗνο’,
1363 2283 1556 2345 ἄρουραν
1572 2317 1588 2342 ,
1621 2281 1652 2329 i.
1683 2293 1726 2329 e.

211 2353 464 2417 Argolidem.
493 2357 623 2403 Post
659 2353 930 2404 Thoantem
966 2353 1119 2412 enim,
1147 2365 1294 2400 versu
1319 2352 1476 2413 primo
1514 2351 1726 2413 compel-

210 2423 522 2483 latum,etiam
546 2423 716 2472 Eunoi
739 2423 919 2471 mentio
945 2421 1050 2470 fieri
1075 2420 1296 2470 debebat.
1329 2439 1354 2463 ιι
1383 2423 1496 2468 Jac.
1521 2418 1656 2470 Idem
1683 2420 1733 2468 in

209 2493 314 2542 notis
339 2507 450 2542 mss.
483 2493 772 2551 Ἀσωπίδος,
815 2493 986 2550 nevae,
1023 2491 1210 2552 κράναν.
1259 2487 1468 2537 Graelius
1515 2489 1735 2538 tentabat

211 2562 426 2614 lensia-z
461 2563 640 2623 ἕδρανα
680 2563 876 2622 κούρας,
902 2560 1149 2608 Heckerus
1175 2559 1326 2619 ἔνδιοι,
1357 2578 1380 2599 «ι
1412 2559 1734 2607 recentiorum

211 2644 288 2678 usu
324 2631 486 2679 tritum
527 2629 600 2678 de
647 2628 883 2689 sedibus,
934 2630 1090 2687 aula,
1134 2627 1303 2676 domo.
1349 2629 1500 2676 Unam
1544 2629 1734 2678 literam

211 2705 494 2763 transponens
535 2717 666 2758 νεαν,
701 2702 883 2756 ENAN,
912 2698 1062 2748 habes
1097 2701 1310 2758 ΕΝΔΙΑ,
1337 2698 1518 2746 ductus
1556 2698 1738 2747 similli-

211 2783 428 2820 mos.1·--
459 2777 487 2819 6
531 2771 658 2825 ἄξων
699 2769 979 2828 Jacobsius;
1020 2770 1105 2822 ἔξω
1150 2767 1324 2816 Codex.
1357 2769 1602 2816 Heckerus
1629 2769 1730 2824 ἄξαι

209 2839 438 2900 infinitivo,
468 2837 728 2902 jungendo
765 2852 882 2888 cum
917 2845 1088 2901 στεῖχε.
1119 2837 1348 2899 Sequitur
1371 2837 1733 2887 hemistichium

209 2905 504 2969 homericum,
535 2910 594 2959 ll.
619 2913 698 2969 Φ,
729 2914 804 2958 58.

257 3052 324 3099 XI.
355 3054 408 3100 ln
441 3066 592 3115 marg.
623 3073 636 3100 z
659 3054 762 3115 περὶ
797 3052 1086 3101 Πολυδέκτου
1125 3056 1208 3101 τοῦ
1250 3054 1454 3113 Σερέοων
1483 3052 1572 3112 (sic
1610 3055 1660 3102 et
1686 3053 1735 3102 in

207 3120 364 3180 laum.)
391 3124 648 3182 βασιλέως,
681 3122 732 3170 ὃν
769 3123 1005 3170 ἀπέκτεινε
1041 3122 1260 3183 Περσεύς.
1306 3124 1400 3170 Res
1437 3124 1630 3169 narrata
1653 3134 1731 3184 ap.

207 3189 446 3251 apollodor.
465 3194 532 3250 n,
553 3194 606 3249 4,
629 3198 681 3239 3.
701 3218 764 3227 -
779 3199 822 3242 2.
849 3209 872 3232 κ
893 3193 1078 3239 Versus
1103 3204 1199 3239 non
1229 3188 1428 3240 nitidus.
1451 3189 1736 3249 ConJunctio

205 3264 272 3306 καὶ
287 3260 558 3308 seutentiam
589 3260 742 3327 primi
774 3273 946 3309 versus
975 3260 1159 3323 aperire
1185 3258 1393 3309 videtur.
1423 3258 1708 3321 Polydectes
1721 3298 1734 3321 ,

207 3326 278 3387 qui
297 3326 354 3375 ob
376 3327 672 3389 probrosum
700 3330 890 3377 Danaes
915 3342 1128 3378 amorem
1155 3329 1205 3377 in
1230 3332 1404 3377 Jovem
1429 3328 1646 3377 convicia
1669 3329 1738 3391 je-

206 3400 336 3455 cerat,
362 3398 460 3459 ipse
484 3399 642 3447 etiam
669 3398 864 3448 Danaes
897 3413 1059 3448 amore
1088 3399 1322 3462 flagravit.
1354 3420 1378 3441 »
1407 3400 1468 3447 B.
1500 3400 1658 3447 Versu
1689 3406 1734 3457 2,

205 3477 278 3525 pm
298 3469 584 3529 μεμψάμενος
597 3504 614 3525 ,
643 3470 849 3529 praestat
875 3470 1170 3530 μεμψαμένης
1205 3468 1440 3529 corrigere
1471 3480 1586 3516 cum
1619 3469 1739 3515 Hec-

205 3533 300 3583 kero
325 3556 335 3583 :
365 3556 388 3578 -ι
416 3535 594 3585 habuit
623 3539 793 3586 Danae
817 3536 1049 3586 fluctibus
1074 3536 1270 3585 marinis
1289 3537 1470 3599 jactata
1495 3548 1646 3597 quare
1675 3535 1737 3586 de

204 3606 304 3653 Jove
323 3610 628 3667 quereretur.
655 3608 857 3655 Nonnns
881 3608 1021 3657 Dion.
1052 3608 1200 3667 vlu,
1226 3611 1312 3655 136
1344 3627 1356 3655 :

303 3728 368 3777 Οὐ
386 3728 546 3789 Δανάῃ
571 3726 778 3789 παρίαυε
797 3728 852 3775 τὸ
869 3728 1076 3801 δευτερον
1103 3727 1249 3781 ὑέτιος
1272 3726 1405 3784 Ζεὺς,
1453 3746 1458 3751 ·

303 3798 410 3845 ἀλλὰ
425 3797 760 3860 σιδηροξόροιο
783 3800 896 3859 μετὰ
915 3797 1144 3856 σφρηγῖδα
1163 3796 1386 3856 μελάθρου
1400 3832 1414 3854 ,

307 3871 565 3930 μεμφομένῃ
589 3884 840 3930 χρυσεοισι
864 3868 1029 3928 γάμοις
1043 3902 1056 3927 ,
1075 3866 1335 3914 ναυτίλλετο
1353 3868 1520 3929 νύμφη.
1544 3886 1568 3910 n

209 3991 258 4037 Ut
279 4002 364 4037 nou
389 3989 591 4038 omnino
625 3988 957 4037 necessarium
982 3986 1206 4036 videatur
1232 3986 1294 4035 ab
1319 3986 1492 4036 eodem
1530 3990 1740 4051 proposi-

205 4062 296 4106 tum
325 4061 586 4121 δυσφήμους
614 4058 766 4115 εὐνάς.

255 4200 349 4247 xll.
378 4200 434 4248 Iu
459 4210 620 4261 marg.
647 4219 660 4245 ι
680 4199 786 4259 περὶ
817 4197 1076 4260 Φόρὸαντος
1099 4200 1179 4245 καὶ
1201 4200 1479 4259 Πολυμήλου
1492 4234 1508 4256 ,
1528 4199 1604 4252 οὓς
1635 4199 1742 4247 ἀπέ-

207 4282 352 4315 κτεινεν
374 4270 538 4323 Ἰξίων.
572 4272 634 4319 ln
660 4267 762 4316 fine
787 4268 1026 4317 lemmatis
1053 4266 1174 4315 cod.
1195 4268 1269 4317 ἐπὶ
1292 4274 1444 4316 τοῦτο.
1467 4267 1652 4317 Fabula
1679 4268 1741 4317 ab

208 4338 282 4387 ιὶίο
317 4340 502 4388 nemine
539 4340 820 4387 memorata
854 4340 904 4386 et
945 4350 1144 4401 prorsus
1182 4338 1438 4401 incognita.
1471 4364 1533 4375 -
1569 4344 1587 4387 1
1630 4344 1740 4399 γαίη

207 4407 324 4465 Cod..
349 4422 470 4457 corr.
509 4411 626 4457 Jac.
673 4427 698 4449 n
741 4408 930 4471 Φόρὸαν
968 4408 1124 4456 forma
1160 4408 1278 4455 alias
1317 4407 1546 4456 inusitata
1584 4411 1743 4469 poetae

207 4479 470 4528 mentieris.
505 4500 531 4523 n
563 4478 727 4527 Both.
745 4483 857 4525 —2
885 4477 1189 4539 ἀμυνόμενος,
1221 4477 1391 4539 supple
1427 4477 1570 4539 αὐτῇ,
1605 4480 1740 4536 ποινή

207 4550 344 4596 πίω)
367 4549 402 4597 i.
421 4562 474 4612 q.
503 4550 731 4611 τιμωρία.

255 4688 373 4737 XIII.
402 4708 424 4731 α
467 4690 762 4738 Alcmenam
799 4688 911 4748 post
943 4684 1336 4751 Amphitryonem
1374 4686 1740 4737 Rhadamantho

207 4759 402 4818 nupsisse
437 4762 611 4808 narrat
639 4756 914 4819 Apollodor.
949 4759 1015 4816 ll,
1043 4760 1090 4813 4,
1119 4770 1323 4820 eamque
1359 4756 1422 4805 ad
1447 4756 1542 4806 boc
1566 4770 1596 4805 a
1621 4760 1741 4807 Mer-

207 4826 324 4874 curio
355 4828 402 4876 in
436 4828 704 4877 beatorum
739 4826 924 4875 insulas
963 4838 1069 4875 esse
1103 4825 1311 4876 delatam
1326 4864 1339 4886 ‚
1373 4839 1430 4875 ex
1466 4825 1740 4887 Pherecyde

207 4897 334 4945 tradit
353 4899 582 4947 Antonin.
609 4896 712 4947 Lib.
735 4910 780 4945 c.
803 4901 880 4945 33.
903 4916 925 4939 υ
944 4898 1056 4946 Jac.
1077 4924 1137 4933 —
1152 4903 1178 4945 2
1198 4898 1337 4959 λάχος
1357 4910 1518 4959 apogr.
1538 4900 1644 4945 Par.

1885 261 2012 309 xlv.
2044 262 2101 309 ln
2135 259 2361 310 lemmate
2399 259 2571 308 vitiose
2599 260 2717 309 Coti.
2746 261 2849 316 τοὺς
2890 262 2994 324 (pro
3022 263 3209 324 Τιτυὸς,
3237 264 3370 326 quod

1822 331 2035 380 restituit
2075 331 2273 393 zoega),
2301 329 2474 380 deinde
2499 332 2817 392 τοξευομένους
2850 335 2899 380 et
2930 334 3203 389 ἐτόλμησαν.
3231 335 3371 383 Unde

1821 411 1955 448 error
1979 400 2028 448 in
2047 399 2230 449 scholio
2244 414 2390 464 marg.
2419 403 2549 463 :napi
2568 407 2660 449 τῶν
2676 404 2789 448 υἱῶν
2810 403 2997 458 Nauem.
3012 404 3087 450 οὓ;
3110 403 3371 469 ἀπέκτεινεν

1822 470 2069 518 Ἀπόλλων.
2088 475 2209 520 -3.
2233 489 2255 511 «ι
2277 473 2361 522 Ὃς
2378 507 2391 526 ,
2411 473 2438 518 J
2446 469 2650 533 uppiter‚
2672 471 2848 520 liberos
2879 485 2995 520 suos
3025 474 3165 534 Tityo
3199 475 3373 525 immit-

1819 541 1944 587 tens.
1982 558 2005 582 υ
2034 541 2147 588 Jac.
2179 539 2339 588 Codex
2365 539 2551 603 βοῤῥοὶν,
2571 540 2635 588 ob
2656 543 2881 590 metrum.
2911 544 2983 590 De
3011 557 3109 604 qua
3137 545 3374 605 scriptura

1821 606 1927 656 boec
1954 608 2297 658 Boissonadius
2333 629 2345 657 ι
2384 629 2405 650 n
2436 609 2651 659 Dindort'.
2675 609 2723 658 in
2750 610 2893 659 Thes.
2923 625 2962 658 s.
2997 615 3120 674 Βορὰ
3148 615 3375 676 cogitarit

1821 677 1882 727 de
1907 679 2302 742 transpositione,
2332 681 2461 741 Θηρσὶ
2495 682 2635 742 βορὰν
2664 683 2711 728 δὲ
2728 716 2741 740 ,
2770 695 2867 743 qua
2894 683 3160 731 evitaretur
3182 684 3375 735 insolita

1821 749 2074 812 scrIptura.
2119 751 2217 798 Nec
2254 754 2418 799 tamen
2461 751 2806 800 correctionem
2849 753 3168 802 necessariam
3215 759 3370 817 putat.

1823 822 1922 882 Ego
1960 833 2022 870 ne
2067 820 2441 883 duplicationem
2482 821 2679 884 quidem
2713 821 2857 870 velim
2903 821 3023 870 fieri.
3070 823 3268 872 Librarii
3304 826 3375 873 sic

1822 902 1952 951 saepe
1980 893 2189 940 metrum
2206 891 2379 950 jux-‘are
2406 891 2600 940 monitis
2626 891 2781 939 oculis
2806 893 3089 951 voluerunt,
3111 893 3375 943 scribentes

1821 959 1957 1020 ὄρρα,
1978 961 2103 1021 παρὰ
2128 960 2275 1024 ῤῥοον,
2297 974 2385 1022 pro
2404 962 2428 1008 ὃ
2462 964 2520 1022 ῥα
2534 1000 2545 1019 ,
2566 961 2691 1022 παρὰ
2703 963 2824 1018 ῥόον,
2860 975 2918 1010 ac
2945 961 3118 1010 similia
3132 999 3146 1020 ‚
3166 975 3279 1024 qum
3304 977 3375 1012 re-

1821 1033 2113 1091 pra-semare
2130 1031 2339 1080 editores
2364 1031 2655 1080 recentiores
2682 1031 2989 1092 neglexerunt
3006 1031 3194 1080 merito.
3214 1035 3374 1089 Quare

1821 1097 1901 1148 hle
1928 1113 2125 1163 quoque
2150 1101 2517 1163 productionem
2545 1102 2699 1150 literae
2725 1102 2906 1150 caninte
2937 1102 3083 1151 docto
3110 1103 3277 1152 lectori
3306 1117 3377 1153 re-

1821 1167 2001 1230 linquo.
2024 1191 2045 1213 υ
2066 1173 2164 1218 Nec
2179 1184 2285 1218 raro
2300 1174 2463 1218 noster
2480 1171 2599 1220 salsa
2614 1171 2827 1232 analogia
2846 1170 2962 1219 duci
2979 1169 3371 1234 deprehenditur,

1815 1238 1969 1298 *Attali
1996 1238 2295 1301 temporibus
2332 1241 2487 1289 multo
2513 1239 2710 1288 inferior
2734 1239 3003 1288 habendus.

1885 1377 1984 1424 XV.
2005 1378 2059 1424 In
2072 1389 2220 1439 marg.
2246 1395 2259 1424 ·.
2278 1377 2380 1439 περὶ
2396 1377 2603 1426 Γλαύκου
2614 1377 2694 1425 καὶ
2712 1378 3069 1440 Βελλεροφόντου
3082 1382 3175 1424 τῶν
3188 1380 3367 1440 ἡρώων.

1824 1465 1846 1488 «
1880 1448 1949 1494 De
1976 1446 2354 1508 Bellerophontis
2380 1460 2499 1495 casu
2527 1445 2677 1495 schol.
2710 1446 2848 1496 Pind.
2879 1447 2955 1496 ol.
2976 1449 3111 1507 xm,
3136 1453 3221 1496 130
3257 1467 3269 1496 :
3300 1451 3377 1498 λε’-

1819 1532 1948 1576 γεται
1982 1517 2052 1564 ὅτι
2088 1517 2345 1572 ἀναπτῆναι
2382 1518 2617 1578 βουληθεὶς
2648 1522 2715 1578 τῷ
2752 1518 2988 1578 Πηγάσῳ,
3020 1517 3201 1578 κούφως
3233 1535 3377 1581 παρα-

1820 1587 2141 1646 κινδυνεύσας,
2167 1587 2288 1634 κατὰ
2322 1587 2541 1648 βούλησιν
2569 1592 2653 1634 τοῦ
2689 1583 2803 1642 Διὸς
2830 1588 3140 1648 οἰστρηῡέντος
3169 1593 3251 1636 τοῦ
3287 1591 3379 1646 11η-

1819 1657 1995 1715 γάσου,
2023 1655 2231 1702 ἐκπίπτει
2264 1656 2342 1702 καὶ
2376 1657 2604 1717 χωλοῦται
2638 1659 2715 1703 καὶ
2748 1657 2976 1704 πλανᾶται
3007 1657 3083 1703 δια
3114 1659 3166 1702 τὸ
3199 1655 3377 1713 Ἀλήϊον

1820 1723 1990 1787 χωλός.
2014 1723 2159 1783 Quod
2184 1723 2389 1773 ductum
2420 1738 2476 1773 ex
2504 1726 2643 1774 Hom.
2676 1725 2731 1775 ll.
2763 1727 2815 1781 Ζ,
2837 1731 2927 1774 200
2957 1737 3090 1786 seqq.
3126 1726 3377 1788 Reliquam

1823 1796 2036 1844 fabulam
2076 1793 2328 1858 miaglyphi
2368 1809 2509 1844 nemo
2540 1798 2761 1844 veterum
2789 1795 2960 1857 attigit.
2984 1797 3373 1858 Megapenthem‚

1821 1866 1971 1915 Pru-ti
2006 1864 2187 1924 filium,
2224 1868 2461 1913 memorat
2487 1865 2760 1927 Apollodor.
2798 1867 2859 1924 11,
2894 1873 2937 1914 2.
2962 1869 3167 1914 Pausan.
3202 1869 3266 1926 11,
3300 1873 3373 1924 16,

1819 1935 1937 1985 nihil
1978 1933 2125 1984 habet
2162 1933 2296 1996 quod
2333 1934 2397 1983 ad
2436 1935 2730 1996 epigramma
2766 1937 2991 1983 nostrum
3034 1935 3377 1984 illustrandum

1825 2004 1994 2063 saciat,
2022 2004 2100 2052 cui
2125 2002 2344 2052 historice
2374 2003 2606 2066 ignoratio
2637 2006 2688 2052 et
2712 2003 3019 2052 librariorum
3053 2017 3241 2053 errores
3264 2005 3379 2052 den-

1821 2073 2039 2124 sissimas
2080 2073 2304 2122 tenebras
2333 2073 2634 2123 offuderunt.
2672 2073 3008 2122 Conferendus
3036 2075 3273 2124 Welcker.
3306 2078 3377 2124 De

1819 2141 2066 2206 tragoediis
2090 2142 2261 2206 graecis
2298 2145 2361 2201 ΙΙ,
2393 2155 2439 2205 p.
2476 2146 2567 2192 796
2604 2155 2739 2204 seqq.
2774 2163 2795 2185 ι»
2817 2145 2930 2192 Jac.
2950 2149 3053 2192 —1
3087 2147 3237 2192 ουτέτι
3269 2145 3375 2204 (sic)

1823 2213 1943 2262 eod.
1973 2216 2077 2262 Jac.
2106 2213 2230 2274 conj.
2255 2213 2326 2262 Οὐ
2352 2212 2553 2275 Προίτου
2573 2213 2735 2268 παιδὸς
2755 2215 2869 2273 οἱα,
2890 2213 2966 2261 vel
2992 2213 3158 2262 Οὐκέτι
3176 2215 3379 2275 Προίτου

1821 2285 1972 2332 παῖδα
1997 2283 2137 2344 φόνου
2162 2285 2298 2344 σχέθε
2313 2319 2328 2343 ,
2345 2283 2421 2332 vel
2449 2283 2616 2331 Οὐκέτι
2634 2319 2647 2342 ,
2672 2284 2869 2344 Προίτου
2902 2289 3012 2344 παῖ,
3034 2285 3167 2344 φόνον
3186 2283 3345 2346 ἔσχεθε
3362 2321 3375 2344 ,

1821 2352 2084 2402 subaudito
2110 2353 2183 2401 ἄν.
2206 2353 2453 2401 Heckerus
2469 2365 2518 2414 p.
2542 2356 2631 2402 236
2658 2353 2925 2414 wie-15:02,
2941 2353 3147 2416 jungens
3167 2354 3373 2415 θάνατον,

1821 2424 1878 2471 ut
1903 2422 2017 2471 alibi
2042 2423 2222 2484 πότμον
2244 2424 2385 2485 ἔχειν,
2406 2425 2513 2472 Non
2538 2424 2613 2471 est
2639 2426 2865 2471 mortuus
2882 2461 2894 2482 ‚
2918 2423 3205 2472 interfectus
3230 2437 3257 2472 a
3282 2425 3379 2472 Me-

1820 2491 2086 2555 gapenthe,
2131 2493 2317 2554 reliqua
2346 2492 2543 2554 quidem
2575 2490 2771 2541 distichi
2810 2507 2979 2554 parum
3019 2491 3288 2554 etrediens.
3314 2521 3377 2530 —

1825 2569 1850 2610 2
1870 2564 1975 2610 Jac.
2011 2561 2135 2622 conj.
2158 2561 2281 2608 τοῦδ’
2306 2562 2435 2615 ἐκτὸς
2464 2562 2627 2615 παιδὸς
2651 2565 2890 2620 τινυμένου
2926 2561 3113 2608 θάνατον
3148 2565 3371 2610 Γιαιξκου.

1825 2650 1848 2673 «ι
1881 2629 2269 2691 Bellerophontes
2290 2629 2610 2679 Proetisilium
2638 2629 3039 2691 (Megapenthem)
3061 2644 3090 2678 a
3120 2631 3253 2679 czrde
3284 2632 3375 2694 ipsi

1819 2697 2073 2748 inferenda
2097 2712 2191 2746 non
2211 2697 2509 2747 cohibuisset
2523 2736 2536 2757 ‚
2552 2699 2736 2761 absque
2754 2712 2844 2747 suo
2869 2700 2967 2747 lilio
2986 2700 3168 2749 Glauco
3183 2701 3372 2762 suisset,

1821 2771 2037 2833 paternae
2088 2767 2237 2817 caedis
2277 2767 2562 2828 (intentatae)
2600 2769 2773 2817 ultore.
2819 2769 2906 2816 Vel
2946 2770 3181 2830 ῥυομένου.
3207 2777 3369 2820 »ι-3,

1825 2859 1849 2882 «ι
1871 2843 2053 2888 Versus
2065 2836 2569 2887 sortasseinsanabiliS.
2588 2837 2902 2901 suspicabar:
2918 2845 3037 2899 κῆρα
3051 2841 3200 2897 κακὴν
3218 2841 3256 2889 δ’
3277 2843 3375 2891 οὐδ’

1823 2910 2035 2963 Ἰοόάτας
2066 2908 2301 2961 ὓπαλύξει.
2338 2928 2361 2950 υ
2390 2910 2501 2956 Jac.
2532 2910 2672 2957 ConI'.
2702 2909 2886 2957 Welck.
2916 2922 2965 2970 p.
2992 2913 3097 2959 797.
3126 2912 3375 2961 Heckerus

1823 2981 1979 3028 tentat
2000 2998 2010 3025 :
2031 2978 2203 3039 κράντα
2226 2979 2273 3039 (a
2298 2978 2490 3040 κράντης
2503 3013 2518 3038 ,
2539 2982 2651 3037 rex)
2672 2978 2885 3037 ἀγεννοῦς
2910 2979 2941 3026 Ἰ
2950 2980 3119 3027 οὸάτου
3150 2980 3190 3028 δ’
3208 2983 3377 3029 ὑπάλυ-

1823 3052 1912 3107 ξεν,
1942 3062 2009 3096 sc.
2046 3048 2239 3096 θάνατον
2271 3060 2328 3097 ex
2362 3048 2693 3110 superioribus
2725 3047 3038 3109 repetendum
3072 3069 3084 3096 :
3118 3052 3176 3099 Et
3214 3053 3377 3101 tamen

1823 3132 1991 3167 necem
2019 3117 2080 3165 ab
2104 3116 2283 3167 imbelli
2320 3130 2431 3179 rege
2454 3118 2618 3167 lobata
2645 3118 2735 3165 sibi
2755 3116 3081 3166 imminentem
3106 3120 3294 3181 effugit.
3318 3147 3377 3155 —

1823 3193 1853 3239 4
1880 3190 1988 3251 τῷδ’
2022 3190 2177 3236 ἑπέκλ.
2211 3188 2428 3246 Jacobs,
2460 3188 2508 3236 in
2548 3189 2675 3237 notis
2717 3200 2835 3236 mss
2878 3188 2923 3235 ol
2954 3190 3107 3237 ἐπέκλ.
3132 3210 3155 3231 α
3191 3189 3248 3239 ld
3283 3192 3380 3253 epi-

1827 3272 2043 3321 gramma
2068 3258 2318 3319 insigniter
2344 3271 2503 3319 corru1
2520 3260 2627 3306 tum
2651 3271 2747 3305 non
2776 3258 2936 3320 potuit
2966 3256 3127 3305 adhuc
3145 3259 3379 3321 corrigere

1822 3328 2105 3377 criticorum
2123 3328 2335 3375 virorum
2368 3326 2618 3375 industria.
2634 3327 2803 3375 Latina
2820 3339 2935 3388 quoe
2956 3328 3161 3390 apposui
3188 3342 3380 3390 respon-

1824 3398 1941 3447 dent
1957 3396 2246 3457 conjecturis
2271 3395 2405 3445 hisce
2432 3396 2554 3444 meis
2580 3400 2629 3443 et
2657 3395 2863 3444 aliorum
2891 3394 3032 3444 valde
3058 3396 3218 3446 dubiis
3242 3417 3253 3444 :

1951 3520 2117 3568 Οὐκέτι
2133 3554 2147 3575 ,
2168 3518 2369 3580 Προίτου
2390 3524 2477 3567 παῖ
2490 3554 2503 3577 ,
2524 3518 2658 3579 ςόνον
2678 3518 2839 3579 ἔσχεθε
2867 3516 3252 3579 Βελλεροφόντης,
3294 3562 3305 3575 ,

2016 3588 2140 3636 τοῦδ’
2159 3588 2289 3641 ἐκτὸς
2306 3588 2468 3642 παιδὸς
2488 3588 2709 3649 ῥυομένου
2729 3588 2920 3634 θάνατον

1952 3660 2158 3707 Γλαύκου
2172 3669 2184 3682 ·
2208 3659 2253 3703 κ’
2276 3658 2468 3711 Ἀντείας
2488 3657 2620 3705 δόλον
2644 3658 2849 3704 Ἰοῧοίτου
2870 3656 2911 3703 θ’
2929 3656 3144 3711 ὑπαλύξει
3164 3671 3174 3681 ·

2011 3729 2134 3775 οὕτω
2154 3728 2241 3789 γὰρ
2263 3730 2449 3787 Μοιρῶν
2468 3727 2512 3773 οἷ
2534 3729 2769 3775 ἐπεκλωσε
2795 3728 2915 3774 λίνα.

1828 3851 2044 3899 Glaucus
2062 3848 2440 3911 Bellerophontis
2465 3848 2598 3897 lilius
2624 3861 2720 3897 non
2745 3852 2821 3898 est
2846 3848 3037 3897 aliunde
3065 3851 3236 3903 notus3
3258 3862 3371 3898 nam

1827 3921 2045 3968 Glaucus
2085 3916 2363 3966 homericus
2398 3919 2505 3980 ejus
2544 3922 2647 3966 erat
2686 3930 2849 3979 nepos
2892 3917 3087 3974 Anteia,
3124 3930 3271 3977 quam
3312 3918 3378 3965 in-

1826 3988 2001 4047 trud0,
2041 3987 2190 4035 Proeti
2230 3988 2428 4049 conjux,
2471 3991 2520 4036 et
2560 4000 2697 4035 socer
2738 3986 2927 4037 Iobates
2966 3985 3378 4047 Bellerophontem

1827 4057 2029 4121 perdere
2055 4058 2331 4107 voluerunt.
2354 4056 2449 4105 Sed
2474 4057 2811 4107 hariolationes
2838 4058 2943 4105 istae
2962 4060 3075 4105 sunt
3090 4055 3373 4105 levidense&

1828 4133 2071 4179 Praeterea
2100 4128 2151 4177 id
2181 4142 2259 4177 me
2290 4133 2523 4187 moratur,
2559 4142 2649 4181 nec
2677 4142 2876 4191 parum,
2910 4128 3045 4190 quod
3072 4127 3179 4176 brec
3214 4130 3378 4177 tabula

1829 4198 2099 4261 exemplum
2114 4198 2303 4259 pietatis
2317 4212 2430 4259 erga
2444 4202 2645 4246 matrem
2662 4211 2755 4245 non
2770 4195 3003 4246 exhibeat.
3026 4218 3048 4239 u
3066 4198 3126 4246 B.
3146 4223 3204 4231 -
3222 4206 3247 4247 ὁ
3264 4200 3379 4255 ἀπή·

1829 4270 2000 4324 λαυσας
2034 4266 2175 4326 Cod.‚
2200 4281 2319 4316 corr.
2343 4270 2445 4316 Jac.
2480 4274 2589 4316 -ὓ
2614 4268 2897 4328 ἐπερράσατο
2932 4266 3071 4325 Cod.‚
3106 4280 3228 4314 corr.
3250 4269 3373 4325 Jac.‚

1829 4337 2063 4399 probatus
2093 4336 2154 4385 ab
2190 4338 2406 4385 fleckero
2442 4341 2491 4386 et
2528 4337 2781 4385 welttkero
2814 4350 2861 4399 p.
2902 4340 3009 4396 798,
3040 4337 3126 4397 qui
3159 4336 3378 4399 intelligit

1829 4410 1957 4458 bona
1993 4408 2207 4469 exempla
2248 4407 2440 4469 rietatis
2478 4406 2686 4455 liliorum
2722 4406 2771 4453 in
2812 4410 2997 4467 patre-S,
3032 4404 3121 4467 ipsi
3154 4409 3373 4463 narrata;

1831 4497 1856 4522 «ι
1891 4479 2057 4540 μάρτυς
2091 4477 2346 4538 improprie
2382 4475 2443 4524 de
2482 4476 2780 4524 audiente.»
2822 4476 2967 4524 ‘iliter
2992 4474 3198 4523 Grattius
3222 4476 3372 4536 cepit,

1828 4548 1914 4609 qui
1950 4546 2085 4609 ponit
2113 4546 2299 4607 μάρτυν.
2330 4546 2579 4594 Heckerus
2609 4566 2619 4593 :
2654 4566 2676 4587 κ
2707 4548 2873 4602 Quum
2911 4546 3148 4603 mancae,
3183 4544 3316 4593 caede
3346 4559 3375 4593 a

1829 4621 1967 4680 patre
1992 4616 2249 4679 propulsa,
2279 4614 2642 4678 Megapenthem
2668 4628 2763 4663 non
2788 4614 3105 4673 interfecerit,
3134 4614 3375 4675 probabile

1829 4687 1904 4735 est
1930 4699 2043 4733 eum
2084 4683 2495 4746 Bellerophontem
2525 4687 2575 4732 et
2602 4684 2750 4733 Proeti
2787 4684 2940 4733 lilium
2971 4683 3033 4732 ad
3072 4682 3373 4731 concordiam

1828 4756 2062 4806 reducere
2104 4754 2318 4803 voluisse
2334 4792 2346 4814 ‚
2374 4754 2521 4815 idque
2552 4767 2717 4803 revera
2750 4754 2793 4804 ei
2840 4754 3056 4803 cessisse.
3092 4756 3156 4800 Ut
3206 4752 3375 4813 corrigi

1829 4838 1971 4887 posse
1996 4824 2219 4873 videatur
2245 4826 2397 4883 μύθων
2431 4825 2604 4872 ἐσθλῶν
2633 4824 2845 4887 κάρτος
2880 4824 3163 4884 ἐπεςράοαο,
3200 4820 3375 4868 Vidisti

1829 4894 1949 4957 quid
1961 4894 2155 4944 efficere
2168 4898 2364 4956 possent
2384 4896 2515 4956 μῦθοι
2536 4894 2701 4943 ἐσθλοί.
2727 4913 2750 4935 ι»
2772 4892 2989 4953 Denique
3002 4889 3338 4939 Boissonadius
3358 4908 3371 4936 z
