3829 5747
1078 232 1325 307 CAPUT
1366 240 1461 299 lv.
1510 216 1885 309 PROOEMIA
1928 252 2598 326 ANTHOLOGIARUM.
3353 290 3420 348 51

162 368 187 405 ιι
240 351 409 429 λόγων
436 354 539 433 γὰρ
567 360 693 429 ἡμῖν
722 360 1017 420 πολυτελῶν
1049 366 1151 422 καὶ.
1169 371 1421 429 ποικίλων

238 440 424 498 πολλοὶ
449 444 721 519 προθέντες
749 458 1036 525 παμμιγεῖς
1064 455 1285 533 εὐωχίας
1303 503 1321 532 ,

238 538 567 606 περιφρονεῖν
599 532 836 591 πείθουσι
863 539 966 593 τῶν
996 542 1319 621 εἰθισμένων.

236 614 309 671 Τί
330 616 385 673 δὲ
414 622 503 673 νῦν
524 618 761 691 ποιήσω;
788 621 861 697 μὴ
890 624 957 681 τὰ
984 628 1459 709 προύξειργασμένα

232 700 399 769 οὕτως
427 704 569 763 ἐάσω
597 713 937 788 συντετῆχθαι
964 715 1179 791 κείμενα
1196 740 1212 789 ;

140 804 179 837 11¹
234 787 267 856 ἢ
296 792 389 847 καὶ
419 798 700 870 προθῶμαι
726 800 821 866 τῆς
846 802 1038 880 ἀγορᾶς
1068 806 1119 860 ἐν
1144 810 1221 882 τῷ
1250 806 1429 887 μέσῳ,

232 878 658 953 παλιγκαπήλοις
687 886 903 951 εὐτελῶς
932 891 1285 965 ἀπεμπολῶν;

236 967 343 1023 Καὶ
372 966 453 1033 τίς
481 979 766 1049 μετασχεῖν
790 976 894 1031 τῶν
922 977 1064 1050 ἐμῶν
1100 980 1365 1053 ἀνέξεται;

231 1054 303 1117 τίς
326 1054 373 1109 δ’
394 1054 460 1112 ἂν
482 1056 694 1133 πρίαιτο
716 1058 835 1127 τοὺς
861 1062 1040 1138 λόγους
1062 1067 1342 1142 τριωὸόλου
1359 1113 1375 1140 ,

228 1142 272 1195 εἷ
301 1139 377 1213 μὴ
404 1143 554 1221 φέροι
580 1168 695 1211 πως
721 1136 832 1207 ὦτα
858 1150 933 1226 μὴ
960 1156 1283 1231 τετρημένα;

136 1246 177 1281 ns
227 1226 365 1285 Ἀλλ’
392 1231 532 1288 ἐστὶν
562 1233 709 1300 ἐλπὶς
737 1235 961 1311 εὐμενῶς
983 1242 1087 1297 τῶν
1122 1242 1398 1319 δρωμένων

226 1320 360 1388 ὑμᾶς
384 1318 729 1392 μεταλαὸεῖν,
754 1324 846 1380 κοῦ
869 1325 1379 1402 κατεὸλακευμένως·

224 1403 335 1469 ἔθος
360 1404 463 1483 γὰρ
492 1410 615 1480 ὑμῖν
642 1411 711 1487 τῇ
737 1412 999 1489 προθυμίᾳ
1030 1414 1161 1493 μόνῃ

220 1496 287 1571 τῇ
312 1495 415 1549 τῶν
444 1494 745 1553 καλούντων
773 1499 1049 1579 ἐμμετρεῖν
1075 1501 1143 1560 τὰ
1172 1506 1336 1567 σιτία.

226 1578 337 1637 Καὶ
368 1580 499 1658 πρός
524 1605 585 1659 γε
613 1582 782 1663 τούτῳ
811 1586 1013 1645 δεῖπνον
1036 1592 1381 1669 ἠρανισμένον

128 1676 175 1711 2¹¹
222 1666 339 1735 ἥκω
366 1670 643 1746 προθήσων
671 1672 733 1728 ἐκ
770 1671 901 1731 νέων
931 1676 1263 1754 ἡδυσμάτων.

224 1754 379 1813 Ἐπεὶ
406 1755 511 1834 γὰρ
540 1758 635 1814 οὐκ
667 1758 863 1818 ἔνεστιν
892 1760 943 1829 ἐξ
976 1765 1103 1838 ἐμοῦ
1131 1766 1289 1840 μόνου

222 1846 359 1915 ὑμᾶς
386 1843 706 1916 μεταλαὸεἶν
721 1890 739 1922 ,
761 1845 963 1925 ἄνδρες,
987 1850 1136 1918 ἀξίας
1152 1860 1344 1936 τροφῆς
1362 1904 1377 1931 ,

218 1928 439 1995 πολλοὺς
479 1928 665 1991 ἔπεισα
696 1935 972 1993 συλλαὸεῖν
1002 1960 1089 2012 μοι
1116 1947 1206 1999 τοῦ
1232 1944 1385 2002 πόνου
1403 1992 1417 2021 ,

216 2016 305 2072 καὶ
338 2017 755 2093 συγκαταὸαλεῑν
782 2024 872 2079 καὶ
902 2036 1172 2085 συνεστιᾶν
1194 2029 1371 2091 πλέον.

113 2117 161 2155 25
218 2106 325 2161 Καὶ
352 2105 415 2176 δὴ
446 2105 711 2185 παρέσχον
738 2110 971 2187 ἀφθόνως
990 2116 1037 2169 οἱ
1064 2114 1300 2175 πλούσιοι

210 2192 262 2257 ἐξ
280 2182 359 2249 ὧν
387 2199 647 2273 τρυφῶσι·
668 2196 758 2255 καὶ
788 2200 1107 2277 παραλαὸὼν
1130 2204 1352 2279 γνησίως

210 2283 261 2335 ἐν
286 2284 397 2346 τοῖς
425 2282 635 2340 ἐκείνων
668 2284 912 2360 πέμμασι
940 2289 1289 2367 φρυάττομαι.

206 2372 385 2427 Τοῦτο
411 2370 467 2426 δέ
491 2393 568 2436 τις
596 2374 767 2429 αὐτῶν
796 2376 1101 2455 προσφόροις
1122 2422 1139 2447 ,
1173 2379 1370 2447 δεικνὺς
1398 2384 1526 2457 ἐμὲ,

205 2458 333 2522 ἴσως
356 2461 467 2535 ἐρεῖ
487 2458 615 2536 πρὸς
642 2460 800 2517 ἄλλον
815 2484 827 2495 ·
858 2490 881 2511 ι
908 2460 1117 2539 Ἀρτίως
1141 2466 1267 2540 ἐμοῦ

105 2566 153 2599 :sn
204 2572 227 2595 a
272 2544 452 2621 μάζαν
483 2547 783 2625 μεμαχότος
812 2550 1065 2623 μουσικήν
1092 2576 1147 2608 τε
1177 2554 1265 2610 καὶ
1290 2558 1408 2613 νέαν
1426 2604 1443 2632 ,

200 2661 223 2681 -
267 2624 415 2697 οἶτος
446 2634 737 2710 παρέθηκεν
769 2636 863 2705 τὴν
892 2636 978 2693 ὑπ’
1008 2640 1135 2713 ἐμοῦ
1164 2646 1530 2720 μεμαγμένην.
1567 2675 1591 2697 ι·

196 2722 368 2777 Ταῦτ’
398 2710 488 2777 οὗν
517 2722 621 2797 ἐρεῖ
648 2744 757 2792 τις,
786 2721 901 2780 οὐδὲ
919 2728 1020 2782 τῶν
1051 2730 1397 2805 σοφωτάτων,

195 2809 297 2861 τῶν
326 2809 595 2886 ὀψοποιῶν
616 2854 631 2876 ‚
657 2800 731 2866 ὧν
754 2808 909 2888 χάριν
939 2814 1073 2870 δοκῶ
1100 2815 1249 2891 μόνος

194 2884 333 2950 εἶναι
360 2894 622 2966 τοσαύτης
653 2897 863 2972 ἡγεμὼν
891 2902 1224 2969 πανδαισίας.

96 2993 141 3030 25
192 2983 431 3061 Θαῤῥῶν
462 2982 561 3060 γὰρ
590 2985 763 3047 αὐτοῖς
785 2985 927 3043 λιτὸν
945 2987 1141 3046 οἴκοθεν
1171 2991 1323 3068 μέρος

189 3069 384 3134 καύτὸς
416 3069 704 3144 παρέμιξα,
728 3077 820 3128 τοῦ
844 3072 1009 3130 δοκεῖν
1030 3076 1103 3148 μὴ
1130 3080 1398 3145 παντελῶς

190 3153 329 3221 Ξένος
352 3179 437 3219 τις
462 3147 588 3213 εἶναι
616 3161 721 3215 τῶν
750 3158 841 3216 ὑπ’
868 3162 995 3235 ἐμοῦ
1021 3166 1376 3239 συνηγμένων.

188 3241 333 3299 Ἀλλ’
350 3242 407 3309 ἐξ
440 3245 659 3302 ἑκάστου
689 3246 907 3324 σμικρὸν
938 3249 1131 3327 εἰσάγω
1151 3254 1337 3330 μέρος,

184 3329 307 3386 ὅσον
342 3333 639 3404 ἄπογεῧσαι
654 3355 669 3370 ·
687 3337 791 3392 τῶν
813 3334 867 3392 δὲ
888 3336 1080 3404 λοιπῶν
1108 3341 1153 3396 εἷ
1180 3343 1317 3398 θέλοι

86 3437 137 3470 ιι»
184 3421 367 3496 τυχεῖν
396 3443 481 3484 τις
504 3420 747 3478 ἁπάντων
775 3422 865 3479 καὶ
894 3434 1174 3503 μετασχεῖν
1201 3431 1271 3494 εἰς
1301 3430 1451 3508 κόρον
1471 3476 1487 3508 ‚

182 3507 317 3563 ἴστω
346 3528 413 3580 γε
438 3510 607 3564 ταῦτα
635 3511 755 3565 κατ’
790 3510 981 3586 ἀγορὰν
1007 3512 1251 3583 ζητητέα.

184 3593 407 3666 Κόσμον
442 3591 495 3650 δὲ
520 3594 759 3670 προσθεὶς
776 3597 881 3662 τοῖς
914 3599 1058 3671 ἐμοῖς
1085 3601 1353 3676 πονήμασι
1372 3648 1388 3678 ,

174 3683 235 3736 ἐκ
250 3686 351 3737 τοῦ
378 3679 641 3756 βασιλέως
665 3681 780 3746 τοὺς
806 3683 1087 3760 προλόγους
1110 3687 1423 3764 ποιήσομαι·

176 3763 401 3823 ἅπαντα
430 3765 535 3844 γάρ
562 3788 653 3839 μοι
683 3765 859 3834 δεξιῶς
884 3769 1228 3848 προὸήσεται.

71 3863 117 3899 ⁴5¹
174 3852 289 3911 Καί
317 3875 421 3926 μοι
440 3853 700 3929 μεγίστων
728 3857 1053 3934 πραγμάτων
1074 3862 1405 3938 ὖμνουμένων

168 3941 343 4018 εὑρεῖν
382 3943 587 4014 γένοιτο
613 3941 701 3998 καὶ
723 3943 899 4020 λόγους
924 3946 1261 4022 ἐπηρμένους.

246 4101 347 4171 Μή
383 4125 464 4166 τις
491 4103 828 4180 ὓπαυχενίοιο
854 4105 1024 4162 λιπὼν
1055 4110 1297 4188 ζωστῆρα
1325 4111 1579 4170 λεπάδνου

164 4189 442 4268 βάρὸαρος
470 4191 525 4254 ἐς
556 4193 786 4266 βασιλῆα
813 4194 1080 4271 βιημάχον
1108 4193 1257 4271 ὄμμα
1284 4199 1537 4275 τανύσσῃ·

162 4278 287 4349 μηδ’
316 4276 409 4334 ἔτι
442 4278 641 4354 Περσὶς
670 4277 885 4345 ἄναλκις
918 4280 1273 4340 ἅναστείλασα
1304 4286 1603 4364 καλύπτρην

65 4371 115 4408 ⁸¹·
160 4366 333 4443 ὄρθιον
362 4365 672 4443 ἀθρήσειεν·
690 4365 1043 4435 ἐποκλάζουσα
1064 4369 1119 4426 δὲ
1141 4370 1267 4449 γαίῃ
1284 4418 1300 4442 ,

158 4453 247 4511 καὶ
286 4452 461 4530 λόφον
483 4453 752 4530 αὖχήεντα
785 4455 1266 4531 καταγνάμπτουσα
1289 4459 1533 4520 τενόντων
1551 4510 1567 4532 ,

165 4541 445 4607 Ᾰῦσσνίοις
475 4541 703 4612 ἄκλητος
730 4541 1055 4600 ὓποκλίνοιτο
1078 4545 1371 4612 ταλάντοις.

154 4626 435 4706 Ἑσπερίσι
467 4626 788 4704 Θεράπαινα,
822 4627 886 4686 σὺ
916 4630 961 4686 δ’
985 4629 1035 4694 ἐς
1054 4633 1281 4707 κρηπῖδα
1311 4635 1602 4714 Γαδείρων,

152 4714 241 4766 καὶ
270 4715 435 4790 παρὰ
454 4713 687 4791 πορθμὸν
710 4713 907 4795 Ἰὅηρα
935 4713 1024 4772 καὶ
1048 4715 1380 4777 Ὠκεανίτιδα
1409 4721 1637 4794 Θούλην,

48 4817 99 4853 ε’»
148 4798 313 4868 ἤπιον
342 4801 732 4876 ἅμπνεύσειας,
759 4801 1047 4878 ἀμοιὸαίων
1074 4804 1125 4862 δὲ
1144 4805 1403 4884 τυράννων

146 4887 367 4966 κράατα
404 4887 722 4968 μετρήσασα
747 4893 841 4969 τεῇ
871 4889 1157 4968 κρυφθέντα
1184 4893 1329 4972 κονίῃ
1347 4939 1364 4966 ,

148 4977 485 5056 θαρσαλέαις
506 4978 785 5058 παλάμῃσι
815 4981 968 5060 φίλην
998 4981 1219 5057 ἂγκάζεο
1242 4981 1484 5062 Ῥώμην·

1841 380 1847 385 ’
1888 404 2165 447 sermonum
2185 401 2312 453 enim
2331 406 2469 455 uobis
2495 413 2892 473 sumptuosorum
2919 430 2977 465 ac
3005 420 3246 471 variorum

1885 484 2027 533 multi
2048 488 2484 552 qui-apposuerunt
2506 499 2786 561 omnigenas
2813 504 2997 566 epula,

1884 570 2287 635 ut·despiciamus
2311 582 2604 641 persuadent
2630 588 2784 637 solita.

1883 659 2013 713 Quid
2031 661 2178 724 igitur
2197 678 2329 716 nunc
2347 668 2554 720 faciam?
2575 687 2695 723 num
2721 680 2833 727 ante
2852 685 3016 742 parata

1881 748 1953 796 sic
1975 750 2131 800 sinam
2153 756 2373 805 consumi
2391 762 2636 821 jacentia?

1880 836 1957 885 vel
1983 838 2128 887 etiam
2155 854 2416 905 proponam
2435 847 2484 897 in
2501 850 2662 899 medio
2683 853 2787 901 foro
2801 894 2812 914 ‚

1878 923 2088 984 propolis
2109 925 2374 990 vili-pretio
2393 934 2710 985 venundans?

1878 1009 1938 1056 Et
1951 1011 2060 1071 quis
2080 1014 2512 1080 venire-in-partem
2529 1035 2748 1075 meorum
2770 1030 3060 1081 sustinebit?

1877 1096 1990 1157 quis
2008 1105 2135 1150 emet
2151 1100 2241 1153 hos
2266 1118 2512 1159 sermones
2529 1111 2734 1163 trIobolo
2746 1153 2758 1175 ,

1874 1185 1968 1235 nisi
1996 1187 2120 1240 rorte
2137 1204 2281 1243 aures
2309 1193 2434 1245 serat
2457 1211 2554 1247 non
2572 1201 2872 1261 perforatas?

1874 1273 1970 1323 Sed
1995 1288 2106 1337 spes
2128 1281 2202 1329 est
2224 1278 2456 1333 benevole
2477 1299 2566 1335 vos
2583 1293 2987 1353 qum-paravimus

1872 1366 2155 1425 accepturos
2180 1380 2311 1429 esse,
2339 1384 2498 1433 neque
2514 1375 2890 1428 remisso-animo
2921 1395 2930 1421 =

1870 1462 1978 1499 mos
2001 1452 2128 1500 enim
2149 1457 2226 1503 est
2253 1456 2390 1508 vobis
2413 1464 2470 1509 ex
2495 1461 2600 1512 solo
2626 1465 2792 1513 studio

1869 1542 2148 1591 vocantium
2175 1546 2332 1595 metiri
2363 1550 2666 1611 (oestimare)
2697 1554 2845 1603 cibos.

1868 1632 1938 1678 Ac
1964 1635 2195 1691 praeterea
2214 1636 2498 1689 collaticiam
2521 1654 2708 1691 coenam

1868 1718 2042 1769 adsum
2063 1723 2373 1785 appositurus
2401 1742 2460 1777 ex
2490 1731 2628 1779 novis
2663 1732 2996 1785 condimentis.

1866 1807 2057 1871 Quippe
2079 1812 2307 1870 quoniam
2324 1827 2419 1862 non
2446 1819 2522 1866 est
2549 1821 2608 1866 ut
2629 1831 2687 1867 ex
2709 1833 2787 1869 me
2805 1823 2910 1872 solo

1866 1906 1954 1943 vos
1977 1898 2232 1962 participes
2259 1900 2412 1961 fiatis,
2441 1903 2556 1965 viri,
2583 1905 2742 1969 dignae
2765 1909 2928 1972 dapis,

1866 1984 2034 2032 multis
2052 1989 2270 2048 persuasi
2300 1992 2355 2036 ut
2373 1991 2681 2044 socii-fierent
2699 1996 2816 2045 mihi
2834 1998 3012 2048 laboris
3026 2039 3038 2060 ‚

1864 2075 1916 2121 et
1937 2080 2544 2143 uua-sumptus-erogarent
2566 2088 2616 2131 et
2643 2088 3029 2150 una-acciperent
3061 2104 3150 2141 υοι·
3171 2093 3372 2146 lautius.

1864 2162 1926 2211 Et
1947 2174 2061 2212 sane
2093 2164 2222 2228 large
2253 2168 2565 2229 praebuerunt
2589 2172 2764 2223 divites

1862 2262 1924 2297 ex
1954 2249 2220 2313 iis-quibus
2247 2254 2490 2315 asssuunt3
2526 2261 2576 2308 et
2613 2262 2822 2323 acceptis
2848 2263 3054 2327 ingenue

1860 2335 1908 2384 in
1935 2351 2104 2387 eorum
2122 2342 2354 2403 placentis
2379 2344 2574 2395 semeio,

1859 2428 1964 2474 Hoc
1993 2442 2109 2477 vero
2140 2430 2315 2492 aliquis
2333 2446 2502 2482 eorum
2526 2439 2638 2498 apte
2658 2476 2670 2497 ,
2689 2451 2767 2487 me
2790 2422 3094 2503 monstrans,

1858 2514 2058 2565 forsitan
2075 2516 2204 2567 dicet
2227 2519 2365 2569 alteri
2388 2542 2399 2569 ε
2425 2541 2448 2565 κ
2476 2525 2642 2579 Quum
2665 2539 2822 2589 nuper
2839 2541 2928 2591 ego

1858 2620 1880 2643 «
1902 2615 2087 2652 mazam
2102 2604 2394 2667 pinsuissem
2411 2611 2746 2673 musicamque
2775 2616 2826 2663 et
2846 2627 3020 2664 novam
3035 2656 3047 2673 ,

1856 2709 1879 2731 ‹-
1914 2688 1998 2739 hic
2019 2693 2244 2753 apposuit
2267 2708 2414 2756 quam
2444 2710 2533 2759 ego
2563 2698 2854 2760 pinsueram.
2884 2722 2907 2743 ν

1851 2780 1970 2827 Hoec
1992 2779 2137 2841 igitur
2157 2781 2282 2830 dicct
2304 2782 2504 2845 aliquis,
2525 2798 2684 2848 neque
2711 2801 2773 2837 ex
2801 2788 3116 2855 doctissimis,

1848 2867 2208 2930 obsonatorum,
2236 2885 2448 2933 quorum
2473 2873 2624 2936 gratia
2643 2875 2812 2926 videor
2833 2880 2967 2929 solus

1846 2969 1956 3004 esse
1985 2959 2261 3022 tam-magni
2279 2972 2359 3008 rex
2389 2961 2610 3010 convivii.

1845 3044 2021 3094 Fidens
2047 3046 2174 3094 enim
2197 3045 2290 3095 illis
2318 3051 2518 3098 tenuem
2548 3050 2694 3100 domo
2719 3055 2987 3115 portionem

1844 3132 1991 3182 etiam
2008 3133 2110 3196 ipse
2129 3133 2392 3196 admiscui,
2413 3151 2474 3188 ne
2495 3151 2697 3201 prorsus
2717 3141 2906 3192 viderer

1842 3219 2021 3284 hospes
2042 3221 2242 3283 quidam
2263 3237 2372 3274 esse
2385 3225 2509 3274 inter
2525 3239 2610 3276 eos
2630 3241 2753 3290 quos
2781 3236 3080 3296 congregavi.

1842 3311 2070 3359 ceterum
2101 3324 2164 3360 ex
2187 3325 2484 3376 unoquoque
2503 3327 2704 3376 parvam
2728 3329 2917 3381 appono
2943 3325 3146 3384 partem,

1840 3397 2210 3458 quantum-satis
2231 3398 2294 3447 ad
2325 3401 2647 3463 gustandum3
2675 3405 2862 3468 reliqua
2883 3421 3000 3458 vero
3033 3411 3076 3459 si
3099 3413 3217 3463 velit

1839 3487 1952 3548 quis
1967 3488 2184 3538 obtinere
2203 3492 2308 3538 tota
2330 3493 2492 3554 iisque
2512 3492 2610 3542 frui
2631 3494 2696 3543 ad
2723 3497 3011 3559 satietatem,

1838 3575 1960 3625 scito
1976 3615 1989 3636 ,
2024 3577 2130 3628 hoc
2145 3580 2194 3628 in
2225 3579 2330 3628 foro
2348 3593 2456 3630 esse
2487 3584 2766 3644 quaerenda.

1838 3666 2072 3714 cosmum
2100 3667 2412 3730 (or-natum)
2436 3682 2554 3718 vero
2579 3670 2762 3720 addens
2781 3674 2903 3724 meis
2922 3674 3344 3732 lucubrationibus

1835 3768 1898 3804 ex
1917 3758 2210 3818 Imperatore
2235 3759 2559 3822 praeloquium
2588 3763 2764 3812 faciam
2787 3779 2799 3807 ι

1835 3847 2013 3892 cuncta
2037 3846 2167 3894 enim
2189 3848 2261 3894 sic
2289 3846 2408 3896 mihi
2422 3847 2590 3898 dextre
2621 3851 2898 3912 procedent.

1831 3935 1902 3980 Ac
1926 3933 2063 3994 mihi,
2083 3934 2170 4000 qui
2193 3937 2400 3986 maxima
2416 3937 2542 3987 sacta
2561 3941 2728 4000 canto,

1830 4022 2039 4085 reperire
2069 4024 2311 4087 contingat
2333 4027 2478 4077 etiam
2500 4027 2650 4078 verba
2667 4031 2878 4092 grandia.

1890 4115 1961 4160 Ne
1979 4113 2090 4176 quis
2109 4113 2360 4164 cervicalis
2387 4115 2476 4165 lori
2495 4116 2688 4181 cingulo
2717 4119 2884 4170 relicto

1828 4200 2064 4250 barbarus
2086 4202 2136 4250 in
2155 4202 2490 4266 imperatorem
2507 4205 2942 4258 violentum-armis
2954 4213 3122 4262 oculos
3139 4215 3374 4278 intendat,

1825 4302 1947 4338 neve
1978 4290 2186 4353 amplius
2215 4292 2376 4340 Persis
2401 4293 2612 4342 invalida
2651 4297 3118 4350 sursum-retrahens
3153 4303 3347 4355 mitram

1824 4379 2142 4428 rectis-oculis
2157 4393 2276 4430 eum
2293 4380 2558 4442 intueatur,
2579 4382 2666 4432 sed
2690 4382 2870 4446 poplite
2889 4387 3213 4449 procumbens
3225 4390 3364 4444 humi

1821 4469 1870 4515 et
1892 4466 2091 4516 cristam
2118 4468 2375 4530 superbam
2393 4469 2748 4521 inclinans-sub
2778 4473 3032 4537 cen-ioem,

1820 4555 2068 4616 Ausoniis,
2095 4555 2482 4614 nullo-vocante,
2509 4557 2849 4609 submittat-sc
2875 4562 3110 4614 lancibus.

1816 4643 2047 4704 Hesperia
2077 4643 2281 4702 famula,
2300 4646 2355 4692 tu
2374 4657 2492 4694 vero
2509 4645 2572 4694 ad
2596 4646 2888 4708 crepidinem
2917 4650 3154 4720 Gadium,

1814 4733 1863 4779 et
1889 4730 2019 4792 apud
2054 4730 2234 4779 fretum
2261 4731 2503 4781 Ibericum
2528 4734 2808 4796 Oceanique
2832 4737 3044 4800 Thulen,

1809 4819 1982 4870 leniter
2005 4819 2212 4882 respires
2229 4858 2242 4880 ,
2271 4822 2321 4869 et
2347 4822 2812 4886 sese-excipientium
2831 4828 3144 4888 tyrannorum

1810 4907 1968 4972 capita
1995 4907 2212 4956 dimensa
2229 4908 2382 4958 intuo
2410 4909 2604 4960 condita
2628 4912 2828 4974 pulvere
2845 4951 2858 4975 ,

1812 4995 2070 5044 sidentibus
2097 4996 2269 5059 palmis
2286 5009 2446 5048 caram
2467 5000 2754 5061 amplectere
2779 5003 3004 5053 Romam!
