3829 5747
293 183 410 241 390
1389 181 1894 241 ANTHOLOGIAE
1936 183 2337 243 PALATINAE

365 311 451 369 τὸν
475 311 604 369 νέον.
629 313 682 389 β.
716 308 872 371 Ἀλλὰ
897 310 998 389 νόῳ
1026 320 1130 375 τοῖς
1161 313 1414 368 πολιοῒσιν
1441 310 1574 371 ἴσον.

286 422 336 455 α.
350 401 400 457 Τ
401 422 422 455 ε
431 400 636 478 ρπωλῆς
654 398 698 456 δ’
713 399 1032 457 ἀπέπαυσεν.
1050 401 1104 476 β.
1118 397 1168 457 Ἀ
1175 396 1506 478 πεστυφέλιξε
1521 398 1573 455 δὲ
1590 397 1817 477 μόχθων.

363 508 416 542 α.
441 488 554 545 Οὔκ
584 484 761 555 ἐνόησε
784 488 1005 562 γάμους.
1030 489 1082 563 β.
1105 485 1240 544 Οὖδὲ
1268 490 1452 562 γάμων
1477 485 1677 551 ὀδύνας.

493 636 629 684 604.
683 625 994 685 ΠΑΥΛΟΥ
1039 626 1603 686 ΣΙΛΕΝΤΙΑΡΙΟΥ.

277 763 484 843 Λέκτρα
515 786 594 822 σοι
619 764 732 822 ἀντὶ
769 764 954 839 γάμων
989 764 1270 841 ε’πιτύμὸια
1287 808 1304 837 ,
1332 764 1555 844 παρθένε
1580 763 1741 845 κούρη
1759 809 1776 837 ,

354 852 631 929 ἐστόρεσαν
661 851 931 927 παλάμαις
956 852 1260 920 πενθαλέαις
1278 853 1502 932 γενέται.

275 936 382 995 Καὶ
412 937 476 997 σὺ
506 938 600 1014 μὲν
630 937 934 1013 ἀμπλακίας
963 939 1136 1018 βιότου
1159 940 1249 1000 καὶ
1277 940 1470 1019 μόχθον
1495 940 1768 1009 Ἐλευθοῢς

351 1024 583 1105 ἔκφυγες·
609 1024 731 1085 οἶδὲ
760 1027 894 1103 γόων
917 1028 1100 1105 πικρὸν
1123 1027 1300 1107 ἔχουσι
1329 1030 1495 1107 νέφος.

269 1113 555 1172 Δωδεκέτιν
584 1113 685 1193 γὰρ
708 1118 864 1193 μοῖρα
882 1160 898 1187 ,
928 1116 1273 1187 Μακηδονίη,
1300 1140 1358 1175 σε
1389 1116 1680 1189 καλύπτει,

347 1201 590 1261 κάλλεσιν
619 1204 906 1282 δπλοτέρην
927 1248 944 1278 ,
970 1202 1118 1275 ἤθεσι
1137 1204 1421 1284 γηραλέην.

373 1352 509 1403 605.
566 1344 987 1405 ΙΟΥΛΙΑΝΟΥ
1026 1345 1187 1405 Allo
1229 1346 1514 1405 ΥΠΑΡΧ.
1566 1348 1710 1406 Alr.

267 1484 360 1543 Eoi
389 1485 537 1563 σορὸν
562 1485 840 1564 εὖλάϊγγα,
869 1484 1082 1558 Ῥοδοῑ,
1105 1486 1194 1544 καὶ
1222 1484 1420 1561 τύμὸον
1449 1486 1656 1566 ἐγείρει,

345 1570 495 1651 ῥύσιά
521 1595 578 1629 τε
604 1575 776 1652 ψυχῆς
798 1574 938 1651 δῶρα
966 1572 1154 1644 πένησι
1189 1572 1358 1648 νέμει,

262 1662 370 1717 ἀντ’
403 1660 696 1738 εὐεργεσίης
714 1659 961 1737 γλυκερὸς
988 1658 1152 1725 πόσις·
1173 1656 1284 1717 ὅττι
1310 1664 1532 1718 θανοῦσα

341 1746 606 1823 ὠκύμορος
623 1747 776 1826 κείνῳ
796 1747 966 1812 δῶκας
988 1744 1298 1825 ἐλευθερίην.

487 1895 627 1945 606.
682 1886 995 1945 ΠΑΥΛΟΥ
1034 1887 1593 1947 ΣΙΛΕΝΤΙΑΡΙΟΥ.

259 2025 459 2103 Πρηῧς,
489 2026 776 2103 ἐλευθερίην
797 2026 1113 2103 ἐπιειμένος,
1143 2026 1266 2099 ἡδὺς
1295 2026 1494 2086 ἰδέσθαι
1511 2073 1528 2100 ,

333 2117 385 2173 ἐν
417 2114 572 2195 βιότῳ
602 2114 870 2192 προλιπὼν
899 2115 1014 2173 υἱέα
1042 2115 1356 2193 γηροκόμον,

253 2202 450 2278 τύμὸον
479 2201 589 2281 ἔχει
615 2203 885 2282 Θεόδωρος
915 2202 1000 2261 ἐπ’
1022 2204 1192 2262 ἐλπίδι
1219 2203 1457 2283 κρέσσονι
1487 2206 1668 2285 μοίρης
1687 2252 1704 2283 ,

331 2291 502 2357 ὅλὸιος
537 2293 590 2350 ἐν
619 2290 898 2369 καμάτοις,
921 2290 1091 2359 ὅλὸιος
1119 2295 1170 2351 ἐν
1199 2292 1424 2373 θανάτῳ.

439 2450 569 2500 607.
617 2442 973 2501 ΠΑΛΛΑΔΑ
1027 2443 1595 2502 ΑΛΕΞΑΝΔΡΕΩΣ.

253 2580 449 2639 Ψύλλα
473 2578 825 2658 πρεσὸυγενὴς
851 2589 955 2646 τοῖς
981 2580 1319 2659 κληρονόμοις
1337 2581 1628 2661 φθονέσασα
1646 2627 1663 2657 ,

331 2668 464 2739 αὐτὴ
491 2669 808 2747 κληρονόμος
836 2671 938 2726 τῶν
961 2667 1102 2727 ἰδίων
1124 2668 1350 2746 γέγονεν·

249 2755 512 2833 ἁλλομένη
537 2757 590 2815 δὲ
617 2756 777 2835 τάχος
802 2756 1002 2825 κατέὸη
1027 2758 1180 2835 δόμον
1207 2758 1278 2823 εἰς
1303 2753 1501 2830 Ἀΐδαο,

323 2854 439 2911 ταῖς
467 2845 723 2912 δαπάναις
747 2844 808 2904 τὸ
837 2848 928 2916 ζῆν
951 2843 1246 2925 σύμμετρον
1274 2844 1549 2923 εὑρομένη.

254 2932 444 2992 Πάντα
473 2939 712 3012 φαγοῦσα
741 2931 850 3011 βίον
871 2935 1204 2992 συναπώλετο
1229 2940 1341 2998 ταῖς
1362 2934 1692 2994 δαπάναισιν·

323 3021 490 3091 ἥλατο
523 3022 568 3078 δ’
594 3024 665 3087 εἰς
694 3016 850 3092 ἀίδην
866 3067 883 3093 ,
902 3024 971 3087 ὡς
1004 3021 1440 3100 ἀπεκερμάτισεν.

167 3131 178 3144 ’
247 3157 844 3219 oos.Er·roAM10r
867 3157 1235 3218 ΣΧοΛΑΣΤ.
1264 3160 1790 3220 ιΛΛοΥΣΤΡιοΥ.

245 3302 392 3366 Υἷέος
429 3299 702 3378 ὢκυμόρου
733 3299 957 3359 θάνατον
987 3305 1244 3368 πενθοῦσα
1277 3301 1532 3372 Μενίππη

323 3390 542 3468 κωκυτῷ
581 3387 795 3464 μεγάλῳ
822 3391 1029 3461 πνεῦμα
1053 3385 1371 3464 συνεξέχεεν,

313 3559 450 3606 Ηιιιιο
469 3556 709 3620 juvenem.
736 3552 915 3616 Quovis
937 3568 1046 3600 cum
1073 3568 1184 3602 seue
1203 3562 1361 3601 mente
1379 3569 1558 3618 parem.

243 3638 424 3688 Gaudia
453 3636 581 3702 rupit
603 3636 664 3686 ei.
691 3635 840 3702 Rupit
857 3651 1046 3700 quoque
1066 3636 1202 3685 toetlia
1227 3636 1353 3684 vitae.

310 3720 539 3770 Nondum
558 3718 628 3768 illi
655 3718 847 3783 conjux.
871 3719 972 3766 Nec
998 3717 1121 3766 mala
1140 3715 1364 3782 conjugii.

669 3837 785 3891 604.
821 3850 966 3884 nun
1007 3851 1343 3884 siun-rnatu..

243 3966 349 4012 Heu
369 3980 464 4013 nou
484 3964 531 4012 iu
561 3963 768 4012 thalamo
783 3997 798 4024 ,
821 3962 903 4011 sed
931 3961 1052 4010 tristi
1073 3962 1122 4010 in
1147 3961 1310 4010 suuere
1331 3962 1520 4014 lectum,

307 4045 481 4109 Virgo,
505 4045 593 4094 tibi
612 4060 812 4094 moereus
829 4043 999 4092 stravit
1019 4053 1218 4106 uterque
1240 4059 1428 4108 parens.

241 4126 428 4176 Lucinae
447 4136 500 4176 tu
525 4127 640 4182 tela,
674 4126 814 4176 simul
839 4127 962 4174 mala
988 4126 1188 4174 erimina
1213 4127 1320 4174 vitte

308 4207 483 4273 Effugis
513 4225 526 4259 :
547 4219 618 4257 ast
636 4208 744 4259 illos
765 4208 932 4264 turbo,
963 4209 1242 4258 Macedonia
1259 4245 1274 4269 ‚

241 4289 403 4338 Turbo
425 4288 600 4338 doloris
619 4290 739 4354 agit,
764 4289 972 4338 bissexto
995 4289 1212 4338 conderis
1239 4306 1390 4348 anno,

308 4375 407 4425 Ore
425 4370 580 4437 puella
595 4408 610 4433 ,
634 4369 796 4437 probis
820 4370 1032 4420 moribus
1061 4370 1186 4420 inter
1207 4385 1341 4418 anus.

826 4499 941 4547 605.
978 4513 1198 4556 συιιιιυ,

501 4621 560 4651 α
577 4602 821 4670 proefectrs
843 4601 1178 4668 Augustalium
1199 4603 1335 4667 AEg.,
1349 4601 1502 4666 jocus.

241 4715 303 4762 Su
311 4727 384 4760 me
405 4711 578 4760 Rhodo
601 4711 808 4760 loculum
827 4712 887 4761 de
910 4727 1167 4774 marmore,
1199 4728 1330 4760 sume
1347 4709 1648 4776 sepulchrum
1667 4747 1680 4770 ‚

309 4792 694 4858 Pauperibusque
711 4793 922 4842 animum
945 4810 1050 4859 quae
1072 4794 1182 4842 data
1199 4793 1322 4842 dona
1338 4792 1470 4858 pient
1497 4808 1512 4842 ι

243 4881 358 4926 tta-c
375 4876 545 4926 merito
567 4885 711 4942 atque
737 4876 906 4926 lubens
931 4877 1107 4927 tribuit
1133 4876 1225 4926 tibi
1255 4876 1329 4925 vir
1353 4885 1480 4942 titus,
1508 4877 1578 4927 illi

317 4959 459 5023 Quod
486 4959 593 5008 data
615 4958 810 5008 libertas
827 4969 922 5006 tam
953 4959 1048 5009 cito
1070 4968 1223 5007 morte
1242 4965 1339 5006 tua.

1978 321 2111 371 illum
2126 322 2371 385 juvenem.
2397 326 2444 374 b.
2466 322 2562 373 Sed
2585 324 2747 373 mente
2772 322 2967 372 senibus
2988 336 3165 385 parem.

1917 422 1967 459 a.
1990 411 2050 460 Et
2074 410 2321 473 voluptate
2342 411 2568 475 privavit.
2586 410 2681 460 Sed
2698 410 2873 460 avertit
2898 410 2960 459 ab
2982 411 3231 459 {erumnis

1978 512 2031 547 a.
2054 500 2159 547 Non
2182 500 2317 549 novit
2342 499 2554 562 nuptias,
2578 498 2626 547 b.
2648 500 2813 561 Neque
2830 496 3107 560 nuptiarum
3128 497 3355 548 dolores.

2304 642 2412 689 604.
2453 638 2638 687 PAULI
2675 639 3059 687 SILENTIARH.

1913 778 2113 827 Lectum
2140 776 2227 827 tibi
2245 791 2333 841 pro
2358 778 2543 841 nuptiis
2557 777 2873 841 sepulcralem
2890 814 2907 838 ‚
2932 792 2962 827 0
2984 777 3121 841 virgo
3147 777 3315 841 puella
3334 814 3357 835 ,

1972 865 2246 913 straverunt
2262 863 2435 926 palmis
2453 863 2689 913 luctuosis
2702 867 2942 927 parentes.

1909 952 1970 1000 Et
1986 953 2043 1000 tu
2065 950 2260 1013 quidem
2279 965 2467 1002 errores
2487 952 2605 1002 vitae
2622 954 2675 1001 et
2689 950 2905 1001 laborem
2930 950 3137 1014 uithyiae

1971 1039 2217 1103 effugisti;
2237 1040 2307 1089 illi
2330 1042 2493 1091 autem
2515 1040 2739 1090 luctuum
2766 1053 2980 1090 amaram
3002 1040 3181 1090 babent
3202 1040 3441 1090 nubem.

1907 1125 2281 1176 Duodecennem
2304 1126 2432 1177 enim
2465 1128 2639 1188 fatum,
2657 1141 2688 1176 ο
2705 1127 3003 1190 Macedonia,
3021 1130 3073 1179 te
3088 1128 3279 1192 sepelit,

1967 1214 2223 1265 venatibus
2238 1216 2483 1279 juvenem,
2508 1216 2723 1266 moribus
2738 1216 3062 1280 grandaevam.

2116 1364 2227 1409 605,
2260 1360 2504 1408 JULlANI
2540 1361 2621 1408 Ex
2653 1360 2965 1410 PRAEFEGT.
3002 1360 3243 1410 AEGYPT.

1904 1502 2009 1551 Tibi
2034 1499 2726 1564 loctssum-e-pulchro·lapide‚
2746 1499 2935 1563 Rhodo,
2952 1504 3002 1551 et
3028 1502 3281 1551 tumulum
3306 1504 3521 1566 erigit,

1964 1589 2369 1653 redemptumque
2388 1588 2597 1637 animam
2628 1587 2757 1638 dona
2786 1588 3076 1652 pauperibus
3096 1589 3343 1653 impertit,

1901 1690 1991 1740 pro
2008 1676 2241 1727 beneficio
2256 1714 2269 1737 ,
2287 1675 2447 1725 dulcis
2466 1674 2685 1736 maritus,
2712 1674 2844 1738 quod
2869 1678 3062 1726 mortua

1964 1762 2182 1813 cito-fato
2204 1761 2273 1811 illi
2298 1761 2476 1811 dedisti
2503 1761 2791 1812 libertatem,

2297 1912 2403 1956 606.
2436 1907 2623 1957 PAULI
2654 1908 3040 1957 SILENTIARII.

1899 2049 2198 2106 MansuetuS,
2223 2046 2494 2098 libertatem
2518 2050 2682 2097 animi
2700 2047 2918 2109 indutuS‚
2949 2047 3114 2097 suavis
3138 2050 3351 2111 aspectu
3376 2086 3401 2109 ‚

1960 2138 2007 2187 iu
2024 2138 2123 2188 vita
2140 2138 2409 2188 destituens
2428 2137 2583 2187 filium
2606 2138 3328 2201 qui-senem·patrem-fovebat‚

1896 2226 2141 2276 tumulum
2160 2227 2295 2275 tenet
2320 2224 2604 2275 Theodorus
2629 2240 2742 2275 cum
2760 2238 2849 2289 spe
2868 2225 3067 2277 meliore
3087 2227 3459 2289 quam-ratum
3482 2266 3501 2287 ‚

1960 2313 2067 2362 felix
2087 2313 2137 2362 iu
2160 2313 2429 2375 laboribus,
2450 2313 2559 2363 felix
2582 2313 2633 2362 in
2651 2316 2823 2363 morte.

2201 2458 2311 2505 607.
2350 2456 2648 2504 PALLADAE
2680 2456 3111 2506 ALEXANDRINI.

1891 2589 2053 2651 Psylla
2071 2600 2251 2637 annosa
2272 2586 2549 2637 hoeredibus
2573 2587 2817 2651 immensi,

1952 2676 2057 2739 ipsa
2080 2674 2236 2725 haeres
2266 2674 2905 2738 propriarum-fortunarum
2922 2674 3041 2735 fuit3

1891 2767 1943 2814 et
1964 2762 2093 2812 saltu
2122 2762 2341 2812 celeriter
2362 2760 2613 2812 descendit
2639 2762 2689 2810 in
2715 2762 2918 2811 domum
2937 2763 3076 2825 Orci,

1950 2851 2239 2915 sumptuum
2258 2852 2307 2900 et
2323 2849 2437 2899 vitm
2460 2862 3025 2914 congruam-mensuram
3051 2854 3210 2900 nacta.

1887 2942 2091 2990 Omnem
2119 2939 2320 3002 depasta
2344 2938 2548 2998 victum,
2573 2937 3015 2988 madefecit-cum
3036 2941 3275 3003 expensis²

1948 3031 1998 3078 et
2018 3029 2195 3081 desiliit
2216 3029 2266 3078 in
2290 3031 2491 3090 Orcum,
2510 3031 2769 3091 postquam
2787 3029 3487 3094 numos-plane-absmnpsit.

2071 3176 2177 3220 608.
2219 3172 2523 3220 EUTOLMII
2561 3171 2892 3220 scfloLAST.
2928 3171 3235 3220 ILLUSTRII

1885 3308 1989 3359 Filii
2012 3309 2489 3374 aute-tempus-rapti
2508 3314 2715 3361 mortem
2744 3310 2914 3360 dolens
2936 3311 3161 3374 Menippa

1946 3411 2181 3446 una-cum
2206 3398 2389 3462 ejulatu
2418 3411 2590 3462 magno
2609 3398 2834 3462 spiritum
2860 3397 3063 3460 effudit,

2331 3559 2445 3606 606.
2486 3573 2634 3605 ratum
2664 3573 2981 3605 sxnzwrnun.

1885 3669 2027 3718 Liber
2059 3677 2107 3717 et
2132 3669 2318 3733 ingenio
2340 3671 2491 3719 facilis
2507 3707 2521 3729 ‚
2538 3671 2787 3736 suavisque
2808 3671 2989 3730 videri,

1950 3751 2035 3802 Cui
2060 3760 2272 3816 superest
2292 3761 2430 3801 natus
2448 3752 2530 3817 qui
2552 3753 2674 3801 senis
2702 3753 2827 3802 altor
2854 3762 2955 3801 erat
2975 3769 2989 3811 ;

1882 3831 1975 3895 Spe
1998 3830 2083 3879 fati
2110 3829 2320 3878 melioris
2342 3829 2489 3879 habes
2507 3867 2521 3892 ‚
2540 3829 2818 3890 Thoedore,
2842 3829 3173 3896 sepulchrum,

1952 3911 2083 3960 Felix
2106 3912 2153 3960 in
2174 3912 2267 3961 vita
2294 3928 2503 3979 paupere
2518 3947 2532 3968 ,
2560 3923 2716 3963 morte
2733 3929 2941 3979 quoque.

2277 4025 2391 4083 607.
2430 4039 2665 4070 numum
2698 4039 3038 4072 Αιικᾼιωιιηι.

1885 4131 2037 4195 Psylla
2062 4147 2177 4179 anus
2200 4131 2301 4198 ipsa
2316 4133 2412 4181 suis
2432 4130 2699 4181 haeredibus
2721 4132 2883 4181 invida
2896 4168 2913 4194 ,
2934 4132 3060 4197 cepit

1950 4212 2209 4260 Consilium
2232 4211 2324 4262 hoe
2340 4249 2355 4276 ,
2377 4213 2525 4268 haeres
2551 4223 2605 4263 ut
2632 4212 2754 4262 foret
2780 4213 2881 4278 ipsa
2898 4212 3009 4263 sibi.

1883 4295 1942 4340 Et
1960 4292 2117 4341 subito
2141 4295 2264 4342 saltu
2288 4293 2528 4343 deseendit
2552 4295 2611 4343 ad
2638 4294 2791 4343 infera
2814 4309 2987 4358 regna,

1947 4379 2015 4425 Ut
2036 4374 2157 4424 ratio
2180 4377 2286 4424 vitae
2305 4376 2537 4426 sumtibus
2559 4393 2693 4442 aequa
2716 4377 2857 4426 foret.

1883 4457 2057 4505 Ederet
2081 4467 2136 4506 ut
2154 4458 2323 4520 vitam,
2343 4457 2485 4523 periit
2508 4474 2615 4506 eum
2637 4457 2905 4522 sumptibus
2934 4475 3023 4506 una
3042 4477 3055 4518 ;

1948 4541 2015 4587 Ut
2037 4539 2216 4587 nummi
2246 4539 2445 4587 deerant
2459 4575 2476 4600 ,
2496 4539 2545 4587 in
2566 4543 2707 4603 Styga
2728 4538 2922 4589 desiliit.

2322 4656 2435 4702 608.
2474 4671 2707 4702 ιυτοωιιι
2738 4671 2999 4708 onst-onis.

2476 4760 2578 4808 Via-i
2603 4757 2826 4809 Illustre's.

1881 4873 1992 4922 Nati
2014 4870 2109 4920 fata
2131 4871 2201 4920 sui
2226 4872 2337 4920 dum
2358 4871 2485 4935 luget
2506 4871 2679 4921 acerba
2702 4870 2932 4938 Menippe
2946 4908 2965 4934 ‚

1945 4961 2069 5004 Dum
2092 4971 2231 5020 grave
2254 4956 2457 5022 suspirat
2472 4992 2487 5018 ,
2517 4955 2707 5021 spiritus
2732 4955 2832 5020 ipse
2857 4955 2991 5020 fugit.
