3829 5747
504 248 549 305 6
1608 246 2006 307 ANTHOLOG
2015 245 2110 304 1AE
2154 244 2550 305 PALATJNAE

502 370 572 435 ‘O
592 377 818 454 Χριστὸς
844 376 933 434 καὶ
960 378 1099 452 ε’μοῖς
1122 377 1451 457 ἐπιτάῤῥοθος
1480 375 1685 436 ἔσσεται
1714 376 1900 454 ἔργοις.

503 463 723 540 Χριστὸς
751 467 889 539 ἐμοῖς
910 464 1214 540 καμάτοισιν
1242 464 1472 543 ἀρηγόνα
1495 472 1646 542 χεῖρα
1672 464 1910 523 τιταίνοι.

505 550 693 629 Χριστὲ
717 595 734 622 ,
765 551 829 608 σύ
858 573 945 625 μοι
971 546 1217 628 προΐαλλε
1240 549 1357 621 τεὴν
1380 550 1667 608 πολύολὸον
1693 550 1922 628 ἀρωγήν.

503 638 729 717 Χριστὲ,
754 640 873 711 τεὴν
898 640 1205 715 καμάτοισιν
1236 641 1376 715 ἐμοῖς
1403 638 1553 717 χάριν
1584 638 1733 705 αὐτὸς
1762 638 1990 705 ὀπάζοις.

1027 788 1105 833 30.
1140 786 1220 851 ,Εἰς
1238 786 1316 834 τὸν
1338 785 1490 834 αὐτόν.

506 898 699 977 Χριστὲ
720 900 915 977 μάκαρ,
940 901 1176 979 μερόπων
1201 900 1331 981 φάος
1350 902 1581 981 ἄφθιτον,
1604 903 1744 967 ἐλπὶς
1772 902 2034 975 ἁπάντων,

503 984 658 1045 ἐσθλὰ
688 986 824 1043 δίδου
850 986 1125 1064 χατέουσι,
1152 988 1217 1045 τὰ
1241 989 1285 1044 δ’
1304 989 1361 1047 οὗ
1390 988 1525 1046 καλὰ
1550 987 1727 1066 νόσφιν
1748 989 1966 1069 ἐρύκοις.

836 1135 912 1179 31.
946 1133 1025 1187 Εἰς
1056 1134 1139 1189 τὴν
1159 1134 1407 1197 ὑπεραγίαν
1431 1136 1675 1185 θεοτὸκον.

505 1261 881 1337 Παμμεδέοντα
899 1305 915 1332 ,
948 1262 1147 1321 ἄνασσα
1168 1309 1184 1334 ,
1216 1268 1366 1334 θεοῖο,
1395 1262 1541 1340 γόνον
1569 1264 1707 1337 τεὸν,
1744 1266 1875 1338 υἱὸν,

505 1350 715 1425 ἄγγελοι
738 1349 793 1406 ὃν
815 1350 1113 1426 τρομέουσι,
1140 1354 1257 1425 τεῇς
1280 1351 1556 1427 παλάμῃσι
1579 1358 1837 1430 κρατοῦσα
1857 1398 1873 1427 ,

503 1434 789 1512 πρευμενέα
810 1437 1153 1514 πραπίδεσσιν
1188 1434 1317 1517 ὑπὲρ
1342 1440 1581 1515 μερόπων
1610 1438 1856 1499 τελέουσα
1872 1485 1888 1514 ,

503 1524 621 1605 ῥύεο
639 1531 955 1603 συντηροῦσα
984 1524 1230 1601 ἀπήμονα
1254 1525 1449 1599 κόσμον
1477 1525 1709 1587 ἅπαντα.

834 1680 911 1726 32.
940 1678 1020 1731 Εἰς
1046 1677 1125 1725 τὸν
1158 1676 1444 1739 ἀρχάγγελον
1475 1680 1681 1741 Mixa-51³..

502 1796 630 1865 Ὧδε
657 1809 1015 1867 ταλαιπαθέων
1043 1810 1334 1888 χραισμήϊα
1364 1811 1583 1869 θέσκελα
1606 1819 1770 1869 κεῖται

577 1895 611 1967 ἢ
642 1898 797 1973 δέμας
824 1896 857 1966 ἢ
886 1898 1101 1974 κραδίην
1127 1902 1433 1975 τειρομένων
1465 1898 1720 1976 μερόπων·

500 1980 588 2039 καὶ
612 1982 712 2061 γὰρ
742 1984 1017 2051 ἀνιάζουσα
1044 1985 1212 2041 πόνων
1243 1985 1395 2063 φύσις
1424 1985 1608 2043 αὐτίκα
1643 1984 1817 2064 φεύγει

580 2070 772 2147 οὔνομα
800 2072 907 2144 σὸν,
939 2071 1157 2149 Μιχαὴλ
1174 2117 1189 2143 ,
1216 2072 1251 2141 ἢ
1274 2071 1432 2130 τύπον
1456 2118 1471 2148 ,
1501 2072 1537 2138 ἢ
1566 2072 1851 2150 θαλάμους.

765 2238 855 2288 33.
900 2229 1179 2289 ΝΕΙΛΟΥ
1220 2230 1773 2289 ΣΧΟΛΑΣΤΙΧΟΥ.

921 2375 1001 2428 Εἰς
1028 2374 1186 2423 εἰκόνα
1218 2378 1299 2425 τοῦ
1331 2374 1635 2439 ἀρχαγγέλου.

499 2502 597 2569 Ὧς
624 2503 783 2582 θρασὺ
811 2506 1079 2583 μορφῶσαι
1108 2506 1193 2577 τὸν
1222 2505 1520 2581 ἀσώματον·
1551 2505 1686 2565 ἀλλὰ
1714 2504 1803 2565 καὶ
1831 2505 1984 2565 εἰκὼν

578 2594 629 2659 ἐς
658 2589 837 2671 νοερὴν
870 2595 1046 2668 ἀνάγει
1078 2598 1293 2667 μνῆστιν
1324 2592 1659 2673 ἐπουρανίων.

724 2762 819 2811 34.
869 2752 1199 2811 ΑΓΑΘΙΟΥ
1250 2753 1808 2813 ΣΧΟΛΑΣἸΊΚΟΥ.

946 2886 1025 2940 Εἰς
1050 2887 1133 2942 τὴν
1160 2885 1301 2966 αὐτὴν
1334 2887 1380 2934 ἐν
1407 2884 1585 2946 Πλάτῃ.

497 3013 749 3074 Ἅσκοπον
780 3014 1117 3092 ἀγγελίαρχον
1135 3059 1150 3085 ,
1182 3015 1457 3089 ἀσώματον
1488 3012 1612 3071 εἴδεϊ
1644 3018 1843 3092 μορ-ρ’ξς
1864 3057 1880 3088 ,

578 3094 612 3160 ἆ
640 3101 775 3178 μέγα
797 3101 1038 3176 τολμήεις
1064 3101 1217 3178 κηρὸς
1246 3099 1605 3158 ἀπεπλάσατο·

499 3189 666 3264 ἔμπης
692 3192 783 3247 οὐκ
809 3191 1112 3266 ἀχάριστον,
1139 3189 1248 3246 ἐπεὶ
1279 3188 1458 3266 βροτὸς
1481 3189 1648 3246 εἰκόνα
1676 3185 1903 3247 λεύσσων

577 3275 736 3350 Θυμὸν
763 3278 991 3334 ἀπιθύνει
1018 3279 1253 3354 κρέσσονι
1287 3276 1561 3352 φαντασίῃ·

498 3363 667 3424 οὐκέτι
692 3363 735 3420 δ’
768 3363 1193 3441 ἀλλοπρόσαλλον
1221 3361 1331 3439 ἔχει
1361 3361 1515 3426 σε’6ας
1533 3405 1550 3434 ,
1586 3361 1700 3418 ἀλλ’
1732 3364 1783 3420 ἕν
1814 3364 1986 3440 ἑαυτῷ

576 3449 661 3509 τὸν
688 3449 845 3508 τύπον
870 3449 1127 3528 ἐγγράψας
1154 3452 1223 3514 ὡς
1255 3450 1513 3524 παρεόντα
1542 3448 1739 3526 τρέμει·

498 3537 711 3613 ὄμματα
742 3539 788 3594 δ’
818 3538 1082 3615 ὀτρύνουσι
1114 3535 1270 3614 βαθὺν
1300 3537 1429 3595 νόον·
1460 3525 1565 3616 οἶδε
1588 3536 1639 3594 δὲ
1670 3537 1828 3617 τέχνη

572 3625 819 3710 χρώμασι
846 3629 1165 3703 πορθμεῦσαι
1190 3623 1283 3694 τὴν
1314 3623 1491 3704 φρενὸς
1519 3623 1743 3696 ἱκεσίην.

1018 3787 1106 3836 35.
1144 3790 1260 3834 ΤΟΥ
1296 3790 1506 3836 ΑΥΤΟΥ.

856 3921 935 3976 Εἰς
956 3920 1034 3968 τὸν
1058 3920 1197 3968 αὐτὸν
1221 3921 1268 3968 ἐν
1290 3926 1360 3982 τῷ
1389 3922 1649 3984 Σωσθενίῳ.

493 4048 719 4124 Καρικὸς
749 4047 1051 4123 Αἰμιλιανὸς
1073 4092 1090 4120 ,
1123 4048 1367 4120 Ἰωάννης
1396 4072 1451 4106 τε
1480 4049 1571 4108 σὺν
1609 4052 1787 4130 αὐτῷ,

575 4135 844 4213 Ῥουφῖνος
870 4137 1078 4216 Φαρίης
1095 4183 1110 4208 ,
1138 4135 1373 4212 Ἀγαθίης
1402 4137 1599 4210 Ἀσίης,

492 4222 734 4299 τέτρατον
753 4265 769 4294 ‚
801 4225 1142 4301 ἀγγελίαρχε,
1180 4223 1352 4300 νόμων
1382 4225 1680 4284 λυκάὸαντα
1709 4229 1980 4304 λαχόντες,

573 4309 791 4369 ἅνθεσαν
823 4313 892 4375 εἰς
919 4311 975 4370 σὲ
995 4355 1011 4382 ,
1042 4311 1247 4388 μάκαρ,
1273 4311 1365 4382 τὴν
1395 4311 1645 4390 σφετέρην
1674 4315 1895 4392 γραφίδα
1914 4360 1932 4391 ,

494 4401 753 4464 αἰτοῦντες
775 4399 862 4454 τὸν
889 4399 1067 4459 ἔπειτα
1096 4400 1252 4459 καλὸν
1285 4399 1484 4478 χρόνον·
1514 4401 1647 4459 ἀλλὰ
1676 4401 1882 4480 ιρανείης

572 4487 782 4550 ἐλπίδας
808 4485 983 4550 ἰθύνων
1017 4487 1297 4562 ἐσσομένου
1332 4487 1525 4566 βιότου.

1016 4647 1101 4696 36.
1141 4651 1256 4694 ΤΟΥ
1296 4650 1503 4697 ΑΥΤΟΥ.

496 4774 573 4829 Εἰς
610 4772 767 4821 εἰκόνα
800 4773 1043 4834 θεοὸὡρου
1063 4773 1365 4836 Ὶλλουστρίου
1408 4777 1487 4825 καὶ
1527 4777 1593 4832 δὶς
1634 4775 1899 4825 ἀνθυπάτου
1917 4814 1934 4839 ,
1979 4778 2024 4826 ἐν

616 4843 646 4904 ἦ
670 4845 925 4906 γέγραπται
952 4845 1079 4906 παρὰ
1110 4851 1191 4894 τοῦ
1232 4846 1521 4908 ἀρχαγγέλου
1558 4848 1801 4911 δεχόμενος
1823 4851 1907 4902 τὰς

1040 4913 1166 4968 ἀξίας
1190 4914 1236 4961 ἐν
1257 4914 1450 4976 Ἐφέσῳ.

492 5018 665 5086 Ἵλαῠι
693 5023 1003 5106 μοριρωθείς,
1035 5022 1339 5104 ἄρχάγγελε·
1371 5025 1435 5098 σὴ
1466 5027 1563 5110 γὰρ
1590 5028 1776 5099 ὀπωπὴ

2120 374 2344 424 Christus
2360 378 2410 425 et
2427 376 2547 424 meis
2569 374 2819 425 auxiliator
2845 376 2936 425 erit
2955 377 3194 440 operibus.

2121 461 2342 512 Christus
2365 462 2486 511 meis
2509 462 2752 511 laboribus
2777 463 3118 513 auxiliati-mem
3145 478 3344 514 manum
3365 469 3590 531 porrigat.

2121 547 2310 598 Christe
2326 586 2338 608 ‚
2359 551 2414 598 tu
2437 547 2556 597 mihi
2579 549 2743 598 mittas
2763 554 2907 600 tuum
2923 550 3386 603 valde-fortunatum
3404 556 3549 605 auxili
3554 571 3651 606 um.

2122 635 2333 697 Christe,
2364 639 2498 685 tuam
2525 636 2768 687 laboribus
2790 638 2912 687 meis
2929 639 3130 701 gratiam
3153 639 3256 703 ipse
3274 640 3536 705 impertire.

2701 784 2768 824 ³⁰.
2802 784 2852 825 ln
2873 782 3082 827 eundem.

2122 883 2312 934 Christe
2337 885 2445 933 felix
2464 923 2476 945 ‚
2503 883 2756 934 hominum
2776 887 2852 935 lux
2882 886 3190 950 incorrupta,
3220 901 3330 950 spes
3353 864 3654 948 cunctorum,

2124 971 2246 1020 bona
2267 975 2322 1022 tu
2342 972 2468 1021 dona
2489 973 2754 1036 egentibus,
2785 976 2834 1023 et
2858 988 2972 1036 quae
3003 989 3098 1024 non
3123 976 3246 1025 bona
3272 978 3439 1039 procul
3468 990 3634 1027 ποσει-

2483 1110 2551 1151 Sl.
2582 1112 2634 1151 ln
2657 1108 2974 1153 sanctissimam
2999 1110 3248 1164 Deiparam.

2124 1237 2525 1299 omnipotentem,
2550 1237 2727 1300 regina,
2751 1238 2866 1299 Dei,
2892 1240 3162 1303 progeniem
3184 1245 3338 1304 tuam,
3367 1242 3541 1303 tilium,

2123 1327 2276 1391 angeli
2305 1342 2448 1389 quem
2477 1331 2714 1388 tremunt,
2733 1328 2832 1378 tuis
2854 1330 3024 1391 palmis
3050 1336 3235 1393 tenens,

2125 1416 2408 1465 clementem
2434 1415 2579 1464 animi
2607 1415 2656 1463 iu
2676 1418 2901 1466 mortales
2925 1418 3152 1481 reddens,

2121 1506 2258 1553 tuere
2283 1516 2570 1551 conservans
2593 1501 2883 1553 incolumem
2906 1505 3143 1555 mundum
3163 1506 3457 1558 universum.

2498 1661 2564 1703 ³2.
2593 1661 2643 1703 tn
2673 1659 2984 1715 archangelum
3003 1662 3272 1707 nichaelem.

2122 1807 2212 1854 Hic
2240 1819 2618 1867 aerumnosorum
2638 1806 2848 1858 remedia
2878 1806 3040 1855 divina
3067 1807 3273 1869 reposita
3297 1812 3410 1858 sunt

2183 1893 2260 1941 vel
2288 1906 2461 1955 corpus
2487 1894 2561 1942 vel
2591 1896 2801 1945 mentem
2821 1894 3108 1943 afflictorum
3135 1896 3406 1945 mortalium
3428 1917 3440 1945 ι

2123 1980 2300 2029 etenim
2329 1980 2616 2029 contristans
2634 1980 2848 2031 laborum
2875 1984 3044 2031 natura
3071 1983 3320 2033 confestim
3345 1984 3464 2045 sugit

2181 2080 2352 2115 nomen
2381 2070 2516 2117 tuum
2532 2105 2544 2126 ‚
2573 2067 2773 2117 Michael
2795 2106 2807 2128 ‚
2829 2071 2912 2118 aut
2929 2069 3149 2131 effigiem,
3175 2073 3259 2120 aut
3283 2071 3468 2121 domos,

2542 2232 2620 2277 33.
2648 2228 2770 2277 ML!
2802 2230 3214 2279 scnoLAsTlcl.

2573 2372 2624 2416 ln
2643 2372 2873 2426 imaginem
2898 2373 3180 2428 Archangeli.

2123 2494 2276 2548 Quam
2303 2492 2460 2541 audax
2484 2493 2740 2543 informare
2772 2494 3130 2556 incorporeum!
3160 2496 3245 2545 sed
3270 2500 3319 2547 et
3346 2498 3501 2561 imago

2183 2582 2230 2630 in
2251 2582 2613 2632 intellectualem
2641 2582 2991 2632 sursum-ducit
3012 2584 3291 2633 memoriam
3317 2586 3607 2639 coelestium.

2471 2752 2547 2798 34.
2576 2750 2868 2797 AGATHIAE
2893 2750 3304 2799 scnoLAs'rch

2587 2888 2633 2930 ln
2652 2887 2838 2932 minden)
2859 2888 2974 2944 apud
3003 2890 3170 2936 Platon.

2120 3005 2410 3055 Invisibilem
2429 3005 2703 3068 angelorum
2729 3005 2919 3064 ducem,
2940 3006 3268 3070 incorporeum
3287 3011 3445 3072 specie
3464 3012 3662 3072 tonnae,

2179 3093 2266 3140 ali!
2296 3093 2435 3142 valdo
2465 3092 2622 3142 audax
2650 3107 2758 3144 cera
2783 3094 2986 3146 effinxit.
3419 3098 3663 3159 [intuens

2121 3181 2345 3228 Attamen
2363 3193 2461 3228 non
2484 3180 2683 3230 insuave
2701 3184 2792 3240 est,
2823 3180 3209 3243 quandoquidem
3237 3181 3380 3234 homo
3397 3185 3666 3248 iinnem

2178 3269 2387 3315 mentem
2417 3266 2578 3328 dirigit
2605 3268 2936 3329 praestantiore
2960 3269 3268 3331 cogitatione3

2119 3366 2208 3402 nec
2227 3352 2328 3414 jam
2353 3340 2624 3416 ambiguam
2653 3352 2798 3404 habet
2838 3356 3222 3418 venerationem,
3251 3359 3364 3416 sed,
3393 3360 3441 3409 in
3468 3374 3523 3410 se
3551 3363 3668 3426 ipso

2178 3440 2432 3503 imaginem
2457 3439 2706 3504 intingens,
2733 3444 2787 3491 ut
2809 3445 3098 3505 praesentem
3127 3446 3426 3504 retonnidat3

2119 3526 2338 3589 oculique
2362 3526 2562 3576 incitant
2590 3527 2877 3590 protundum
2904 3531 3116 3580 animum
3148 3552 3160 3581 z
3196 3533 3330 3582 novit
3357 3536 3518 3584 autem
3547 3549 3640 3586 ars

2181 3615 2416 3666 coloribus
2433 3618 2757 3668 transmittere
2786 3620 2962 3670 mentis
2987 3621 3371 3684 supplicationes.

2669 3802 2763 3851 35.
2809 3811 3109 3852 Esnsmm.

2383 3950 2435 3990 ln
2461 3945 2652 3992 eundem
2681 3941 3046 4002 (A'rchangeium)
3077 3949 3123 3992 in
3145 3949 3386 3994 sositienio.

2120 4054 2318 4102 carious
2346 4052 2643 4113 AEmilianus,
2672 4054 2971 4114 Joannesque
2997 4067 3106 4102 cum
3133 4055 3212 4104 illo
3229 4092 3242 4116 ‚

2179 4141 2381 4189 Rufinus
2403 4152 2472 4189 ex·
2485 4139 2656 4188 Pharia
2671 4178 2683 4200 ‚
2715 4141 2938 4202 Agathias
2969 4141 3159 4190 ex-Asia
3176 4180 3189 4201 ‚

2121 4230 2363 4290 quartum,
2392 4226 2699 4288 Archangele,
2730 4226 2888 4288 legum
2917 4239 3094 4276 annum
3127 4231 3344 4277 tenentes
3361 4265 3372 4286 ‚

2180 4317 2400 4368 dicarunt
2427 4315 2540 4376 tihi,
2570 4315 2725 4376 beate,
2767 4319 2902 4365 tuam
2927 4317 3104 4378 pictam
3130 4317 3400 4380 imaginem,

2119 4408 2369 4469 poscentes
2399 4405 2611 4454 futurum
2641 4402 2820 4452 bonum
2851 4406 3042 4466 tempus
3073 4424 3083 4452 ι
3112 4407 3258 4466 atque
3287 4419 3519 4468 appareas

2181 4505 2291 4554 spes
2312 4490 2521 4553 dirigens
2545 4490 2720 4543 suturae
2747 4489 2878 4540 vitm.
3567 4493 3574 4496 ·

2663 4657 2758 4707 36.
2805 4665 3098 4708 musonii.

2119 4799 2173 4840 ln
2191 4795 2425 4848 imaginem
2456 4793 2674 4838 Theodori
2697 4793 2883 4837 illustris
2909 4797 2953 4837 et
2971 4793 3040 4837 his
3071 4794 3366 4848 proconsulis,
3408 4805 3492 4847 qna
3527 4795 3681 4853 dem-

2249 4868 2348 4907 ctus
2376 4861 2459 4908 tuit
2477 4863 2533 4907 ab
2561 4863 2836 4918 archangelo
2857 4863 3078 4919 accipiens
3096 4862 3285 4916 insignia
3305 4861 3477 4918 Ephesi.

2121 5037 2357 5102 Propitius
2386 5042 2490 5089 esto
2519 5039 2825 5100 efformatus,
2855 5037 3168 5100 ‚archangele-3
3202 5039 3286 5086 tua
3312 5035 3437 5084 enim
3471 5034 3650 5087 facies
