3829 5747
311 223 449 312 xviij

309 367 607 441 exiguum.
641 363 800 424 Inter
831 365 952 423 haec
987 385 1166 441 quum
1204 366 1457 442 plurima
1495 377 1686 423 essent
1724 384 1856 443 quae

311 453 382 511 ad
418 454 768 532 populorum
807 471 901 511 res
937 464 1120 526 gestas
1141 495 1158 524 ,
1213 452 1284 509 ad
1323 463 1574 509 veterem
1613 451 1851 510 urbium

313 543 683 610 memoriam,
764 538 1248 615 singulorumque
1312 539 1614 596 hominurn
1673 540 1850 598 vitam

310 627 709 686 illustrandam
739 639 1093 685 momentum
1125 625 1436 698 haberent,
1485 625 1672 683 Graeci
1697 672 1714 698 ,
1753 646 1854 685 ve-

311 727 478 774 tustae
517 735 710 775 rerum
763 733 995 772 suarum
1047 713 1336 772 memoriae
1398 725 1854 791 perscrutatores

311 805 732 880 curiosissimi,
762 820 866 860 nec
889 800 1044 858 hunc
1073 802 1286 860 fontem
1315 800 1712 876 neglexerunt,
1747 819 1854 858 ex·-

311 891 702 967 stiteruntque
725 892 828 967 qui
847 887 1136 966 ejusmodi
1165 889 1580 966 epigrammata
1618 905 1693 945 ex
1731 888 1854 944 dis·

313 977 502 1054 persis
547 976 937 1036 monumentis
983 975 1355 1049 colligerent,
1405 974 1694 1049 simulque
1721 994 1853 1031 cum

312 1064 491 1141 ipsis,
543 1065 615 1123 ad
656 1083 788 1141 quae
821 1061 1220 1141 pertinebant,
1257 1059 1540 1139 operibus
1565 1061 1857 1137 descripta

311 1164 369 1208 et
407 1151 746 1209 adumbrata
785 1163 1103 1210 servarent.
1143 1149 1686 1207 Commemorantur
1732 1149 1859 1205 col-

312 1239 584 1300 lectiones
629 1240 801 1316 hujus
873 1237 1101 1312 generis
1128 1280 1144 1309 ‚
1207 1235 1438 1294 duobus
1478 1249 1610 1292 ante
1669 1255 1854 1292 :evum

313 1339 571 1384 nostrum
617 1325 842 1383 saeculis
871 1344 906 1382 a
945 1322 1258 1380 Polemone
1311 1322 1694 1392 concinnatae,
1740 1333 1856 1378 tum

217 1431 223 1438 ·
311 1413 555 1487 Alcetae,
601 1411 930 1469 Philochori
978 1422 1037 1467 et
1077 1411 1323 1468 aliorum
1351 1450 1368 1479 ,
1413 1427 1660 1484 quarum
1700 1408 1860 1465 nulla

313 1513 528 1557 aetatem
578 1499 744 1570 tulit,
788 1516 1136 1575 quamquam
1177 1497 1322 1554 satis
1377 1508 1463 1553 est
1509 1493 1791 1552 credibile
1826 1513 1859 1552 a

313 1586 636 1646 acrioribus
694 1601 812 1644 tum
862 1584 1156 1643 historicis
1206 1596 1323 1640 tum
1381 1581 1858 1656 Anthologiarum

315 1675 712 1734 conditoribus
762 1686 1118 1752 syntagmata
1169 1671 1477 1748 compilata
1522 1688 1627 1727 nec
1679 1689 1861 1747 pauca

313 1780 386 1818 ex
413 1762 508 1828 iis,
531 1763 770 1819 fortasse
786 1764 1002 1838 optima
1025 1778 1268 1836 quaeque
1285 1771 1343 1815 et
1365 1757 1854 1835 praestantissima,

313 1849 385 1906 ad
406 1869 512 1907 vos
539 1862 763 1906 servata
785 1861 841 1906 et
855 1859 1169 1926 propagata
1189 1865 1312 1904 esse
1327 1845 1414 1922 C).
1433 1845 1577 1902 Cum
1610 1845 1864 1901 maximo

313 1936 465 1992 enim
492 1937 784 1993 literarum
809 1934 1194 1992 emolumento
1225 1933 1433 1989 factum
1457 1943 1543 1988 est
1573 1943 1636 1988 ut
1655 1930 1864 1988 saeculo

315 2021 433 2079 sere
459 2035 590 2079 ante
616 2021 906 2079 Christum
937 2033 1131 2076 natum
1157 2018 1470 2079 Mamaea
1493 2016 1860 2088 Gadarenus,

323 2108 408 2165 vir
434 2109 772 2183 ingeniosus
799 2127 906 2165 nec
952 2120 1121 2183 poeta
1159 2106 1468 2163 mediocris
1487 2149 1504 2174 ,
1534 2124 1607 2162 ex
1634 2105 1864 2182 optimis

311 2196 506 2253 omnis
533 2198 638 2253 aevi
662 2196 851 2273 poetis
867 2194 1281 2270 epigrammata
1302 2193 1580 2266 deligeret
1607 2204 1777 2267 atque
1801 2192 1863 2250 in

317 2299 495 2338 unum
523 2301 735 2359 corpus
767 2281 1041 2339 conflaret
1057 2325 1074 2354 ,
1100 2279 1195 2338 cui
1217 2279 1469 2358 στεφάνου
1496 2279 1621 2337 sive
1647 2299 1867 2335 coronae

317 2369 546 2426 titulum
577 2369 730 2428 fecit.
754 2368 875 2425 Hoc
905 2368 1183 2442 elegantis
1209 2365 1512 2424 industriae
1533 2365 1862 2442 exemplum

318 2470 544 2514 centum
574 2456 742 2526 annis
771 2467 905 2534 post
934 2454 1194 2512 imitatus
1231 2466 1319 2512 est
1345 2452 1656 2510 Pinum-us
1679 2451 1730 2508 T
1735 2452 1864 2510 hes·

319 2543 727 2615 salonicensis,
772 2541 872 2619 qui
924 2553 983 2599 et
1021 2541 1146 2618 ipse
1177 2558 1240 2598 se
1290 2540 1352 2597 in
1395 2539 1866 2617 epigrammatica

317 2649 526 2705 genere
572 2649 702 2689 cum
759 2629 927 2688 laude
965 2628 1260 2699 exercuit,
1307 2646 1518 2684 novam
1567 2646 1642 2685 ex
1678 2627 1866 2704 poetis

317 2717 422 2793 qui
477 2728 611 2794 post
667 2715 1014 2793 Meleagrum
1059 2712 1490 2791 epigrammatis
1544 2711 1868 2770 scribendis

321 2823 552 2882 operam
598 2815 986 2875 navaverunt,
1027 2823 1282 2860 coronam
1329 2811 1656 2861 contexens.
1701 2797 1868 2857 Uter·

319 2910 434 2967 que
461 2893 874 2969 epigrammata
899 2891 963 2948 in
991 2888 1254 2947 ordinem
1282 2899 1513 2965 recepta
1551 2886 1867 2944 secundum

321 2979 490 3036 initia
516 2978 832 3056 disposuit,
861 2978 942 3035 ita
968 2989 1033 3033 ut
1059 2978 1352 3034 literarum
1377 2974 1640 3032 ordinem
1666 2990 1866 3049 seque-

324 3077 504 3133 retur,
547 3064 716 3141 cujus
743 3064 966 3122 ordinis
1005 3062 1312 3120 manifesta
1347 3071 1659 3137 supersunt
1686 3060 1866 3116 vesti-

323 3152 436 3224 gia.
522 3154 612 3207 An
642 3150 919 3227 temporis
951 3166 1182 3225 quoque
1209 3159 1267 3205 et
1309 3148 1492 3205 aetatis
1529 3158 1827 3223 poetarum
1848 3187 1866 3221 ,

321 3249 420 3294 aut
466 3250 936 3312 argumentorum
985 3233 1390 3293 similitudinis
1437 3231 1635 3290 habita
1681 3232 1757 3290 sit
1806 3232 1866 3290 in

323 3322 687 3402 disponendo
715 3324 868 3381 ratio
886 3366 904 3394 ,
933 3342 1090 3380 nunc
1116 3320 1349 3398 quidem
1383 3321 1739 3395 ignoramus,
1767 3336 1866 3376 ne·

324 3429 438 3487 que
469 3424 656 3469 tamen
700 3408 1002 3489 probabile
1035 3421 1124 3467 est
1154 3408 1274 3487 (*').
1331 3408 1596 3466 Ceterum
1628 3418 1870 3483 uterque

325 3500 714 3558 collectionem
748 3518 909 3558 suam
949 3498 1276 3581 auspicatus
1319 3508 1405 3554 est
1449 3494 1737 3573 prooemio
1757 3536 1775 3564 ,
1807 3493 1868 3550 in

325 3607 479 3665 quo,
511 3586 667 3665 quod
697 3584 948 3664 στεφάνου
991 3585 1112 3644 sive
1138 3604 1354 3641 corona.»
1394 3600 1605 3640 nomen
1633 3594 1692 3639 et
1719 3582 1869 3638 ratio

325 3672 754 3751 quodammodo
804 3671 1129 3750 postulabat
1148 3716 1164 3747 ,
1191 3705 1202 3715 ·
1229 3670 1444 3746 singuli
1493 3681 1679 3747 poetae
1739 3688 1868 3726 cum

325 3761 572 3836 singulis
601 3761 842 3819 floribus
878 3760 1166 3837 plantisve
1191 3768 1613 3835 comparantur.

408 3851 492 3906 Ac
517 3848 579 3907 hi
609 3849 842 3925 quidem
869 3846 1317 3921 Florilegiorum
1347 3844 1677 3903 conditores
1712 3842 1870 3899 anti-

329 3934 600 4011 quissimi
625 3936 773 3995 nulli
805 3935 1278 4013 epigrammatum
1309 3933 1506 4008 generi
1527 3951 1649 4010 prae
1671 3932 1873 3988 ceteris

317 4012 568 4089 lavisse,
599 4021 822 4079 nullum
852 4022 923 4079 de
945 4025 1155 4077 coronis
1175 4020 1297 4077 suis
1323 4018 1637 4076 exclusisse
1665 4015 1872 4073 videu-

330 4119 459 4178 tur3
504 4107 604 4165 sed
657 4127 1034 4185 quaecumque
1095 4107 1274 4181 digna
1323 4105 1681 4163 censuissent
1729 4115 1795 4161 ut
1841 4121 1874 4159 a

329 4197 576 4270 posteris
599 4196 943 4271 legerentur,
965 4214 1034 4253 ea
1050 4196 1176 4255 sine
1196 4194 1516 4270 argumenti
1537 4192 1876 4252 discrimine

330 4282 763 4359 adoptaverant.
877 4280 1083 4342 Postea
1121 4296 1308 4341 autem
1369 4281 1547 4340 secuti
1599 4292 1732 4338 sunt
1771 4279 1876 4355 qui

393 4496 463 4557 (⁴¹)
500 4492 601 4559 [De
629 4509 727 4559 qua
757 4510 808 4547 re
833 4497 975 4547 docte
996 4500 1046 4547 et
1069 4498 1262 4561 copiose
1295 4494 1393 4559 egit
1419 4495 1690 4555 Heckerus,
1726 4496 1873 4545 Com·

331 4567 531 4614 mentat.
552 4565 660 4615 crit.
682 4565 728 4615 in
753 4565 946 4615 Anthol.
967 4569 1104 4629 parte
1120 4567 1276 4629 prima
1299 4581 1347 4629 p.
1369 4572 1429 4614 66
1449 4564 1616 4628 seqq]

393 4636 491 4699 (**)
521 4635 710 4699 [Atque
728 4650 880 4685 unum
892 4641 1158 4699 agnoscunt
1170 4637 1521 4700 alphabeticum
1538 4650 1685 4698 quem
1707 4636 1878 4688 dicunt

331 4704 549 4754 ordinem
578 4706 837 4755 Passovius
876 4710 1164 4763 Quoeste‘one
1197 4707 1264 4755 dc
1291 4708 1514 4769 ves-{tylis
1547 4710 1878 4757 Coronarum

333 4774 584 4837 Meoeaqrc'
623 4778 674 4825 et
711 4773 946 4837 Philippa·
987 4778 1043 4825 in
1070 4773 1377 4837 Anlltoloqia
1417 4778 1744 4825 Constantini
1783 4780 1876 4825 Ce-

332 4842 526 4905 phaloe,
563 4846 758 4895 vratisl.
792 4848 925 4906 1827,
954 4848 1005 4893 et
1032 4844 1329 4907 Weigaudus
1365 4848 1436 4893 Dee
1459 4846 1686 4904 fontibus
1710 4848 1761 4893 ct
1792 4859 1877 4893 or-

333 4914 456 4963 dine
503 4915 816 4977 autholoyiae
863 4914 1212 4977 &phalari-ae,
1256 4914 1306 4963 in
1351 4917 1521 4965 Museo
1559 4917 1786 4964 Rhenano
1830 4931 1875 4967 a.

342 4988 475 5046 1845,
501 5000 548 5048 p.
581 4990 660 5034 161
691 4998 848 5048 seqq,
880 4990 962 5035 541
998 4998 1156 5047 seqq.·‚
1183 4998 1227 5033 a.
1255 4988 1388 5045 1847,
1419 4999 1465 5046 p.
1499 4988 1587 5033 276
1611 4987 1754 5048 sqq]

2022 156 2047 204 ῠ

1743 233 1778 293 J
1782 233 1926 302 Aco
1934 234 2071 294 BSII

1944 365 2263 441 argumenti
2300 367 2524 424 ratione
2568 366 2765 425 habita
2808 369 3279 446 epigrammatum
3330 369 3486 427 sace-

1946 466 2073 511 rent
2101 453 2400 514 delectum.
2492 453 2709 512 Horum
2746 473 2929 524 unus,
2981 455 3203 513 Sumo
3241 455 3484 514 Sardia-

1946 559 2093 608 nus,
2128 539 2301 596 homo
2342 541 2609 616 nequiter
2635 541 3009 615 ingeniosus,
3030 541 3129 600 sed
3154 553 3324 620 poeta
3368 542 3485 600 ele-

1946 645 2118 702 gans,
2174 627 2463 704 secundo,
2508 639 2571 684 ut
2608 628 2863 698 videtur,
2912 641 3044 706 post
3082 629 3223 689 Chr.
3277 630 3487 688 saeculo

1946 725 2221 783 exeunte,
2253 714 2408 790 turpi
2431 714 2677 772 consilio
2716 733 2789 772 ex
2828 715 3102 790 Meleagri
3140 729 3197 774 et
3222 716 3485 795 Philippi

1944 806 2155 856 coronis
2194 817 2262 856 ea
2301 801 2589 878 excerpsit
2627 820 2756 877 quae
2782 802 2855 860 ad
2902 821 3209 882 puerorum
3261 822 3488 860 amores

1947 898 2299 963 spectarent,
2361 887 2653 964 multaque
2722 888 2795 945 de
2844 889 2995 959 suis,
3046 888 3482 966 antiquioribus

1946 974 2066 1032 illis
2092 973 2245 1031 haud
2269 974 2465 1051 paullo
2490 974 2900 1049 flagitiosiora,
2956 975 3281 1036 admiscuit.
3322 975 3491 1033 Hunc

1947 1060 2209 1119 libellum
2229 1101 2248 1130 ,
2276 1079 2405 1117 cum
2432 1059 2770 1119 Philaenidis
2796 1062 3036 1119 sortasse
3062 1075 3120 1119 et
3159 1060 3492 1137 Elephanti·

1948 1148 2041 1205 dis
2088 1146 2323 1204 famosis
2358 1146 2667 1224 operibus,
2710 1169 2840 1206 curn
2882 1146 3133 1207 Lusibus
3173 1148 3488 1226 Priapeiis,

1948 1247 2004 1294 et
2030 1235 2232 1312 paucis
2264 1233 2395 1292 aliis
2418 1235 2779 1311 antiquitatis
2804 1235 3061 1312 ejusdem
3094 1235 3293 1293 sarinae
3322 1234 3494 1293 libris

1950 1321 2433 1398 comparandum,
2481 1341 2515 1380 a
2556 1323 2977 1381 recentioribus
3012 1336 3199 1380 autem
3242 1335 3300 1379 et
3339 1322 3492 1380 chri·

1949 1409 2154 1466 stianis
2198 1407 2534 1467 hominihus
2585 1409 2755 1483 longe
2795 1410 3082 1486 longeque
3135 1422 3493 1486 superatum,

1952 1497 2172 1555 Μοῦσαν
2222 1493 2470 1565 παιδικὴν
2530 1497 2831 1576 inscripsit
2879 1520 2893 1556 :
2952 1517 3082 1575 quae
3136 1497 3495 1576 propudiosa

1955 1583 2221 1643 collectio
2264 1582 2531 1660 periisset
2580 1584 2697 1642 nisi
2747 1584 3095 1643 christianus
3146 1583 3322 1642 homo
3370 1586 3495 1657 ejus

1951 1669 2169 1741 aetatis,
2218 1687 2389 1745 quam
2445 1669 2619 1728 hodie
2671 1671 2938 1730 nonnulli
2980 1670 3153 1728 nobis
3200 1683 3495 1746 tamquam

1952 1757 2143 1814 omnis
2161 1757 2511 1833 incorruptae
2538 1745 2839 1832 religionis
2865 1757 3056 1816 sedem
3078 1758 3140 1814 in
3168 1757 3495 1835 exemplum

1952 1857 2288 1921 proponunt
2307 1886 2323 1914 ,
2358 1861 2482 1901 eam
2514 1863 2642 1901 cum
2672 1844 2970 1901 christiani
2998 1845 3318 1919 argumenti
3366 1865 3499 1920 poe-

1955 1933 2123 1989 matis
2150 1930 2512 2006 conjunctam
2541 1943 2599 1987 et
2625 1930 3051 2006 quodammodo
3089 1931 3500 1989 circumvalla-

1954 2030 2067 2075 tam
2110 2031 2392 2076 servasset
2430 2017 2515 2094 (Ἴ.
2563 2017 2869 2077 Honestius
2914 2018 3215 2076 consilium
3274 2031 3500 2076 secutus

1954 2105 2246 2164 Dtoomzs
2310 2109 2622 2180 Luta-rius,
2693 2105 2954 2162 vitarum
3018 2105 3499 2183 philosophorum

1955 2193 2225 2269 scriptor,
2272 2211 2338 2248 ea
2376 2192 2741 2268 potissimum
2785 2195 3227 2268 epigrammata,
3270 2211 3399 2268 quae
3428 2192 3503 2249 ad

1955 2277 2336 2355 philosophos
2363 2290 2717 2355 spectarent,
2757 2279 2984 2353 collegit
3022 2291 3080 2335 et
3110 2279 3172 2336 in
3217 2280 3501 2356 peculiari

1957 2365 2111 2423 libro
2158 2365 2442 2424 condidit.
2494 2367 2577 2422 De
2608 2385 2723 2442 qua
2768 2365 3108 2424 collectione
3139 2367 3189 2424 si
3233 2366 3503 2443 judicare

1963 2453 2097 2511 licet
2122 2470 2196 2510 ex
2221 2453 2299 2510 iis
2326 2471 2455 2528 quae
2485 2453 2767 2528 Diogenes
2793 2452 2929 2509 inde
2949 2453 3010 2508 in
3029 2451 3177 2511 Vitis
3204 2455 3501 2526 excitavit,

1958 2540 2131 2616 longe
2178 2539 2427 2596 maxima
2468 2559 2603 2616 pars
2648 2539 2777 2615 ejus
2816 2539 3223 2597 continebatur
3285 2541 3503 2618 ineptis

1956 2639 2014 2684 et
2038 2625 2258 2704 jejunis
2300 2627 2488 2704 ipsius
2517 2627 2914 2702 compilatoris
2960 2627 3296 2704 poematiis,
3332 2631 3507 2686 vario

1960 2727 2273 2772 metrorum
2310 2733 2520 2789 genere
2549 2713 2894 2790 conscriptis
2913 2759 2931 2788 ,
2962 2714 3117 2772 unde
3148 2728 3327 2772 totum
3354 2715 3505 2774 illud

1956 2813 2256 2880 syntagma
2281 2800 2605 2879 Παμμέτρου
2636 2801 2805 2858 titulo
2835 2802 3129 2878 inscripsit
3158 2802 3293 2881 (**).

2037 2887 2332 2947 Proximis
2354 2889 2579 2947 saeculis
2610 2887 2689 2945 ob
2728 2890 2995 2947 miseram
3035 2890 3273 2949 Graeciae
3300 2891 3504 2949 condi·

1959 2974 2173 3033 tionem
2202 2977 2461 3053 aliasque
2484 2975 2562 3033 ob
2590 2994 2817 3045 causas,
2849 2995 2995 3051 quas
3026 2974 3120 3033 hic
3155 2994 3505 3035 commemo-

1958 3080 2091 3119 rare
2132 3061 2279 3119 nihil
2326 3063 2561 3134 attinet,
2627 3062 2879 3120 studium
2945 3082 3185 3140 poeseos
3236 3062 3504 3137 refrixit,

1958 3149 2145 3207 donec
2169 3149 2403 3225 imperii
2450 3148 2585 3207 sede
2628 3149 2967 3225 Byzantium
3012 3149 3306 3219 translata,
3342 3150 3506 3208 Grae·

1959 3236 2158 3312 cisque
2182 3235 2369 3294 literis
2402 3247 2519 3293 tum
2568 3237 2629 3294 in
2657 3234 3071 3314 Imperatorum
3100 3236 3255 3311 aula,
3286 3250 3406 3294 tum
3444 3240 3511 3295 in

1962 3321 2095 3380 aliis
2120 3323 2291 3380 etiam
2336 3322 2500 3380 orbis
2548 3322 2793 3381 Romani
2823 3323 3087 3401 partibus
3128 3343 3283 3381 novo
3311 3328 3509 3402 splen-

1962 3407 2103 3467 dore
2126 3408 2473 3467 collustratis
2493 3452 2509 3478 ,
2536 3408 2715 3466 Musae
2736 3428 2966 3487 quoque
3006 3428 3080 3467 ex
3104 3410 3221 3467 alto
3260 3409 3513 3469 duorum

1959 3496 2079 3553 fere
2147 3497 2485 3554 saeculorum
2559 3516 2771 3574 sopore
2844 3498 3081 3554 excitari
3176 3510 3505 3575 coeperunt.

1962 3580 2194 3640 Exstitit
2222 3596 2338 3640 tum
2361 3626 2379 3656 ,
2409 3584 2615 3659 quinto
2645 3596 2709 3641 ut
2734 3583 2965 3641 videtur
3002 3585 3217 3641 saeculo
3246 3585 3511 3657 ineunte,

1966 3666 2197 3725 Nomius
2249 3668 2736 3745 Panopolitanus,
2791 3670 2883 3727 vir
2950 3670 3346 3740 admirabilis,
3400 3672 3507 3748 qui

1964 3758 2153 3833 spisso
2189 3757 2671 3833 Dionysiacorum
2718 3776 2891 3836 opere
2927 3776 3158 3816 omnem
3200 3758 3512 3816 Bacchica·-

1962 3862 2088 3901 rum
2115 3842 2433 3902 fabularum
2460 3844 2800 3918 farraginem
2820 3844 3245 3919 elegantissima
3270 3844 3506 3921 quidem

1962 3930 2225 3987 oratione
2248 3971 2265 4001 ,
2304 3930 2405 3988 sed
2444 3929 2777 3990 incredibili
2807 3932 3150 4007 loquacitate
3194 3933 3509 4007 congessit.

2025 4090 2091 4153 (⁴⁵)
2132 4090 2456 4153 Reperiuntur
2496 4089 2579 4141 hic
2614 4091 2712 4142 iuic
2744 4090 2796 4140 in
2830 4090 3132 4142 bibliothecis
3176 4090 3287 4141 libri
3335 4102 3511 4142 manu·

1965 4158 2135 4221 scripti
2159 4160 2246 4223 qui
2265 4160 2402 4209 initio
2418 4164 2469 4211 et
2487 4160 2583 4210 fine
2612 4160 2854 4212 orationes
2872 4174 3037 4211 sacras
3053 4197 3067 4223 ,
3095 4174 3281 4225 preces,
3310 4164 3510 4211 contro·

1963 4229 2147 4279 versias
2172 4232 2223 4279 et
2246 4228 2419 4279 similia
2442 4232 2674 4289 offerunt,
2702 4231 2754 4279 in
2776 4230 2935 4280 media
2958 4231 3035 4280 sui
3062 4234 3199 4294 parte
3227 4232 3395 4280 autem
3416 4230 3513 4279 im-

1963 4298 2045 4361 pia
2066 4300 2117 4347 et
2145 4298 2378 4359 obscena,
2415 4298 2597 4349 similes
2622 4299 2723 4349 Nisi
2757 4300 2869 4349 filim
2896 4314 3104 4364 superne
3146 4300 3394 4361 formosat,
3421 4300 3511 4349 sed

1964 4366 2195 4417 candida
2211 4371 2481 4418 succinctae
2507 4369 2821 4420 latrantibus
2844 4372 3063 4433 inquina
3090 4372 3352 4419 monstris.

2028 4435 2123 4499 (**)
2154 4436 2278 4499 [Sed
2297 4437 2346 4485 in
2362 4438 2665 4489 Constantini
2692 4438 2919 4502 cephalos
2942 4439 3230 4503 Anthologia
3260 4450 3412 4501 quam
3434 4441 3515 4488 te·
3578 4444 3583 4449 “

1966 4519 2139 4556 nemus
2156 4544 2170 4567 ,
2198 4505 2331 4556 haud
2348 4508 2502 4557 ullum
2532 4507 2793 4571 vestigium
2820 4511 3010 4558 certum
3036 4507 3239 4557 inveniri
3266 4512 3346 4564 τῆς
3372 4510 3511 4568 ΙΙαμ-

1966 4575 2963 4706 &Stagfflzsszzffizttss‘2335&ss
2991 4574 3513 4708 Esei‘ssiossss‘lssffdgffi

1968 4711 2191 4776 Meleagri
2236 4715 2288 4762 et
2328 4712 2535 4777 Philippi
2592 4715 2795 4765 Coronis
2834 4719 3069 4777 tanquam
3120 4715 3510 4778 supplementum

1968 4781 2155 4830 addidit
2190 4795 2301 4843 quae
2328 4787 2440 4845 post
2464 4784 2573 4832 illos
2598 4784 2661 4832 ad
2692 4782 2919 4833 Hadriani
2958 4784 3037 4831 vel
3077 4783 3306 4833 Antonini
3350 4797 3511 4845 usque

1967 4852 2187 4911 tempora
2206 4852 2385 4913 scripta
2410 4854 2550 4901 eraut
2579 4852 2947 4914 epigrammata,
2968 4852 3242 4912 praesertim
3272 4853 3507 4913 satyrica,

1969 4919 2104 4967 velut
2130 4920 2342 4982 Lucillii,
2376 4922 2600 4982 Luciani,
2634 4921 2737 4983 ipse
2773 4932 2969 4983 quoque
3006 4919 3255 4971 literarum
3290 4922 3508 4972 ordinem

1970 4993 2185 5037 secutus.
2215 4991 2337 5041 Vide
2359 4992 2608 5053 Weigand.
2640 5006 2685 5052 p.
2710 4998 2798 5039 552
2826 4990 2993 5051 seqq]
