3829 5747
1359 184 1434 245 IN
1479 184 1725 244 CAPUT
1765 182 1864 243 vn
1914 182 2364 245 ANNOTATIO.

245 318 286 376 β
309 318 506 369 lineola
529 316 790 377 transfixa)
817 318 954 365 πλέον
987 314 1128 371 Cod.·.
1168 316 1286 365 ὅλων
1319 316 1452 365 Plan.
1488 334 1513 359 ιι
1541 316 1700 366 Ὄλων
1734 326 1826 377 pro

241 386 463 436 adv-tm
477 387 680 436 tractavi
706 386 769 435 ad
788 384 1058 449 Theophyl.
1081 385 1259 435 Simoc.
1291 399 1342 449 p.
1370 388 1480 435 232.
1507 402 1531 427 ν
1570 388 1626 434 Β.
1649 386 1754 433 Jac.
1775 382 1826 433 in

241 458 404 506 nott.
433 470 545 505 mss.
589 456 708 506 citat
743 455 951 506 Lobeck.
996 454 1058 505 ad
1103 456 1232 518 Ajac.
1273 470 1320 518 p.
1367 458 1458 503 440
1501 453 1579 503 ed.
1626 466 1725 501 sec.
1767 476 1828 487 -

245 530 304 573 8.
357 525 651 589 Hujusmodi
691 524 922 575 hiatuum
958 524 1182 586 exempla
1223 524 1417 588 collegit
1457 524 1652 573 Jooebs.
1697 520 1822 573 Add.

246 608 310 656 p-
343 610 468 645 axii.
497 596 728 657 Sequenti
745 594 912 645 versui
929 593 1230 655 adscriptum
1257 594 1432 643 lemma
1459 607 1472 637 τ
1499 596 1564 651 εἰς
1583 596 1662 644 τὸν
1685 594 1824 643 αὐτὸν

247 666 496 723 Ἰωάννην
537 671 622 714 τοῦ
653 666 798 714 αὑτοῦ
839 667 1100 729 Σωφρονίου
1143 666 1445 729 πατριάρχου.
1489 690 1552 701 -
1585 667 1635 713 11
1669 663 1826 720 πτόλις

249 735 422 795 cod„
453 734 604 785 etiam
631 734 867 785 salmasio
897 738 1052 792 teste3
1083 734 1212 790 πόλις
1231 748 1397 799 apogr.
1431 734 1584 784 Paris.
1607 737 1659 785 et
1685 735 1821 784 Plau.

255 830 332 840 —
367 812 437 855 12.
467 806 738 869 ἀρειοτάτης
761 804 1059 865 Brunckius3
1090 804 1358 865 ἀρειοτάτας
1385 804 1529 865 Cod.;
1563 804 1824 869 ἁρειότατος

255 874 408 924 Plan.

329 1014 592 1063 metm.
631 1014 833 1062 Lemma
872 1028 883 1057 :
928 1015 992 1069 el:
1028 1014 1107 1062 τὸν
1143 1014 1283 1063 αὐτὸν
1319 1011 1534 1071 Ἰωάννην
1565 1010 1825 1074 samem,

250 1084 575 1147 πατριάρχου.
601 1108 664 1118 -
693 1088 710 1131 1
745 1080 920 1145 ἱερείων
956 1080 1069 1132 edd.
1093 1081 1390 1132 recentiores
1413 1082 1570 1143 Plan,
1601 1081 1743 1131 male.
1763 1106 1827 1117 -

251 1160 290 1203 3
321 1156 510 1213 ἄφθιτον
539 1154 680 1217 ἔσχεν
717 1154 872 1213 Plan„
905 1173 930 1196 κ
957 1154 1154 1203 omnino
1171 1153 1312 1203 male.
1345 1156 1528 1203 Sensus
1545 1154 1622 1202 est
1653 1174 1665 1200 ι
1696 1149 1828 1200 Obiit

252 1226 478 1273 Joannes
511 1224 565 1273 et
589 1223 812 1286 sepultus
838 1225 946 1281 est3
983 1236 1160 1287 corpus
1187 1222 1317 1273 enim
1339 1222 1550 1273 habebat
1575 1221 1822 1281 mortale,

249 1306 566 1356 quamquam
600 1306 732 1341 nunc
771 1293 1126 1343 immortalem
1159 1292 1420 1343 habiturus
1455 1296 1535 1343 est
1575 1292 1746 1350 vitam,
1774 1296 1825 1342 et

251 1362 384 1413 dum
419 1363 648 1422 viveret,
672 1361 967 1413 immortalia
987 1363 1117 1413 sacta
1141 1363 1344 1426 peregit.
1369 1384 1392 1407 ι»
1413 1365 1526 1413 Jac.
1561 1388 1620 1397 —
1647 1366 1676 1412 4
1705 1363 1826 1412 κατὰ

252 1434 424 1495 χθονὸς
443 1434 564 1497 §itm
591 1432 736 1493 0011..
752 1432 962 1483 alterum
983 1434 1116 1483 Plan.

323 1571 620 1620 ncnxxxt.
668 1571 870 1619 Lemma
903 1584 914 1615 :
957 1571 1021 1625 εἶς
1056 1571 1270 1619 Γέσσιον·
1304 1566 1594 1617 reflamus.
1635 1586 1660 1609 α
1700 1568 1826 1617 Sunt

249 1646 372 1691 octo
397 1640 757 1703 epigrammata
774 1641 1023 1689 οκωπτικὰ
1037 1639 1090 1689 111
1109 1638 1339 1688 Gessium
1358 1636 1602 1700 quendam
1625 1637 1821 1701 scripta,

253 1711 342 1771 qui
367 1708 513 1759 vanis
532 1708 830 1758 hariolorum
856 1707 1107 1770 promissis
1153 1706 1400 1756 adductus
1432 1704 1493 1756 ad
1517 1707 1824 1756 consulatum

253 1780 615 1845 adspiraret-at.
640 1786 750 1841 Qua
767 1782 830 1833 de
853 1796 938 1846 spe
951 1794 1126 1845 ,quam
1147 1782 1330 1829 temere
1343 1777 1505 1827 animo
1521 1780 1821 1839 conceperat,

255 1852 438 1903 misere
447 1853 694 1917 dejectum
705 1852 1106 1903 Palladasacriter
1115 1849 1412 1913 perstringit.
1425 1851 1700 1911 Opsopoeus
1708 1863 1826 1898 eun-

253 1920 372 1971 dem
385 1936 498 1972 esse
509 1922 711 1985 putabat
727 1934 877 1985 quem
891 1920 1067 1971 Suidas
1081 1921 1140 1983 (s.
1157 1919 1230 1981 v.)
1243 1933 1306 1969 ex
1321 1918 1578 1967 Damascio
1589 1918 1823 1968 eximium

255 1993 512 2043 medicum
543 1992 964 2057 (ἰατροσοφιοτὴν)
1013 1990 1166 2041 fuisse
1209 1993 1259 2040 et
1297 1988 1362 2039 ad
1405 1988 1614 2038 honores
1649 2002 1821 2051 perve-

257 2064 398 2113 nisse
425 2066 608 2114 narrat.
628 2067 810 2113 Verum
841 2062 886 2113 is
904 2065 1094 2113 Zenone
1113 2062 1383 2124 imperante
1399 2097 1412 2120 ,
1433 2074 1478 2109 a.
1503 2064 1595 2109 474
1623 2059 1689 2108 ad
1711 2063 1822 2113 491,

257 2134 458 2195 floruit,
495 2148 650 2197 quum
682 2132 905 2183 Palladas
939 2133 1140 2183 ineunte
1166 2130 1246 2180 vix
1282 2131 1466 2181 soeculo
1505 2130 1679 2193 quinto
1705 2129 1823 2179 scri-

257 2204 436 2266 pserit.
464 2226 488 2249 ν
519 2208 646 2256 Jac.
670 2231 735 2242 —
771 2207 814 2253 1.
839 2224 862 2246 ι
888 2203 1048 2253 Schol.
1083 2201 1278 2252 Wech.:
1307 2202 1608 2263 συνεπεδήμει
1641 2201 1730 2262 γὰρ
1755 2206 1824 2263 τῷ

275 2276 491 2335 βασιλεῖ,
537 2280 676 2338 τιμῆς
694 2276 776 2323 καὶ
805 2272 1008 2335 μείζονος
1032 2274 1104 2322 ἀεὶ
1126 2272 1234 2335 παρ’
1255 2270 1400 2319 αὑτοῦ
1421 2276 1578 2332 τυχεῖν
1603 2271 1819 2330 νομίζων.

255 2372 325 2380 -
347 2352 396 2395 2.
423 2345 746 2406 Χωλός,οοη1’.
762 2357 838 2407 ep.
859 2347 968 2401 686,
991 2350 1036 2393 2.
1057 2364 1082 2387 ι»
1107 2343 1169 2391 B.
1193 2367 1253 2378 -
1271 2345 1318 2391 3.
1340 2360 1364 2384 ιι
1389 2340 1540 2398 Quasi
1562 2339 1655 2389 sihi
1668 2340 1824 2391 tatum

255 2416 416 2465 etiam
444 2414 613 2465 invitis
651 2414 816 2465 Parcis
851 2414 1192 2465 accelerasset.
1218 2431 1244 2457 υ
1275 2414 1438 2463 fluet.
1481 2412 1677 2475 Duplici
1707 2412 1824 2462 lusu

259 2485 486 2534 Grotius.

321 2606 642 2655 ncnxxxn.
679 2607 912 2655 Lemma·
941 2606 1006 2659 εις
1028 2603 1108 2652 τὸν
1127 2602 1267 2651 αὐτὸν
1291 2576 1484 2664 ὁμοίως

321 2742 661 2790 Dcnxxxnt.
699 2742 901 2789 Lemma
926 2756 938 2787 ι
967 2739 1034 2795 εἰς
1076 2738 1286 2787 Γέσσιον·
1317 2734 1608 2786 σκωπτικόν.
1637 2738 1824 2786 lterum

263 2813 444 2877 legitur
461 2812 513 2861 in
526 2810 707 2860 Codice
733 2810 859 2859 infra
877 2810 930 2859 in
957 2812 1269 2867 Σκωπτικοῒς,
1291 2810 1371 2867 XI,
1395 2808 1508 2870 post
1534 2818 1611 2868 ep.
1633 2811 1741 2856 282.
1764 2834 1825 2843 —

265 2892 285 2933 1
325 2887 356 2933 ό
387 2886 650 2946 σοφώτερος
670 2882 790 2932 Cod.
821 2883 978 2932 altero
995 2882 1122 2940 loco,
1149 2879 1229 2931 ed.
1253 2880 1479 2943 princeps
1508 2878 1641 2927 Plan.
1673 2880 1724 2927 ct
1751 2878 1825 2928 Al·

261 2956 386 3004 dina
405 2955 577 3017 prima,
604 2955 867 3016 sequentes
908 2952 1193 3012 σοφώτατος.
1229 2971 1252 2992 u
1284 2951 1444 3010 Μηδὲν
1463 2949 1604 3010 ἄγαν,
1641 2946 1703 2996 de
1733 2947 1825 2997 hac

260 3026 506 3075 sententia
532 3019 644 3073 vide
674 3026 774 3074 not.
797 3022 862 3072 ad
889 3025 951 3082 V,
977 3035 1053 3085 ep.
1080 3025 1187 3072 299.
1218 3043 1242 3064 υ
1285 3025 1344 3072 Β.
1377 3021 1580 3070 Dictum
1605 3019 1688 3068 alii
1719 3019 1826 3068 aliis

261 3095 560 3150 tribuebant,
595 3097 651 3143 ut
679 3093 886 3153 Pittaco,
929 3092 1142 3151 Chiloni,
1186 3091 1377 3151 Soloni,
1414 3091 1476 3141 de
1499 3090 1678 3153 quibus
1706 3089 1825 3140 dili-

259 3177 448 3234 genter,
473 3175 530 3222 ut
551 3172 692 3228 solet,
709 3169 1000 3221 Leutschius
1020 3171 1069 3218 in
1097 3168 1442 3232 Paroemiogrr.
1465 3168 1560 3217 vol.
1589 3170 1650 3226 ll,
1669 3181 1716 3230 p.
1742 3172 1824 3216 80-

259 3249 348 3292 82.
373 3269 434 3278 --
462 3239 492 3291 2
527 3242 652 3290 τοῦτ’
683 3241 840 3290 altero
861 3239 970 3288 loco
994 3239 1135 3297 Cod.,
1167 3240 1302 3288 Plan.
1335 3266 1396 3277 —
1424 3243 1474 3288 3.
1517 3259 1538 3280 κ
1576 3240 1710 3287 More
1735 3251 1826 3288 suo

261 3311 487 3360 Palladas
506 3310 717 3372 syllabas
743 3323 998 3372 aucupans
1027 3309 1154 3358 ludit
1180 3309 1231 3359 in
1258 3309 1414 3368 λόγιος
1435 3311 1486 3358 et
1511 3309 1824 3369 ἀλογώτατον,

259 3395 477 3438 quorum
504 3379 629 3429 illud
663 3377 940 3429 eruditum
967 3379 1209 3442 significat
1239 3383 1292 3429 et
1324 3379 1574 3430 hominem
1615 3377 1826 3441 pruden-
1863 3363 1868 3418 Ι
1912 3359 2031 3408 00¹¹·
2063 3360 2213 3409 altem
2235 3359 2369 3418 ¹⁰⁰⁰'s
2396 3359 2686 3423 προσεφώνεε
2718 3360 2875 3420 Plan„
2907 3381 2929 3403 “

3340 186 3450 244 501

1911 314 2099 364 Iterum
2124 313 2300 377 legitur
2334 312 2460 363 infra
2485 313 2519 364 1.
2548 326 2590 363 c.
2636 338 2697 349 —
2734 317 2751 363 1
2781 313 2965 372 ζητήσει
3004 312 3125 361 cod.
3161 313 3257 373 hic,
3288 316 3462 376 ζητήσῃ

1912 382 2055 445 infra,
2098 384 2367 445 eademque
2398 382 2607 433 varietas
2644 382 2695 433 iu
2725 383 2863 433 Plan.
2909 402 2933 426 a
2955 382 3149 435 Pindari
3194 386 3431 433 sententia
3448 422 3461 445 ,

1913 454 2181 514 monentis,
2214 455 2278 515 μὴ
2302 455 2511 515 ματεύσῃ
2538 454 2637 509 θεὸς
2662 454 2903 515 γενέσθαι,
2934 453 3076 515 01.V,
3108 462 3185 505 56.
3215 475 3239 497 υ
3271 457 3381 504 Jac.
3401 479 3464 490 —

1916 528 1943 572 2
1992 525 2140 587 ἀρχὴν
2164 525 2365 584 μεγάλην
2391 522 2510 573 cod.
2549 522 2636 587 bis,
2653 523 2783 586 (scil.
2828 524 3062 585 ζητήσῃ);
3092 524 3239 587 ἀρχῆς
3263 524 3463 585 μεγάλης

1912 597 2094 657 κόμπον
2117 596 2273 657 Plan„
2308 594 2395 645 sed
2421 596 2543 646 illud
2572 596 2705 645 haud
2728 594 2878 645 dubie
2916 594 3107 658 scripsit
3138 595 3376 645 Pallados,
3404 622 3464 631 —

1913 668 1959 713 4.
1986 665 2151 715 Codex
2176 666 2271 715 hoc
2308 664 2416 715 loco
2441 668 2617 723 θνητοῖς
2644 668 2711 716 et·
2730 665 3045 727 ἀνασχόμενος
3083 678 3201 715 cum
3226 684 3255 723 η
3279 666 3466 714 ultimae

1913 735 2109 795 syllabae
2152 736 2490 799 superpo-sitm
2528 737 2669 799 μηδὲν
2705 735 2839 785 Plan.
2868 737 2924 785 ln
2961 734 3112 784 altero
3138 736 3245 785 loco
3270 735 3464 785 codicis

1911 801 1991 852 his
2028 808 2261 867 quattuor
2303 804 2527 854 versibus
2574 804 2796 854 adhoeret
2831 804 3071 853 distichon
3112 804 3319 856 alterum
3358 807 3461 868 epi·

1912 874 2193 936 grammatis
2226 881 2315 925 688
2358 890 2369 919 z
2400 874 2462 925 Ὦ
2498 877 2627 933 γένος
2647 878 2762 933 οἱα,
2804 876 2855 923 et
2886 875 2957 923 sic
2984 874 3118 924 Plan.
3166 894 3189 917 κ
3222 878 3309 925 Est
3339 876 3463 926 illud

1912 944 2151 994 distichon
2170 946 2425 1006 ejusmodi,
2448 948 2505 995 ut
2524 945 2719 1007 utrique
2740 946 2848 996 loco
2865 945 3135 995 conveniat.
3160 966 3183 989 υ
3199 949 3307 996 Jac.
3334 949 3462 997 Cum

1913 1013 2145 1063 Salmasio
2164 1016 2317 1074 facio,
2337 1016 2423 1078 qui
2458 1015 2790 1079 epigrammati
2813 1020 2902 1066 688
2933 1014 2983 1063 in
3014 1016 3273 1067 Planudeae
3292 1032 3458 1067 exem-

1913 1084 1993 1146 plo
2015 1082 2122 1133 haec
2138 1084 2391 1148 adscripsit
2412 1101 2424 1131 :
2453 1107 2476 1129 α
2502 1088 2595 1135 Hic
2612 1086 2778 1149 reponi
2792 1086 2939 1136 debet
2956 1085 3199 1141 distichon
3219 1088 3353 1150 quod
3372 1088 3459 1137 ha-

1913 1154 2059 1205 betur
2083 1168 2231 1218 supra
2252 1156 2336 1206 ιὮ
2355 1158 2483 1219 γένος
2502 1160 2594 1206 etc·
2627 1176 2651 1199 υ

1977 1308 2277 1356 Dchxxv.
2310 1308 2509 1355 Lemma
2544 1324 2556 1353 ι
2589 1304 2654 1358 εἰς
2692 1305 2771 1353 τὸν
2799 1303 2937 1351 αὐτὸν
2958 1304 3167 1353 Γέσσιον.
3196 1330 3260 1341 -
3291 1310 3309 1353 1
3342 1306 3461 1363 ἐξεῦ-

1911 1394 1987 1439 ρεν
2010 1379 2114 1441 βίου
2140 1377 2283 1437 Cod.,
2312 1389 2434 1427 corr.
2464 1374 2661 1425 Jensius
2680 1377 2765 1424 aut
2782 1375 3060 1424 Salmasius.
3082 1401 3143 1412 —-
3166 1383 3212 1425 2,
3236 1396 3259 1419 α
3282 1379 3469 1428 Sensus

1910 1446 2107 1496 distichi
2124 1449 2232 1497 cst:
2263 1446 2537 1504 Quoerendo
2558 1445 2781 1495 invenisti
2798 1444 2916 1495 vitai
2942 1445 3087 1494 tinem
3104 1449 3156 1496 et
3181 1445 3231 1495 id
3256 1447 3390 1509 quod
3414 1449 3463 1497 in

1911 1516 2141 1567 felicitate
2158 1531 2407 1568 summum
2428 1520 2504 1567 est
2522 1518 2675 1579 (τέλος
2693 1514 2873 1579 duplici
2897 1516 3261 1579 significatione,
3286 1522 3345 1569 ut
3373 1523 3460 1570 La·

1910 1588 2125 1637 tinorum
2140 1584 2313 1651 finis),
2332 1588 2466 1650 quod
2490 1586 2726 1636 honorem
2748 1587 3019 1649 quoesivisti
3042 1588 3104 1637 ad
3126 1602 3378 1639 summum
3405 1590 3464 1638 fi·

1911 1671 2024 1707 nem
2052 1657 2155 1707 sive
2196 1657 2443 1721 fastigium
2483 1657 2787 1707 tendentem.
2836 1676 2859 1701 ›-
2896 1660 3004 1707 Jac.
3051 1658 3203 1708 Aliter
3228 1658 3468 1711 intellexit

1909 1726 2254 1778 Boissonadius
2274 1748 2288 1777 ι
2312 1748 2335 1771 ιι
2356 1728 2491 1791 'Ami
2511 1728 2622 1789 πρὸς
2635 1729 2762 1783 τέλος
2782 1728 3011 1789 ἀρχομένη
3029 1727 3131 1791 [sic
3146 1727 3301 1791 ipsius
3317 1744 3469 1781 manu

1910 1797 2185 1861 exaratum]
2225 1801 2302 1848 est
2334 1798 2535 1848 forsitan
2570 1810 2749 1847 munus
2772 1796 2905 1859 quod
2939 1798 3068 1847 circa
3110 1798 3299 1849 tributa
3328 1802 3461 1851 colli·

1910 1866 2067 1929 genda
2091 1868 2315 1917 versatur
2344 1885 2358 1927 ς
2393 1866 2515 1916 adeo
2554 1865 2715 1928 inepte
2742 1866 2910 1917 scribit
2937 1866 3173 1917 Palladas.
3206 1888 3231 1911 υ
3260 1869 3355 1919 Sed
3384 1884 3462 1920 se-

1909 1937 2109 1999 quentis
2132 1935 2326 1986 distichi
2358 1950 2564 1986 acumen
2592 1949 2671 1985 me
2690 1948 2786 1984 non
2806 1936 3002 1998 assequi
3026 1936 3207 2000 fateor,
3224 1942 3282 1990 ut
3306 1954 3466 2003 neque

1909 2008 1972 2058 de
1994 2008 2153 2071 priore
2170 2010 2391 2057 constare
2415 2006 2653 2057 sententia
2676 2006 2845 2069 possit.
3453 2018 3457 2023 ·

1972 2166 2301 2215 DGLxxva
2338 2167 2539 2214 Lemma
2575 2185 2587 2213 ι
2630 2166 2693 2221 εἰς
2724 2166 2805 2215 τὸν
2838 2166 2977 2215 αὐτὸν
3020 2166 3233 2216 Γέσσιον.
3271 2171 3464 2222 lterum

1909 2236 2087 2300 legitur
2110 2235 2160 2284 in
2189 2247 2295 2297 cap.
2320 2234 2456 2293 x1,l.
2487 2248 2529 2283 c.
2562 2260 2623 2271 —
2645 2240 2684 2284 1.
2711 2237 2912 2298 Ignotus
2937 2235 3083 2285 homo
3110 2238 3370 2289 Baucalus.
3402 2272 3463 2283 -

1910 2312 1939 2355 2
1954 2303 2171 2369 χωλεύων
2181 2305 2377 2354 ταπλὲον
2386 2302 2506 2353 Cod.
2522 2305 2676 2354 altero
2690 2305 2797 2354 loco
2815 2306 2910 2368 (ap.
2931 2307 3033 2356 Jac.
3043 2344 3056 2365 ,
3072 2306 3422 2359 «dunhuslocis
3438 2332 3461 2354 υ

1911 2390 1990 2438 ap.
2022 2374 2275 2436 Salmas.).
2302 2373 2444 2423 Gens.
2478 2388 2554 2437 ep.
2588 2380 2698 2434 681,
2720 2383 2764 2425 2.
2800 2394 2824 2418 κ
2860 2376 2957 2433 Qui
2992 2379 3099 2426 tum
3126 2378 3281 2441 magis
3316 2381 3469 2431 etiam

1909 2444 2215 2496 claudicabat
2232 2444 2293 2494 ab
2312 2444 2491 2509 ingenti
2508 2446 2589 2495 illo
2615 2459 2731 2495 casu
2749 2484 2762 2506 ,
2790 2459 2892 2509 quo
2920 2445 2982 2496 de
3013 2460 3100 2511 spe
3126 2460 3217 2499 sua
3242 2449 3464 2513 dejectus

1912 2515 2091 2567 fuerat.
2136 2514 2411 2578 Respicitur
2445 2516 2647 2565 historia
2675 2516 3086 2579 Bellerophontis,
3132 2517 3195 2567 de
3233 2533 3332 2581 quo
3361 2520 3457 2579 jam

1909 2584 1961 2635 in
1979 2598 2055 2648 ep.
2082 2588 2190 2636 683.
2214 2606 2239 2629 ι»
2268 2586 2382 2635 Jac.
2404 2612 2467 2622 —
2492 2590 2521 2635 3
2546 2586 2688 2648 δόμον
2708 2587 2771 2643 εἰς
2790 2586 2925 2636 ἀΐδαο
2948 2585 3069 2636 Cod.
3101 2587 3253 2639 altero
3276 2589 3383 2639 loco
3414 2594 3465 2639 et

1911 2657 2045 2707 Plan.
2078 2685 2125 2697 -
2149 2661 2177 2705 4
2197 2656 2445 2713 ἀκήδευτος
2471 2654 2552 2706 hic
2570 2656 2692 2706 vidit
2716 2656 2927 2717 Paulss.;
2955 2677 2979 2699 α
3010 2658 3261 2717 &affice-ro<
3296 2672 3462 2723 apogr.

1911 2727 2063 2777 Paris.
2113 2728 2323 2788 utroque
2364 2725 2487 2776 loco.
2516 2746 2541 2769 υ
2586 2728 2646 2775 B.
2684 2726 2765 2775 Sic
2812 2727 2966 2788 Plan„
3012 2730 3063 2777 et
3104 2728 3221 2777 nihil
3266 2733 3467 2781 annotat

1910 2798 2055 2847 Salm.
2088 2798 2148 2846 Et
2172 2797 2267 2845 hoc
2291 2796 2444 2859 poetis
2479 2796 2529 2845 in
2566 2810 2689 2855 usu3
2718 2796 2848 2847 cont.
2891 2799 2995 2848 Jac.
3024 2798 3075 2847 in
3099 2798 3221 2848 Add.
3258 2814 3305 2863 p.
3342 2815 3461 2851 axin.

1911 2872 1968 2920 ln
1994 2866 2091 2918 fine
2122 2866 2244 2917 Cod.
2278 2866 2359 2917 hlc
2376 2866 2649 2929 ιιεῖνοτάρωι
2684 2868 2701 2929 (
2716 2868 2824 2930 sic).
2856 2867 2981 2919 Vide
3013 2868 3155 2919 Thes.
3177 2883 3227 2919 v.
3260 2873 3463 2922 Κενοτά-

1910 2956 2029 3000 φιον.
2066 2937 2323 2987 Jacobsius
2361 2936 2424 2987 ad
2450 2937 2660 3000 aliquem
2706 2938 2759 2986 in
2784 2939 3069 3002 κενοταφίοις
3115 2954 3261 2990 usum
3288 2943 3464 3006 respici

1911 3007 2115 3071 putabat
2130 3045 2143 3068 ‚
2166 3027 2189 3050 a
2219 3021 2319 3070 que
2330 3020 2482 3070 pupa
2506 3005 2757 3057 cadaveris
2782 3007 2893 3058 loco
2911 3009 2961 3057 in
2980 3009 3155 3059 feretro
3178 3011 3463 3072 ponebatur.

1911 3079 2160 3139 Eiusmodi
2190 3080 2460 3141 μορφώματι
2488 3091 2642 3141 quum
2659 3081 2792 3142 justa
2809 3093 2905 3129 non
2936 3079 3073 3140 fiant,
3093 3082 3264 3131 Gessio
3280 3086 3462 3144 autem,

1911 3149 2083 3212 capitis
2109 3152 2167 3199 ut
2193 3148 2389 3198 videtur
2413 3147 2657 3210 dannato,
2696 3151 2957 3211 postquam
2996 3150 3088 3200 sibi
3115 3151 3218 3214 ipse
3256 3155 3465 3203 mortem

1911 3219 2231 3279 consciverat,
2262 3217 2475 3280 supremi
2496 3217 2706 3268 honores
2730 3218 2885 3269 habiti
2902 3233 2997 3268 non
3012 3223 3177 3270 essent
3190 3259 3202 3281 ,
3224 3224 3467 3274 Baucalus

1910 3289 2050 3338 illum
2085 3290 2292 3353 σχήματι
2321 3289 2587 3351 mavortem
2615 3288 2925 3340 descendisse
2952 3291 3034 3340 ait.
3070 3311 3093 3334 »ι
3126 3319 3189 3329 -
3212 3300 3239 3342 5
3264 3297 3344 3344 καὶ
3363 3299 3461 3344 omi

2970 3375 3033 3410 ex
3068 3373 3159 3411 sua
3188 3365 3467 3427 conjectura

259 3455 384 3500 tem·
409 3477 472 3487 -
489 3454 536 3499 4,
568 3449 774 3512 οὐρανίη
803 3449 979 3508 ἄνοδος,
1007 3449 1213 3512 figurate
1239 3449 1303 3500 de
1331 3447 1648 3512 amplissimis
1673 3447 1824 3498 hono,
1862 3427 1868 3508 Ι
1911 3429 2045 3480 haud
2067 3429 2229 3480 dubie.
2258 3432 2426 3487 Quum
2450 3430 2656 3480 seriores
2682 3431 2732 3479 in
2754 3445 2847 3480 usu
2865 3433 3215 3496 conjunctionis
3232 3437 3309 3483 καὶ
3331 3436 3465 3485 luxu-

261 3521 430 3579 ribus3
469 3524 530 3571 ut
587 3535 666 3584 ap.
710 3520 972 3570 Horatium
1017 3532 1211 3569 summa
1276 3519 1512 3584 dignitate
1569 3518 1825 3582 fungentes

261 3593 549 3652 Alliaque-nt
565 3589 758 3640 solium
773 3591 918 3639 Jovis
947 3591 996 3638 et
1027 3591 1247 3640 caelestta
1269 3591 1490 3648 tentant,
1513 3587 1666 3653 Epist.
1684 3592 1723 3649 1,
1748 3595 1820 3652 10,

261 3676 316 3710 v.
337 3666 412 3711 34.
437 3691 493 3702 -
515 3666 563 3710 5.
581 3660 664 3710 sic
686 3659 918 3710 Horatius
946 3661 1107 3709 carm.
1130 3661 1218 3720 lv,
1247 3659 1329 3709 od.
1359 3663 1434 3720 11,
1467 3665 1561 3710 26:

479 3788 740 3844 Exemplum
770 3799 904 3842 grave
923 3787 1092 3844 prabet
1114 3787 1204 3832 ales

425 3853 632 3906 Pegasus,
653 3854 878 3893 terrenum
899 3849 1093 3904 equitem
1111 3853 1320 3904 gravatus

611 3910 1018 3966 Bellerophontem,

428 3973 613 4026 semper
639 3975 692 4014 ut
719 3974 763 4014 tc
779 3970 916 4024 digna
933 3981 1131 4025 sequare,
1151 3971 1200 4014 et
1223 3969 1343 4015 ultra

425 4035 570 4082 uuam
589 4033 692 4077 licet
709 4041 888 4086 sperare
909 4031 1032 4078 netas
1049 4031 1268 4089 putando,

429 4093 652 4148 Disparetn
678 4093 803 4138 vites.

269 4211 498 4260 Fabulam
523 4211 905 4274 Bellerophontis
940 4212 1161 4263 Palladas
1179 4213 1242 4262 de
1259 4211 1530 4276 astrologiae
1558 4211 1722 4263 studio
1745 4215 1820 4265 in·

267 4284 579 4344 terpretatur,
608 4281 741 4344 quod
782 4281 982 4332 Gessius
1023 4283 1378 4346 astrologorum
1406 4284 1697 4333 commentis
1731 4282 1818 4332 de·
1861 4312 1866 4334 ι

270 4355 438 4414 ceptus
469 4353 641 4402 suerat.
686 4351 880 4402 Proeivit
903 4357 1074 4403 auctor
1099 4353 1323 4416 opusculi
1349 4354 1476 4403 inter
1501 4353 1740 4403 Lucianea
1752 4356 1824 4402 De

269 4421 523 4483 astrologia
544 4435 588 4471 c.
617 4426 689 4480 13,
714 4435 864 4484 quem
885 4421 1010 4473 vide.
1041 4453 1101 4466 —
1132 4427 1179 4484 7,
1203 4429 1250 4474 8.
1273 4424 1446 4474 Paullo
1475 4422 1644 4472 durior
1669 4423 1823 4473 oratio

271 4494 421 4540 tracta
431 4505 518 4554 per
541 4491 788 4556 participia
809 4491 1033 4542 absolute
1047 4493 1204 4556 posita
1219 4531 1232 4553 ,
1259 4492 1382 4543 dum
1405 4492 1781 4556 exspectabatur
1807 4513 1820 4542 ι

271 4561 386 4608 ἀλλὰ
405 4561 484 4608 τὸν
503 4561 586 4623 μὲν
607 4561 751 4612 ἵππον
773 4561 941 4625 ἔχοντα
968 4565 1048 4612 καὶ
1078 4563 1276 4626 θάρσος,
1299 4565 1498 4614 Γεσσίου
1517 4565 1566 4612 δὲ
1585 4564 1690 4612 οὐδὲ
1709 4564 1821 4625 σχέ-

271 4646 368 4678 σειν
396 4629 578 4679 εὔτονον
618 4630 732 4694 ἦτορ
757 4633 960 4696 ἔχοντος.
994 4633 1376 4683 Alliterationcm
1409 4635 1460 4682 in
1484 4633 1656 4684 ultimo
1680 4647 1822 4682 versu
1862 4649 1866 4661 ·

261 4699 366 4760 iam
407 4701 593 4751 notavit
631 4704 921 4767 opsopoeus,
953 4724 978 4748 u
1010 4707 1116 4755 Jac.
1147 4730 1210 4742 —
1229 4710 1257 4754 11
1281 4707 1437 4766 χὲσειν
1465 4705 1548 4754 hic
1578 4717 1609 4754 a
1641 4703 1824 4753 recenti

269 4783 337 4818 m.
370 4770 588 4820 additum
611 4771 661 4820 in
685 4773 831 4834 cod„
865 4773 997 4824 unde
1030 4775 1184 4825 altero
1204 4775 1312 4826 loco
1331 4781 1524 4838 σχεσεῖν
1550 4775 1677 4838 (sic)
1703 4789 1818 4824 eno-

271 4841 388 4890 tavit
405 4841 605 4890 Salmas.
629 4843 831 4893 Bothius
853 4857 947 4893 non
981 4846 1107 4898 male
1127 4845 1324 4910 corrigit
1350 4847 1490 4908 χέσαι
1509 4844 1574 4907 γ’.

1863 3520 1868 3545 ι
1911 3500 2025 3550 riari
2044 3501 2248 3559 soleant,
2278 3513 2375 3550 non
2398 3499 2721 3550 dubitandum
2740 3500 2803 3552 de
2828 3516 2975 3553 manu
3004 3503 3229 3564 Palladae,
3256 3505 3343 3566 qui
3364 3505 3461 3554 uti-

1911 3575 1995 3621 tur
2032 3571 2288 3620 homericis
2320 3571 2380 3621 n.
2410 3575 2469 3630 A,
2500 3575 2607 3630 5173
2643 3575 2699 3632 Δ,
2742 3577 2820 3630 3ο,
2852 3575 2946 3622 etc.
2986 3593 3009 3616 υ
3038 3576 3151 3622 Jac.
3178 3603 3239 3614 —
3260 3583 3313 3630 ,6.
3344 3595 3367 3618 «ι
3397 3577 3465 3626 Τὸ

1911 3640 2299 3762 ζτὶςᾶἱὲνινιιςίιῗξὴοί.
2328 3641 2519 3690 chh.:
2541 3642 2782 3705 Ἦσύχιος·
2803 3646 2833 3700 ἡ
2854 3643 2931 3692 διὰ
2954 3643 3151 3692 πλοῦτον
3169 3645 3311 3706 ὕδρις.
3340 3665 3362 3688 ι»
3396 3647 3462 3695 Β.

1861 3782 1868 3886 Ι
1972 3852 2326 3900 DOLxxxvu.
2372 3849 2569 3900 Lemma
2602 3863 2613 3891 t
2642 3851 2706 3905 εἰς
2743 3850 2823 3899 τὸν
2858 3850 2997 3900 αὐτὸν
3027 3851 3235 3901 Γέσσιον.
3278 3853 3465 3902 lterum

1861 3891 1867 4013 Ι
1909 3921 2087 3984 legitur
2104 3920 2233 3969 infra
2254 3920 2289 3970 1.
2318 3933 2363 3969 c.
2386 3951 2446 3960 —
2468 3925 2507 3969 1.
2532 3918 2651 3968 cod.
2676 3918 2727 3968 iu
2748 3932 2921 3983 marg:
2946 3937 3017 3982 γρ,
3038 3923 3122 3978 τὴν
3136 3921 3461 3983 ἀμμωνιάκην.

1860 4022 1866 4070 Ι
1909 3992 2065 4041 Etiam
2111 3989 2247 4040 Jovis
2291 3990 2542 4039 Ammonis
2569 3989 2823 4039 oraculum
2860 3989 3200 4040 consulentem
3236 3992 3465 4042 Gessium

1912 4061 2161 4110 fefellerat.
2188 4087 2251 4097 —
2269 4067 2313 4110 2.
2342 4061 2566 4121 saunas,
2596 4073 2709 4109 nam
2735 4060 2787 4109 in
2808 4061 3059 4123 peregrina
3093 4064 3223 4110 terra
3256 4061 3463 4122 obierat,

1908 4134 1967 4181 ut
1992 4130 2181 4180 dictum
2215 4143 2291 4193 ep.
2331 4135 2438 4190 681,
2488 4139 2529 4179 1.
2559 4150 2581 4172 ει
2608 4128 2767 4179 schol.
2804 4130 2976 4180 Wech.
3012 4145 3023 4172 τ
3061 4131 3109 4180 ἐν
3141 4131 3229 4193 γὰρ
3264 4137 3323 4195 τῇ
3344 4140 3469 4196 φυγῇ

1909 4201 2109 4260 νοσήσας
2142 4199 2386 4262 ἀπηλλάγη
2428 4205 2514 4248 τοῦ
2548 4200 2655 4263 βίου
2688 4203 2751 4257 ὡς
2786 4201 2833 4248 ἐν
2864 4207 2958 4256 τοῖς
2986 4201 3223 4258 vacuatos«.
3253 4220 3278 4244 »ι
3310 4203 3375 4251 Β.
3402 4228 3465 4241 --

1910 4275 1939 4322 :3
1959 4271 2077 4328 ἰδίην
2104 4269 2224 4320 cod.
2246 4270 2327 4320 hic
2344 4273 2396 4320 et
2422 4270 2576 4326 Pium
2605 4269 2701 4318 τότ’
2720 4271 2959 4332 ἐμέμψατο
2980 4271 3099 4321 cod.
3129 4271 3230 4330 hic,
3254 4271 3465 4322 alterum
3564 4277 3577 4294 ⁸

1909 4341 2175 4391 alteroloco
2184 4343 2234 4390 et
2249 4340 2382 4390 Plan.
2403 4341 2469 4390 Τὸ
2481 4340 2697 4402 μάθημα,
2706 4341 3027 4404 astrologiam.
3040 4363 3103 4375 —
3114 4346 3141 4391 4
3157 4345 3471 4406 πευθομένους·

1911 4411 2219 4474 ἀστρολόγους
2260 4413 2441 4470 ἀλόγοις
2476 4411 2635 4462 Codex
2679 4412 2791 4469 hlc3
2822 4415 3119 4477 πειθομένους
3157 4415 3463 4477 ἀστρολόγοις

1909 4482 2103 4542 ἀλόγους
2125 4482 2254 4532 idem
2278 4483 2431 4534 altaro
2462 4483 2585 4542 loco,
2610 4484 2743 4546 quod
2767 4483 2830 4533 de
2862 4486 3071 4547 utroque
3088 4485 3199 4535 loco
3222 4499 3465 4536 consensu

1907 4553 2372 4672 tzsffintgcsalmas.
2404 4556 2458 4603 et
2484 4553 2757 4613 Paulssen.;
2786 4553 2875 4604 sed
2894 4567 3065 4604 verum
3090 4555 3227 4617 quod
3249 4568 3313 4605 ex
3330 4557 3467 4607 Plau.

1973 4769 2353 4819 Dcnxaxvlu.
2398 4771 2629 4818 Lemma:
2664 4771 2727 4824 εἰς
2756 4769 2835 4818 τὸν
2862 4769 3001 4818 αὐτὸν
3029 4771 3239 4822 Γέσσιον.
3260 4771 3409 4829 Οὗτος
3440 4774 3471 4838 ἦ

1861 4831 1868 4870 ²
1913 4842 2107 4895 Γέσσιος
2147 4840 2306 4902 ἅρχων
2336 4839 2393 4900 ἦν
2431 4841 2477 4888 ἐν
2520 4840 2645 4900 μέρει
2681 4841 2767 4888 τινὶ
2808 4839 3149 4902 Ἀλεξανδρείας.
3188 4844 3381 4904 ὡραῖον.
3406 4872 3463 4904 -τ

1861 4878 1867 4963 Ι
1910 4916 1960 4974 3,
1986 4915 2032 4960 4.
2073 4913 2174 4960 lloc
2202 4909 2447 4960 distichon
2471 4911 2521 4959 in
2538 4911 2689 4962 altero
2712 4911 2817 4960 loco
2851 4909 3045 4960 Codicis
3075 4915 3126 4961 et
3150 4912 3199 4961 in
3229 4913 3360 4962 Plan.
3388 4925 3471 4970 cof

337 4975 658 5028 Dctxxxlv.
683 4979 882 5028 Lemma
905 4999 914 5028 :
943 4981 1004 5037 εἰς
1026 4979 1104 5030 τὸν
1127 4981 1264 5031 αὐτὸν
1291 4983 1482 5032 Γέσσιον
1503 4979 1579 5032 τὸν
1603 4982 1816 5046 ἀρχοντα.
1859 4968 1866 5028 Ι
1909 4980 2068 5032 haerct
2106 4995 2216 5031 cum
2236 4995 2311 5045 cp.
2330 4986 2439 5044 684,
2464 4980 2547 5030 ulii
2571 4980 2701 5032 vide.
2726 5003 2745 5022 «ι
2770 4981 3096 5044 Αὖτοχόλωτον
3112 4983 3239 5042 γένος
3258 4981 3469 5046 intellige
