3829 5747
34 4981 37 5034 i

1267 232 1341 291 IN
1383 232 1630 295 CAPUT
1673 237 1775 295 vll
1823 238 2270 301 ΑΝΝΟΤΑΤῙΟ.

197 351 317 401 tius.
351 354 626 404 Hoedorum
644 360 810 407 autem
835 377 856 398 «ι
881 360 931 407 et
957 360 1097 409 ortus
1122 364 1174 410 et
1199 374 1405 411 occasus
1438 367 1752 427 tempestates

197 423 506 483 gravissimas
529 424 712 475 faciunt
739 446 761 467 »ι
780 464 793 483 ,
829 428 1026 477 Servius
1044 429 1108 479 ad
1127 432 1232 480 AEu.
1262 433 1341 492 lx,
1368 438 1476 484 668.

255 556 642 605 D111.Lemma:
682 560 745 614 εἰς
779 560 994 607 Φίντωνα
1035 563 1112 608 τὸν
1147 562 1420 626 Ἑρμιονέα,
1459 566 1559 614 υἱὸν
1599 568 1748 615 Βαθυ-

199 624 388 678 κλέους,
413 624 638 683 ναυηγόν.
670 652 730 661 -
759 630 776 674 1
811 627 1007 689 ἀρχαίας
1038 632 1367 692 (superposito
1401 632 1460 693 τ.)
1495 634 1637 693 Cod.;
1665 636 1746 697 ἀρ-

195 693 332 754 χαίης
369 692 504 743 Plan.
539 697 610 743 De
640 708 738 755 quo
763 695 917 745 Boiss.
955 717 966 745 :
1003 717 1027 739 «ι
1067 702 1248 748 Forsan
1279 701 1524 763 epitheton
1555 705 1750 767 ἀρχαίας

193 761 507 811 referendum
531 764 592 813 ad
615 778 788 814 nomen
808 766 964 827 ἄχθος,
985 771 1154 818 utnon
1172 770 1236 818 sit
1253 771 1452 833 antiqua
1469 786 1614 823 arena
1631 814 1644 834 ,
1661 776 1748 825 sed

194 830 426 891 antiquus
455 833 693 881 tumulus.
727 836 908 883 Notum
939 840 1016 886 est
1042 837 1113 887 sic
1131 852 1260 901 saepe
1289 841 1419 902 apud
1453 846 1620 904 poetas
1655 843 1749 906 epi-

191 897 330 947 theta
365 900 688 950 transferri.»
724 902 976 954 Jacobsius
1006 909 1133 969 coni.
1169 907 1390 969 ἀκταίας,
1422 912 1498 961 vel
1535 914 1744 971 Αἰγαίας.

191 969 360 1017 Secuti
395 982 570 1020 sumus
595 973 888 1023 Meinekium
911 988 944 1036 p
994 980 1079 1025 133
1104 987 1117 1016 2
1173 996 1196 1019 a
1220 978 1397 1029 Phinto
1424 995 1580 1043 quum
1620 984 1744 1031 Her*

191 1038 464 1089 ananensis
488 1042 637 1092 fuerit
657 1081 671 1103 ‚
693 1042 1003 1095 scribendum
1028 1047 1247 1110 suspicor
1271 1052 1486 1112 Ἀργείης.
1523 1052 1616 1101 Cui
1648 1065 1746 1101 non

191 1114 430 1172 repugnat
483 1112 616 1173 quod
662 1126 740 1175 ap.
795 1115 1122 1179 Hegesippum
1154 1130 1300 1180 supra
1342 1133 1418 1182 ep.
1459 1126 1546 1171 446
1582 1122 1746 1171 Zoilus

191 1179 564 1230 Hermionensis
593 1182 642 1230 in
675 1184 966 1247 Argivorum
1002 1200 1117 1249 agro
1149 1188 1371 1251 sepultus
1394 1191 1440 1238 ἐν
1473 1192 1745 1241 ἀλλοδαπῶν

189 1256 250 1311 γῇ
277 1252 566 1313 τεθαμμένος
588 1252 784 1303 dicitur.
811 1274 835 1295 ν»
859 1281 922 1290 -
947 1262 974 1305 2
999 1258 1206 1314 ποδαπός
1235 1258 1374 1316 Cod..
1407 1265 1681 1311 correctum
1717 1275 1744 1310 a

191 1321 327 1369 Plan.
361 1345 428 1355 —-
447 1326 495 1371 4.
525 1344 548 1365 «ι
584 1324 664 1373 sic
694 1324 956 1373 Athenu¹us
973 1328 1181 1389 ναυαγίῳ
1214 1329 1469 1389 ἐχρήσατο,
1500 1330 1745 1392 quomodo

187 1390 372 1450 passim
401 1392 628 1455 usurpari
649 1393 742 1441 hoc
778 1393 982 1443 verbum
1007 1394 1069 1445 de
1100 1394 1160 1445 iis
1191 1410 1303 1458 quae
1339 1398 1477 1448 nobis
1502 1398 1668 1448 invitis
1693 1402 1746 1448 et

187 1464 368 1521 praeter
391 1466 620 1525 optatum
641 1462 901 1524 eveniunt,
922 1464 1275 1516 demonstravit
1297 1469 1741 1519 nemeterhusius.»

185 1535 301 1582 Jac.

247 1674 376 1720 mv,
407 1674 610 1723 Lemma
637 1688 649 1716 τ
671 1678 734 1731 εἰς
759 1677 948 1739 Πάρμον
969 1676 1077 1736 (sic)
1097 1679 1248 1739 ἁλιέα,
1269 1681 1368 1727 υἱὸν
1395 1680 1743 1739 Καλλιγνώτου,

187 1740 237 1795 ὃς
270 1744 522 1791 καταπιὼν
559 1746 720 1805 δέλεαρ
761 1745 1052 1809 ὸατρακῶδες
1089 1748 1225 1803 αὐτὸς
1259 1750 1338 1797 ὑπ’
1361 1750 1504 1798 αὐτοῦ
1527 1750 1736 1811 ἀνῃρέθη.

189 1808 338 1859 Addit
358 1814 608 1861 corrector
639 1834 652 1862 ι
679 1816 998 1876 ύπολαμΰοὶνω
1020 1817 1061 1865 δ’
1077 1816 1149 1865 ὅτι
1177 1818 1319 1873 ἱουλὶς
1349 1820 1424 1881 (v.
1457 1819 1516 1879 5)
1545 1820 1576 1876 ἡ
1608 1821 1739 1880 λεγο-

189 1882 305 1939 μένη
335 1883 555 1944 καρκινάς
589 1884 726 1932 ἐστιν.
759 1904 783 1927 κ
823 1890 896 1933 An
933 1888 1204 1947 καρκινιὰςῗ
1237 1907 1260 1929 »ο
1294 1888 1356 1936 Β.
1388 1914 1449 1924 -
1501 1893 1522 1938 1
1566 1889 1742 1951 πάρμος

191 1950 312 1998 Cod.
334 1964 367 2000 a
393 1965 468 2014 pt.
493 1966 583 2013 m.‚
606 1953 692 2002 sed
716 1954 764 2003 in
781 1955 951 2016 πάρμις
974 1957 1222 2006 mutatum
1237 1994 1250 2017 ,
1270 1957 1404 2019 quod
1421 1957 1567 2007 habet
1587 1959 1740 2017 Plan.;

188 2018 365 2069 deinde
396 2022 520 2072 cod.
554 2024 796 2081 ἐπακτειος
820 2026 926 2086 (sic)
957 2028 1086 2087 καλ,
1132 2027 1267 2077 Plan.
1301 2029 1518 2085 ἑπάκτιος
1543 2029 1592 2084 ὃς
1613 2030 1741 2089 καλ,

187 2090 316 2140 unde
344 2094 449 2141 Jac.
477 2092 632 2143 edidit
658 2095 874 2150 ἐπάκτιος
900 2099 964 2152 ὡς
985 2098 1112 2158 καλ.,
1137 2116 1160 2139 «
1185 2096 1320 2159 quod
1349 2098 1619 2148 Planudem
1650 2112 1741 2147 vo-

183 2159 332 2210 luisse
357 2163 582 2225 suspicor
607 2185 619 2213 ι
649 2167 706 2213 in
732 2163 906 2214 littore
926 2179 1156 2226 versans,
1169 2170 1232 2217 ut
1247 2180 1350 2231 par
1373 2171 1490 2218 erat
1505 2171 1739 2232 piscato·
1782 2176 1788 2203 ¹

188 2244 318 2280 rem.
356 2252 380 2275 υ
423 2234 579 2283 Boiss.
607 2236 823 2284 servavit
850 2239 902 2285 et
934 2238 1174 2293 ὲπάκτειος
1209 2242 1260 2288 et
1291 2238 1498 2301 Πάρμος.
1529 2240 1732 2289 Brunck.

187 2306 459 2364 ἑπακταῑος,
479 2319 628 2367 quem
658 2304 880 2368 sequitur
900 2308 1106 2357 Meinek.
1134 2322 1183 2370 p.
1222 2312 1332 2369 ¹343
1358 2310 1618 2365 ἐπακτίδιος
1645 2312 1738 2358 Lo·

185 2373 384 2423 berlaius
403 2375 466 2424 ad
487 2375 745 2437 Phrynich.
770 2390 815 2439 p.
841 2382 948 2436 556,
971 2376 1202 2439 probante
1218 2379 1448 2427 Heckero.
1472 2406 1536 2415 —
1551 2382 1598 2428 3.
1619 2399 1642 2421 κ
1665 2381 1738 2428 De

187 2446 332 2505 πέρκῃ
348 2482 362 2501 ,
381 2444 515 2506 pisce
541 2445 880 2506 voracissimo,
907 2460 955 2493 v.
988 2450 1192 2497 camum
1219 2448 1369 2497 Notes
1393 2462 1482 2498 sur
1509 2451 1734 2499 Arietate

186 2525 234 2573 p.
265 2517 376 2561 621.
411 2532 434 2555 n
463 2515 578 2562 Jac.
606 2538 669 2547 —
693 2516 720 2562 4
761 2514 831 2563 sie
861 2515 1016 2571 Plan.3
1046 2516 1094 2563 ἐν
1130 2518 1310 2577 βυθίους
1356 2516 1478 2566 Cod.
1501 2543 1564 2553 —
1601 2526 1628 2566 5
1669 2517 1736 2565 ὅτ’

183 2587 304 2633 toul.
335 2584 458 2634 Cod.
483 2586 532 2635 et
563 2585 722 2645 Plan„
759 2598 882 2635 corr.
926 2586 1150 2649 Scaliger.
1184 2590 1258 2637 De
1290 2589 1430 2649 ἄγρης
1463 2588 1516 2635 ἐκ
1549 2589 1736 2651 πρώτης

190 2652 368 2715 quaerit
395 2654 632 2703 Brodaeus
672 2676 682 2703 :
724 2672 750 2697 α
779 2668 839 2704 an
876 2669 938 2704 ex
979 2656 1135 2718 prima
1162 2659 1400 2719 captura?
1427 2670 1488 2705 an
1528 2668 1584 2703 ex
1620 2668 1738 2717 proe-

187 2806 330 2842 mam
373 2794 617 2857 prtrdam
657 2812 676 2844 .·
708 2796 983 2856 praepositio
1010 2796 1310 2860 periphrasin
1353 2797 1492 2855 facit,
1529 2800 1585 2845 ut
1624 2809 1736 2858 pas-

187 2862 292 2910 sim.
329 2885 352 2906 »a
381 2862 686 2913 Probabilius
723 2864 926 2914 Meinek.
973 2864 1112 2928 ἄγρης
1142 2867 1196 2916 ἐκ
1240 2870 1426 2930 πρῴης,
1469 2868 1735 2916 matutina

185 2937 412 2996 coplura
438 2952 457 2985 :
490 2955 512 2976 α
550 2946 680 2996 saepe
708 2933 834 2984 enim
871 2935 1276 2998 epigrammatarii
1314 2941 1470 3000 poetae
1502 2939 1730 2986 accurate

189 3005 384 3064 tempus
405 3001 622 3051 indicant
643 3016 742 3064 quo
765 3004 807 3051 is
821 3041 832 3062 ,
854 3004 995 3066 cnjus
1017 3005 1298 3054 memoriam
1328 3006 1574 3056 celebrant
1589 3044 1602 3066 ‚
1631 3020 1737 3068 per-

185 3071 307 3120 ierit.
335 3093 358 3114 υ
379 3072 590 3122 Malebat
619 3074 866 3123 Beckerus
893 3075 1078 3138 ἄκρης
1095 3076 1150 3124 ἐκ
1163 3078 1366 3138 πρώτης,
1387 3081 1441 3126 in
1461 3091 1557 3125 ora
1581 3080 1731 3141 rupis

183 3140 450 3208 considens
466 3179 482 3200 ,
507 3142 614 3191 coll.
651 3142 832 3192 Phania
851 3145 937 3203 vl,
961 3158 1034 3206 ep.
1057 3148 1166 3204 304,
1197 3151 1248 3204 1,
1268 3149 1320 3195 et
1342 3146 1626 3209 Apollonide
1660 3147 1734 3195 in-

188 3210 255 3260 fra
278 3225 359 3273 ep.
390 3216 499 3262 693.
536 3215 612 3260 De
631 3211 782 3262 iulide
805 3213 981 3262 Athen.
1003 3217 1112 3275 VH,
1131 3229 1181 3278 p.
1203 3220 1310 3274 304,
1329 3218 1383 3274 F,
1412 3219 1462 3266 et
1480 3217 1652 3267 AElian.
1674 3221 1731 3267 N.

3262 259 3377 317 481

1841 398 1902 411 -
1930 374 1949 418 1
1979 372 2065 429 κήν
2086 378 2145 435 γῇ
2168 375 2255 432 κήν
2272 391 2324 423 π.
2351 375 2483 424 Plan.
2509 401 2567 411 —-
2587 384 2614 427 2
2634 379 2801 441 θρασύς
2820 381 2961 440 cod..
2988 383 3304 445 productione
3328 388 3387 436 li·

1840 443 1959 489 ter-‘e
1971 459 2002 488 α
2014 446 2181 493 notata
2192 460 2205 499 ς
2225 448 2407 505 θρᾶσυς
2417 446 2590 505 BoisS.;
2605 450 2787 513 Θάρσος
2804 451 2955 509 Plan.;
2973 458 3146 513 Θρᾶσις
3160 458 3363 507 Brunck.
3373 498 3387 517 ‚

1840 509 1973 570 quod
2009 525 2184 562 nomen
2207 514 2415 565 habetur
2438 519 2646 567 Pausan.
2679 522 2762 580 vl,
2788 535 2831 571 c.
2858 528 2905 577 3.
2922 528 2981 573 ut
3004 526 3237 586 Χαρμίδου
3267 527 3385 577 ibid.

1839 594 1881 629 c.
1914 586 1959 630 7.
1992 602 2016 625 «ι
2044 583 2138 633 Sed
2177 584 2275 635 hoc
2299 600 2472 638 nomen
2514 590 2685 652 Θράσις
2717 592 3022 644 scribendum
3065 610 3172 646 esse
3206 600 3257 647 et
3294 613 3389 650 non

1838 663 1981 699 secus
2016 666 2071 702 ac
2098 655 2280 717 θράσυ.
2311 657 2515 719 primam
2553 660 2795 725 corripere
2833 666 2880 711 et
2912 666 3129 728 analogia
3166 666 3309 717 docet
3341 672 3391 718 et

1836 720 2067 771 Minervoe
2116 738 2375 786 cognomen
2412 730 2583 790 Θρκσὼ
2618 731 2829 781 ostendit
2872 747 2948 796 ap.
2990 737 3224 799 Lycophr.
3276 742 3385 788 936.

1837 792 2009 851 Itaque
2035 797 2165 843 recte
2194 796 2324 845 Plan.
2356 798 2537 858 Θάρσος
2570 803 2619 849 et
2656 814 2703 849 v.
2752 808 2798 850 tt
2838 804 3062 866 Θάρσυος.
3107 826 3129 847 υ
3170 808 3386 857 ΜεὶτιεΙε.

1835 874 1883 922 p.
1913 867 2017 911 134.
2049 883 2073 905 «ι
2102 864 2219 913 Post
2256 868 2548 929 κεκρύμμεῦα
2582 872 2954 933 exspectabatur
2993 876 3249 935 ἠνυσοῖμην,
3291 883 3389 929 Ve-

1833 942 1943 980 rum
1974 946 2069 981 non
2119 932 2394 996 infrequens
2419 936 2499 987 hic
2542 938 2605 987 ab
2644 954 2741 989 una
2781 955 2985 1004 persona
3012 945 3073 994 ad
3098 948 3301 997 alteram
3319 987 3330 1009 ‚
3356 963 3387 999 a

1833 1001 2005 1063 plurali
2030 1002 2093 1052 ad
2113 1005 2401 1068 singularem
2414 1045 2427 1065 ‚
2447 1011 2498 1057 et
2514 1012 2682 1059 contra
2700 1048 2711 1069 ,
2736 1013 2988 1063 transitus.
3016 1016 3300 1067 Notavimus
3322 1019 3386 1068 ad

1832 1075 1921 1131 vl,
1950 1088 2025 1136 ep.
2054 1079 2131 1134 73,
2160 1081 2206 1135 3,
2228 1080 2276 1125 et
2293 1076 2425 1126 alibi.
2445 1104 2507 1115 ·—
2526 1086 2571 1129 3.
2592 1080 2805 1144 Ἀγκύρης
2830 1084 2967 1145 βάρος
2992 1086 3170 1148 ἔνοχον,
3190 1102 3385 1151 gravem

1835 1156 2061 1194 ancoram
2083 1146 2129 1195 in
2151 1146 2305 1195 fundo
2324 1148 2471 1197 maris
2486 1187 2499 1209 ,
2521 1148 2583 1197 ad
2600 1152 2826 1213 scopulos
2852 1152 3078 1203 fortasse.
3100 1155 3382 1217 haerentem,

1833 1214 2118 1277 ἐνεχόμενον.
2144 1236 2167 1257 ³»
2190 1218 2301 1265 Jac.
2329 1248 2385 1259 -
2409 1222 2436 1267 4
2472 1222 2625 1268 Ἰόνιον
2647 1222 2801 1277 Plan.;
2829 1224 2855 1249 *
2885 1224 3043 1287 ῥὼνιον
3070 1224 3189 1273 (3011.
3213 1254 3273 1261 -
3292 1232 3317 1277 7
3339 1230 3384 1281 ἐς

1834 1285 1954 1343 μέγα
1990 1284 2110 1334 s'od.
2142 1288 2191 1335 et
2218 1286 2371 1343 Plan.;
2399 1287 2450 1337 εὗ
2480 1295 2599 1349 μέγα
2625 1290 2896 1343 Schoeferus
2928 1298 2977 1344 et
3005 1295 3207 1345 Loheek.
3237 1302 3379 1348 Para-

1832 1352 1912 1415 lip.
1942 1368 2147 1418 gramm.
2172 1370 2220 1418 p.
2253 1364 2358 1417 221,
2386 1363 2499 1421 post
2524 1360 2819 1410 Brunckium
2842 1363 2925 1425 qui
2954 1366 3143 1427 εὖμεγα.
3167 1368 3384 1429 Jungen·

1831 1424 1952 1472 dum
1970 1426 2135 1483 ἐπῆλθέ
2153 1444 2249 1488 μοι.
2272 1434 2362 1477 -8
2382 1428 2635 1491 &niemez-⁴
2652 1431 2769 1480 Plan
2793 1447 2807 1485 ς
2830 1434 3086 1496 ἀπέόρωξεν
3107 1436 3379 1495 sancimus,

1833 1494 1923 1545 sed
1972 1496 2168 1546 Codicis
2216 1498 2503 1561 scripturam
2550 1501 2706 1550 tuitus
2746 1502 2806 1551 ad
2847 1505 2932 1563 lx,
2970 1518 3047 1569 ep.
3088 1514 3129 1566 1,
3153 1511 3198 1556 la.
3242 1508 3381 1557 Conf.

1831 1565 2015 1613 Buttm.
2045 1567 2256 1617 Gramm.
2284 1570 2321 1617 t.
2346 1570 2412 1627 11,
2441 1582 2488 1631 p.
2518 1574 2605 1618 129
2634 1569 2711 1619 ed.
2742 1571 2971 1632 Loheck.;
3002 1574 3085 1636 qui
3111 1575 3305 1637 quidem
3335 1578 3385 1627 in

1831 1633 2112 1685 Rhematico
2137 1651 2185 1699 p.
2217 1644 2294 1697 68,
2323 1653 2372 1687 n.
2408 1642 2467 1688 36
2498 1639 2693 1702 praefert
2727 1640 2989 1703 ἁπέδρυξεν,
3028 1664 3051 1687 e«
3091 1644 3379 1709 demordit,

1834 1706 1890 1752 ut
1904 1706 2100 1769 μύραινα
2115 1708 2273 1765 ἁλιῆας
2294 1709 2554 1770 ἐμόρύξασα
2568 1722 2643 1771 ap.
2660 1710 2880 1761 Nicandr.
2895 1713 3039 1763 Ther.
3054 1720 3163 1777 824,
3182 1728 3210 1764 a
3227 1718 3383 1779 βρύκω

1831 1777 1888 1823 ut
1913 1776 2207 1837 καταδρύκω.
2236 1798 2257 1819 υ
2280 1780 2336 1827 111
2376 1777 2509 1827 Plan.
2540 1778 2653 1829 edd.
2688 1779 2853 1843 pluroe
2875 1782 3079 1849 ἀχρμ-
3099 1790 3147 1835 11
3184 1786 3383 1851 Θράσυος

1831 1843 1973 1904 Cod.;
1993 1847 2219 1909 Θράσιδος
2250 1848 2457 1898 Brunck.

1895 1976 2050 2023 nvn.
2090 1976 2287 2026 Lemma
2311 1992 2324 2019 t
2346 1978 2409 2033 εἷς
2430 1978 2687 2039 Γόργιππον
2706 1981 2985 2042 ἑπιτύμὸιον.
3012 2002 3035 2025 σι
3057 1985 3112 2032 ln
3136 1984 3383 2035 Planudca

1829 2042 1965 2104 prius
2002 2042 2243 2093 distichon
2279 2046 2567 2097 Alexandri
2605 2052 2705 2107 est,
2750 2050 2956 2101 alterum
3008 2052 3161 2102 abest.
3200 2056 3381 2105 Gallice

1834 2116 2095 2176 utrumque
2119 2116 2267 2165 vertit
2291 2117 2485 2167 Chardo
2510 2118 2661 2168 Roch.
2682 2120 2880 2171 Miscell.
2913 2125 2936 2172 t
2972 2125 3013 2182 1,
3029 2138 3076 2187 p.
3098 2129 3207 2183 3933
3228 2126 3378 2188 quiV.

1830 2188 1860 2231 3
1881 2184 2169 2245 praeferebat
2191 2187 2397 2249 pessime
2422 2187 2705 2239 varietatem
2732 2191 2904 2240 ἔπιδον.
2934 2212 2957 2235 ιι
2990 2195 3049 2243 Β.
3073 2222 3135 2231 -
3162 2202 3178 2245 1
3206 2198 3381 2251 λεὺσεις

1829 2254 1951 2303 cod.
1974 2283 2033 2290 —
2054 2264 2080 2305 2
2110 2256 2493 2320 distinguebatur
2519 2260 2661 2323 vulgo
2699 2266 2809 2323 post
2838 2266 3094 2327 χερνήτεω,
3134 2266 3221 2317 sed
3251 2271 3381 2317 recte

1829 2324 2059 2387 Bergkius
2094 2338 2144 2388 p·
2170 2332 2262 2377 910
2298 2330 2585 2378 sententiam
2628 2331 2895 2383 continuat.
2917 2362 2978 2370 —
2994 2341 3022 2385 3
3040 2337 3209 2386 ἐπίδων
3234 2338 3378 2395 cod..

1829 2396 2131 2457 superposito
2152 2398 2178 2445 ὀ
2198 2398 2405 2459 (ἐπιδὸν),
2431 2412 2554 2448 corr.
2580 2402 2773 2451 Jacobs.
2795 2428 2859 2439 —-
2876 2408 2907 2453 4
2931 2405 3130 2467 θάλαμος
3152 2406 3272 2456 Cod.

1889 2532 2067 2582 nvm.
2091 2535 2285 2583 Lemma
2307 2554 2321 2583 ι
2348 2536 2409 2590 εἰς
2442 2539 2709 2586 Παυσανίαν
2735 2540 2814 2589 τὸν
2840 2540 3012 2603 ἰατρόν.
3042 2561 3063 2583 ‘1
3092 2544 3178 2593 Est
3202 2557 3381 2607 anony-

1826 2613 1967 2649 mum
1994 2602 2043 2649 in
2070 2604 2339 2663 Planudea3
2376 2606 2677 2669 Empedocli
2719 2608 2891 2659 tribuit
2940 2614 3177 2674 Diogenes
3216 2614 3375 2665 Laert.

1778 2675 1783 2729 ξ
1827 2674 1957 2733 vlu,
1986 2679 2063 2722 61.
2088 2695 2112 2716 ι»
2149 2674 2573 2725 B.Schneidewin.
2595 2691 2643 2739 p.
2668 2684 2752 2727 225
2782 2698 2794 2726 :
2818 2698 2841 2721 «
2873 2679 3001 2728 Illud
3024 2685 3243 2745 constat,
3264 2686 3380 2733 Em-

190 2724 493 2773 stantissimo
517 2724 736 2773 omnium
766 2730 970 2788 genere?
994 2746 1016 2769 υ
1052 2725 1246 2776 Jacobs.
1282 2746 1294 2775 ι
1321 2746 1343 2768 κ
1371 2727 1732 2789 mutuatissi-
1777 2754 1783 2773 .

1827 2743 2073 2803 pedoclem
2122 2745 2358 2793 Pausania
2402 2746 2774 2797 familiarissime
2814 2761 2959 2798 usum
3004 2763 3141 2811 esse,
3168 2758 3229 2803 ut
3269 2756 3374 2803 Ari·

1827 2812 1987 2877 stippo
2018 2817 2068 2863 et
2093 2816 2264 2876 Satyro
2287 2815 2568 2865 auctoribus
2592 2817 2737 2865 refert
2760 2818 2996 2882 Diogenes
3012 2858 3025 2882 ‚
3046 2824 3097 2870 et
3120 2834 3293 2886 poema
3318 2825 3379 2873 (le

1826 2896 1989 2932 rerum
2017 2887 2190 2933 natura
2217 2885 2261 2934 ei
2292 2885 2565 2946 dedicasse,
2587 2885 2665 2937 his
2681 2888 2877 2938 verbis:

1952 3023 2228 3083 Παυσανία,
2250 3025 2309 3072 σὺ
2335 3025 2383 3072 δὲ
2405 3027 2560 3086 κλῦθι,
2580 3027 2817 3090 δαΐφρονος
2840 3029 3049 3091 Ἀγχίτου
3073 3032 3163 3081 υἱέ.

1824 3144 1950 3193 Hinc
1974 3144 2065 3194 erit
2086 3145 2171 3208 qui
2196 3147 2489 3209 epigramma
2515 3148 2791 3211 Empedocli
2816 3151 2990 3213 quavis
3021 3152 3205 3202 ratione
3229 3155 3379 3203 vindi-

1823 3214 1918 3262 cet.
1946 3215 2115 3276 Neque
2149 3228 2263 3264 vero
2297 3217 2515 3278 ineptum
2540 3221 2757 3268 statuere
2774 3257 2789 3278 ‚
2819 3233 2847 3269 a
2873 3219 3117 3272 Simonide
3142 3224 3379 3286 scriptum

185 3286 240 3331 Α.
268 3284 338 3338 11,
361 3285 422 3331 ⁴4
461 3302 474 3329 ι
499 3284 553 3329 αἱ
575 3281 766 3337 ἰουλίδες
805 3285 922 3332 εἰσὶν
953 3285 1080 3347 ἰχθῦς
1111 3286 1365 3348 πέτραις
1402 3287 1612 3348 ἕντροφοι
1653 3288 1733 3334 καὶ
1826 3285 1948 3332 falsa
1977 3285 2337 3336 ratiocinatione
2376 3289 2583 3338 relatum
2624 3289 2685 3338 ad
2729 3290 3067 3353 Empedoclem
3091 3306 3201 3344 esse
3235 3295 3298 3344 ab
3320 3295 3381 3344 iis

185 3352 368 3412 ἔχουσιν
404 3352 480 3398 ἰοῦ
509 3351 563 3399 τὸ
596 3350 748 3412 στόμα
773 3351 987 3412 ἔμπλεον.
1013 3345 1072 3394 -4
1100 3359 1128 3402 6
1162 3355 1299 3401 ὀλοαν
1345 3355 1358 3409 (
1373 3353 1476 3412 sic)
1503 3353 1646 3414 Cod.,
1684 3361 1734 3406 et
1823 3354 1910 3414 qui
1932 3356 2181 3404 Pausanioe
2198 3359 2249 3405 et
2267 3357 2567 3420 Empedoclis
2594 3359 2963 3410 familiaritatem
2992 3362 3375 3413 recordarentur.

187 3435 230 3467 v.
267 3427 296 3470 8
324 3422 611 3480 παλλομένα.
657 3440 680 3462 α
721 3422 832 3470 Pari
859 3423 1174 3485 casuperiit,
1213 3424 1304 3472 sub
1336 3424 1481 3473 tinem
1529 3427 1734 3488 Augusti

187 3489 366 3538 mensis
383 3503 432 3538 a.
469 3495 587 3540 1836
606 3529 620 3547 ,
640 3491 807 3540 Errisii
843 3491 890 3540 in
914 3493 1084 3554 Anglia
1111 3494 1337 3556 piscator.
1367 3498 1531 3552 Quum
1553 3498 1736 3560 jaceret

187 3561 424 3610 exanimis
445 3561 587 3622 Juxta
607 3562 870 3612 arundines
887 3566 936 3612 et
959 3564 1154 3614 situlam
1177 3565 1384 3627 piscium
1400 3567 1592 3628 plenam
1611 3605 1623 3628 ‚
1649 3569 1733 3630 qui

187 3632 391 3681 cadaver
409 3631 726 3693 inspexerunt
753 3636 811 3681 ut
837 3633 1007 3682 mortis
1047 3647 1157 3695 quae
1181 3634 1352 3683 fuisset
1374 3648 1524 3684 causa
1559 3649 1735 3698 cogno·
1773 3618 1778 3716 ξ

186 3704 373 3751 scer-ent
389 3739 401 3760 ‚
433 3703 716 3764 repererunt
748 3701 980 3765 pharyngi
1006 3703 1213 3752 hominis
1245 3704 1560 3755 inhaerentem
1592 3707 1734 3768 pisci·
1773 3727 1778 3736 ·

186 3774 345 3823 culum
363 3811 376 3833 ,
395 3785 546 3833 quem
567 3771 750 3834 opinati
774 3776 888 3822 sunt
905 3773 1103 3835 propius
1128 3773 1366 3836 piscatum
1390 3773 1734 3826 considerantis

1822 3425 1918 3472 Res
1935 3424 2083 3487 igitur
2100 3425 2149 3474 in
2164 3425 2347 3476 incerto
2362 3427 2690 3492 relinquenda.
2715 3449 2739 3471 a·
2758 3455 2819 3466 —
2843 3439 2861 3479 1
2885 3429 2955 3480 sic
2982 3432 3120 3494 Diog.
3140 3435 3192 3482 et
3220 3433 3376 3492 Plan.;

1821 3495 2083 3543 παυσανίαν
2099 3495 2219 3544 cod.
2236 3496 2501 3560 Ἐπώνυμος
2516 3519 2539 3541 ιι
2554 3501 2629 3548 est
2640 3499 2741 3561 qui.
2757 3499 2891 3562 quod
2900 3504 2993 3559 est,
3010 3515 3126 3551 vere
3144 3505 3345 3551 vocatur
3362 3523 3375 3550 ι

1825 3568 1885 3613 ut
1918 3584 1929 3611 :
1960 3566 2262 3624 Πολύνεικες,
2301 3569 2403 3628 ἔφυς
2442 3571 2513 3630 ἄρ’
2534 3571 2801 3628 ἐπώνυμος,
2828 3570 2989 3633 Eurip.
3035 3571 3201 3621 Phoen.
3230 3579 3369 3624 1500.

1822 3635 2007 3683 Nomen
2032 3636 2162 3684 enim
2186 3635 2393 3686 habehat
2420 3638 2497 3688 ille
2525 3641 2619 3688 ἀπὸ
2650 3645 2734 3687 τοῦ
2760 3641 2922 3688 παύειν
2952 3641 3033 3697 τὰς
3055 3641 3197 3698 ἀνίας.
3228 3642 3366 3691 conf.

1822 3700 1971 3763 soph.
2011 3703 2083 3764 Aj.
2112 3707 2220 3753 430.
2254 3725 2275 3746 υ
2304 3707 2415 3754 Jac.
2441 3733 2504 3743 —
2528 3715 2557 3756 2
2585 3707 2699 3766 φῶτ’
2723 3706 2873 3759 Ἄσκλ.
2895 3708 3017 3772 Diog
3040 3747 3055 3769 ,
3087 3711 3173 3773 qui
3197 3710 3377 3762 deinde

1823 3771 1981 3833 ἔθρεψε
2003 3775 2143 3832 Γέλα,
2164 3774 2283 3822 eod.
2306 3776 2447 3837 ἔθαψε
2468 3779 2634 3838 πέλας,
2660 3778 2796 3827 Plan.
2822 3778 2963 3840 ἔθαψε
2998 3781 3119 3836 κόνις
3134 3816 3147 3842 ,
3168 3781 3229 3830 de
3258 3793 3376 3829 oon-

187 3842 230 3890 in
260 3856 317 3891 os
339 3841 583 3892 insiluisse
605 3855 664 3892 ac
693 3842 907 3892 faucium
929 3843 1114 3893 aditum
1145 3844 1337 3906 penitus
1367 3845 1635 3896 obturasse.
1660 3850 1732 3896 De
1775 3890 1778 3901 .
1817 3840 2036 3901 iectura·
2066 3845 2123 3891 ut
2143 3857 2290 3906 prope
2308 3845 2483 3893 omnia·
2510 3846 2650 3896 Initio
2676 3861 2845 3896 versus
2862 3885 2876 3905 ‚
2906 3849 2997 3898 nisi
3028 3864 3199 3900 verum
3216 3863 3376 3900 serva·

185 3912 350 3960 eodem
394 3915 683 3974 argumento
715 3913 848 3962 conf.
891 3913 1015 3964 infra
1041 3928 1118 3977 ep.
1150 3919 1257 3964 707..
1303 3936 1326 3959 »
1372 3920 1435 3966 B.
1466 3944 1527 3953 —
1559 3923 1608 3966 11
1657 3919 1732 3966 ἐπὶ
1774 3924 1779 3953 ¹
1823 3911 1974 3960 visset
1994 3913 2152 3976 Diog.‚
2173 3915 2305 3976 φῶτ’,
2326 3915 2463 3964 malis
2480 3919 2575 3978 τῇδ’
2593 3931 2680 3978 pro
2695 3918 2833 3967 τόνδ’.
2853 3945 2916 3955 -
2938 3926 2967 3968 3
2992 3921 3041 3976 ὃς
3064 3923 3259 3976 πολλοὺς
3284 3939 3371 3984 μό·

187 3984 360 4042 μοίριον
375 3981 521 4040 cod„
543 3982 750 4031 alterum
783 3983 914 4031 Plan.
939 4009 1000 4018 —-
1033 3990 1086 4033 12
1110 3985 1337 4045 γρίπωνος
1360 3989 1583 4050 γριππεὺς
1604 3988 1726 4038 Cod.

187 4055 233 4100 et
262 4051 394 4100 Plan.
417 4051 522 4112 (qui
539 4063 637 4100 uno
668 4069 702 4100 π
717 4051 764 4124 >3
789 4053 994 4103 correxit
1017 4053 1241 4117 Scaliger.

245 4190 343 4236 DV.
383 4189 584 4236 Lemma
619 4206 632 4235 :
671 4190 734 4243 εἰς
767 4189 1038 4249 Πελάγωνα.
1086 4210 1108 4232 «
1154 4192 1481 4240 Instrumenta
1507 4193 1732 4255 quaedam

187 4256 434 4316 piscatoris
465 4256 657 4305 tumulo
691 4256 932 4320 imposita.
963 4258 1190 4310 Similiter
1211 4265 1374 4310 nautae
1401 4261 1624 4311 tumulus
1647 4276 1727 4310 or-

187 4329 324 4372 natur
345 4325 394 4372 in
427 4324 646 4386 Odyssea
666 4328 735 4385 M,
761 4330 814 4375 14
838 4349 848 4375 :
869 4329 1040 4389 τύμὸον
1061 4331 1272 4392 χεύαντες
1373 4333 1577 4392 πήξκμεν
1595 4332 1732 4393 ἀκρο-

184 4395 303 4454 τάτῳ
331 4395 496 4455 τύμὸῳ
536 4395 690 4457 εὐῆρες
731 4397 934 4459 ἐρετμόν.
975 4398 1117 4447 Conf.
1155 4400 1287 4462 virg.
1325 4403 1432 4449 AEn.
1466 4403 1548 4452 Vl,
1573 4405 1680 4450 232.
1707 4421 1728 4442 υ

187 4463 294 4510 Jac.
315 4488 376 4498 —
401 4469 420 4511 1
447 4471 635 4525 γριππεῖ
661 4464 802 4524 Cod.;
827 4467 1018 4523 ἀνέθηκε
1050 4468 1204 4525 Plau..
1231 4468 1364 4531 quod
1393 4468 1506 4517 olim
1536 4468 1598 4518 ab
1624 4469 1730 4532 ipso

185 4529 366 4578 editum
392 4544 520 4580 nunc
538 4545 595 4580 ex
616 4533 735 4580 cod.
763 4538 920 4583 mutat
943 4537 1065 4594 ,ωας
1085 4539 1308 4594 Μενίσκος
1328 4551 1382 4586 ex
1411 4537 1542 4586 Plan.
1563 4551 1730 4586 omnes

185 4603 402 4656 εει-ναοῖς
429 4601 640 4662 βερίσκος
664 4601 782 4652 cod.
809 4605 946 4652 conf.
973 4606 1050 4664 xl,
1072 4619 1145 4667 ep.
1182 4613 1284 4658 184.
1319 4608 1437 4656 Mire
1463 4608 1616 4672 Boiss2
1640 4611 1728 4658 Βε-

185 4669 350 4730 νίσκος,
366 4670 534 4719 relicto
554 4671 826 4728 ἀνέθηκε.-
845 4679 871 4722 2
887 4681 1124 4732 κακοζωᾶς
1142 4678 1282 4739 eod„
1299 4680 1556 4735 κακοζωῑας
1578 4682 1732 4740 Plan.,

188 4753 300 4788 ωιτ.
327 4740 556 4804 Scaliger.
761 4762 772 4768 -

1821 3986 1994 4043 γεροῖσι
2017 3986 2373 4043 μαραινομένους
2400 3987 2651 4045 καμάτοισι
2689 3988 2847 4050 Diog„
2872 3989 3007 4051 quod
3046 3993 3299 4054 antiquum
3324 3997 3376 4042 et

1820 4064 2011 4100 verum.
2038 4080 2099 4090 --
2121 4057 2145 4102 4
2176 4055 2465 4116 Περσεφόνας
2484 4057 2619 4105 Plan.

1883 4201 2015 4249 uix.
2037 4203 2266 4249 Lemma:
2296 4204 2360 4258 εἰς
2390 4203 2584 4260 Θέογνιν
2619 4205 2697 4253 τὸν
2736 4209 2961 4256 Σινωπέα.
2989 4235 3052 4246 --
3086 4216 3099 4257 1
3132 4214 3372 4270 Σινωπέως

1819 4268 2057 4319 edebatur
2098 4274 2207 4319 ante
2233 4272 2339 4318 Jac.
2375 4292 2397 4312 n
2425 4273 2747 4336 Theognidem
2778 4289 2873 4324 non
2912 4278 2959 4324 in
2996 4279 3150 4340 patria
3194 4280 3371 4331 obiisse

1821 4342 2020 4402 apparet
2042 4352 2097 4388 ex
2123 4338 2289 4388 addito
2318 4333 2563 4398 Σινὼπὲος.
2588 4363 2612 4384 n
2640 4343 2949 4394 Sclmeidew.

1881 4473 1984 4519 Dx.
2014 4473 2210 4519 Lemma
2238 4490 2250 4519 ι
2286 4473 2351 4526 εἰς
2396 4474 2669 4529 Κλεισθένην
2711 4476 2909 4535 ναυηγὸν
2944 4477 3073 4524 Χῖον.
3097 4481 3198 4525 -1
3244 4483 3374 4538 σῆμα

1821 4539 1925 4589 Cud
1952 4578 1963 4598 ,
2009 4541 2216 4591 alterum
2252 4541 2384 4590 Plan.
2421 4543 2566 4592 Recte
2603 4543 2831 4594 observat
2860 4547 2984 4604 Jac.,
3032 4545 3375 4608 parentheseos

1820 4608 1973 4658 instar
1998 4609 2216 4659 habenda
2235 4625 2343 4660 esse
2361 4625 2472 4674 quae
2487 4618 2774 4675 sequuntur,
2795 4616 2843 4662 ἐν
2860 4615 2907 4663 δέ
2922 4633 2977 4663 σε
3072 4617 3372 4680 πλαζόμενον.

1820 4705 1881 4714 -
1902 4687 1931 4730 2
1960 4683 2048 4744 κήρ
2086 4682 2240 4743 ἔκιχεν
2266 4682 2399 4734 Plan.
2422 4687 2528 4732 —4
2562 4686 2783 4745 ἦμὸροτες
2815 4685 2967 4744 Plan.;
2993 4691 3095 4748 χῖον
3128 4687 3201 4736 ἐπ’
3231 4688 3372 4750 cod„

1819 4753 1935 4800 Χῖον
1976 4752 2019 4806 ἐς
2060 4752 2213 4812 Plan„
2250 4753 2425 4803 vitiose
2464 4755 2701 4816 producta
2726 4756 2933 4818 syllaba3
2962 4761 3113 4820 quare
3140 4759 3371 4823 Bergkius

1822 4821 1927 4868 οὐδὲ
1953 4820 2066 4870 Χίον
2088 4823 2190 4869 ἵκευ
2216 4823 2259 4877 ἐς
2274 4858 2288 4881 ,
2308 4821 2357 4871 in
2382 4823 2533 4873 altera
2554 4824 2673 4874 edit.
2702 4837 2749 4888 p.
2772 4833 2882 4884 909,
2904 4828 2999 4876 οὐδ’
3015 4829 3117 4878 ἵκευ
3137 4831 3373 4892 πατρίδ’

241 4878 370 4926 DVI.
401 4879 604 4926 Lemma
633 4894 644 4920 τ
671 4881 733 4936 εἷς
753 4883 924 4944 Θρασὺν
945 4883 1149 4945 (Θρᾶσυν
1172 4884 1347 4942 BoisS.)
1368 4889 1468 4936 τινὰ
1491 4889 1590 4936 υἱόν
1609 4891 1732 4952 xmp·
1821 4890 1866 4944 ἐς
1886 4891 1998 4952 ἀμφ.
2022 4891 2420 4942 Schneidewinus
2438 4907 2483 4956 p.
2518 4898 2619 4954 167,
2650 4898 2691 4952 ἐς
2716 4897 2826 4948 Χίον
2846 4899 2957 4958 ἀμφ.

183 4947 342 5008 aizoo,
375 4947 429 4996 ὃν
459 4949 732 5009 χαλάσαντα
753 4953 836 5010 τὴν
858 4952 1060 5016 ἄγκυραν
1097 4955 1220 5002 κύων
1249 4955 1496 5011 θαλάσσιος
1528 4958 1728 5011 καταὸές

189 5019 328 5079 tipum
345 5037 356 5047 ·
377 5020 497 5078 πλὴν
526 5020 596 5068 ὅτι
615 5023 666 5069 τὸ
690 5023 835 5084 ἥμισυ
862 5023 1004 5072 αὐτοῦ
1030 5023 1243 5080 λαθόντες
1273 5027 1316 5074 οἱ
1337 5030 1497 5074 ναῦται
1531 5026 1726 5088 ἔθαψαν.

393 5113 694 5152 sufflet-ocu.
733 5111 769 5151 L

1885 5030 2005 5077 nxl.
2060 5033 2257 5079 lemnia
2289 5052 2299 5080 :
2336 5034 2399 5084 εἰς
2432 5035 2695 5094 Μεγακλέα.
2722 5053 2745 5076 ιι
2772 5039 2929 5098 Quem
2957 5035 3085 5084 dicat
3107 5039 3247 5098 poeta
3276 5039 3353 5088 Me

3094 5121 3141 5162 st
