3829 5747
954 197 1200 258 CAPUT
1239 198 1363 258 vn.
1410 195 1966 258 EPIGRAMMATA
2009 197 2550 259 SEPULCRALIA.
3245 202 3356 260 329

192 314 243 388 3ll
270 327 379 406 γὰρ,
405 325 698 407 ὀρινομένου
728 326 945 406 πόντου,
972 327 1189 386 δείσασα
1220 329 1483 401 θαλάσσης
1800 337 2025 388 Profecto
2051 339 2198 400 enim,
2223 341 2384 389 emoto
2411 340 2562 401 ponto
2581 376 2593 399 ,
2629 337 2784 386 verita
2809 337 3020 400 oequoris

247 415 374 494 ῧὸριν
398 413 525 494 ὑπὲρ
552 416 727 474 κοίλου
756 414 1001 494 δούρατος
1027 416 1281 484 ἐξέπεσες.
1856 422 2160 486 violentiam,
2180 437 2301 474 cavo
2331 425 2504 474 robore
2525 423 2700 488 (nave)
2725 423 2934 486 desuper
2958 423 3197 474 excidisti.

136 523 153 560 ι
190 505 270 566 Καὶ
297 505 377 562 σὸν
406 504 499 576 μὲν
526 512 689 583 φωνεῖ
715 504 876 582 τάφος
903 503 1101 581 οὔνομα
1125 551 1141 580 ,
1167 506 1259 564 καὶ
1296 507 1457 586 χθόνα
1490 505 1702 583 Κύμην,
1796 512 1859 560 Et
1872 511 2016 560 tuum
2027 510 2224 573 quidem
2237 511 2455 574 loquitur
2470 511 2881 560 tumulusnomen
2891 513 3132 560 etterram
3143 513 3352 574 Cymem

246 592 379 650 ὀστέα
408 591 461 648 δὲ
492 593 681 671 ψυχρῷ
710 590 913 660 κλύζετ’
944 595 1027 651 ἔπ’
1055 597 1307 674 αἰγιαλῷ,
1859 611 1972 646 ossa
1991 611 2107 648 vero
2127 598 2302 662 frigido
2320 599 2614 662 perluuntur
2636 598 2687 648 in
2704 598 2896 660 littore,

186 680 331 757 πικρὸν
354 679 723 758 Ἀριστομάχῳ
744 680 925 759 γενέ-τῃ
948 682 1133 756 κακὸν,
1155 681 1208 748 ὅς
1232 706 1289 742 σε
1320 682 1545 758 κομίζων
1800 685 2030 734 acerbum
2060 685 2397 736 Aristomacho
2413 686 2600 749 parenti
2619 685 2804 735 malum
2819 725 2833 747 ,
2853 685 3008 749 quite
3027 685 3238 736 avehens

244 771 283 832 ἐς
305 767 483 843 γάμον,
507 766 623 824 οὔτε
650 767 811 849 κόρην
832 767 1026 848 ἤγαγεν
1048 767 1165 828 οὔτε
1196 768 1367 832 νέκυν.
1860 772 1926 822 ad
1951 773 2170 836 nuptias,
2195 787 2356 837 neque
2371 777 2578 837 nuptam
2591 773 2735 823 duxit
2747 786 2908 836 neque
2925 775 3183 824 mortuam.

364 914 495 964 992.
542 903 852 965 ΘΕΩΝΟΣ
895 905 1485 968 ΑΛΕΞΑΝΔΡΕΩΣ.
2143 919 2246 965 292.
2282 914 2552 963 Tnnoms
2583 913 3016 963 ALExANnmNJ.

186 1040 437 1113 Ἁλκυόσιν,
460 1047 659 1114 Δηναῐε
676 1085 693 1113 ,
724 1041 896 1118 μέλιις
914 1040 1055 1121 τάχα
1071 1065 1085 1078 ·
1114 1043 1265 1123 κωφὰ
1290 1042 1345 1101 δὲ
1369 1044 1545 1122 μήτηρ
1799 1055 2154 1118 Halcyonihus‚
2169 1069 2200 1104 o
2217 1059 2407 1117 Lenaee,
2428 1069 2641 1104 curm-es
2661 1055 2824 1105 forsan
2840 1072 2853 1114 ;
2867 1057 3060 1105 mutum
3073 1067 3191 1105 vero
3204 1059 3352 1104 mater

245 1130 402 1208 μύρεθ’
426 1129 554 1210 ὖπὲρ
583 1135 805 1209 κρυεροῦ
834 1131 1087 1210 δυρομένη
1115 1155 1174 1191 σε
1196 1131 1382 1204 τάφου.
1860 1144 2155 1193 lamentatur
2175 1155 2324 1206 super
2351 1142 2526 1206 frigido
2555 1142 2738 1193 deflens
2767 1145 2818 1193 te
2847 1143 3057 1192 tumulo.

425 1281 559 1330 293.
609 1270 965 1331 lzlmpor
1007 1271 1407 1332 ΑΙΓΕΑΤΟΥ.
2225 1288 2331 1334 293.
2369 1285 2606 1333 lslnom
2639 1285 2940 1334 AEGEATAE.

244 1409 317 1468 Οὔ
335 1412 490 1486 χεῖμα
512 1408 849 1488 Νικόφημον,
872 1411 966 1469 οὐκ
995 1409 1199 1490 ἄστρων
1226 1411 1368 1478 δύσις
1799 1421 1905 1470 Non
1930 1420 2144 1484 procella
2162 1419 2512 1483 Nicophemum
2527 1458 2539 1481 ‚
2557 1435 2656 1470 non
2673 1424 2918 1471 astrorum
2945 1435 3149 1471 occasus

248 1497 355 1562 ἁλὸς
376 1497 636 1568 Attidem<
665 1499 891 1572 κύμασιν
919 1497 1256 1557 κατέκλυσεν·
1800 1509 1949 1558 maris
1977 1508 2142 1572 Libyci
2167 1508 2396 1558 fluctibus
2423 1509 2610 1566 obruit;

248 1584 355 1640 ἀλλ’
376 1586 426 1641 ἐν
448 1584 648 1662 γαλήνῃ
668 1631 682 1653 ,
715 1589 807 1664 φεῦ
836 1587 1027 1650 τάλαςῐ
1056 1587 1299 1668 ἀνηνέμῳ
1800 1596 1888 1645 sed
1912 1597 1964 1644 in
1995 1596 2368 1658 tranquillitate,
2399 1597 2494 1646 heu
2519 1598 2694 1646 miser!
2723 1598 3102 1648 ventis-carente

247 1673 379 1749 πλόῳ
402 1673 637 1742 πεδηθεὶς
656 1714 673 1742 ,
698 1672 893 1752 ἐφρύγη
926 1674 1101 1753 δίψευς
1125 1674 1245 1734 ὕπο.
1801 1684 2106 1746 navigatione
2123 1685 2318 1733 vinctus
2332 1723 2343 1742 ‚
2375 1687 2730 1733 contostus-est
2758 1684 2853 1734 siti.

248 1760 343 1818 Καὶ
370 1759 505 1817 τοῦτ’
528 1759 731 1830 ἀήτεων
758 1759 926 1837 ἔργον·
952 1753 987 1818 ἷι
1014 1763 1173 1820 πόσον
1202 1762 1364 1820 κακὸν
1435 1805 1441 1812 .
1470 1793 1477 1802 ·
1800 1774 1861 1821 Et
1884 1771 1980 1820 hoc
2001 1774 2256 1820 ventorum
2281 1785 2424 1834 opus.
2441 1771 2600 1820 Proh!
2625 1777 2865 1834 quantum
2893 1773 3079 1821 malum

246 1847 491 1906 ναύταισιν
518 1847 553 1918 ἢ
577 1849 813 1913 πνέοντες
841 1849 875 1918 ἢ
908 1851 1227 1925 μεμυκότεςί
1800 1863 1922 1910 sunt
1949 1859 2109 1910 nautis
2138 1872 2226 1909 seu
2247 1859 2488 1923 spirantes
2519 1873 2608 1910 seu
2634 1863 2882 1910 tacentes!

487 1998 625 2048 294.
669 1990 1003 2050 ΤΥΛΛΙΟΥ
1045 1992 1364 2052 ΛΑΥΡΕΑ.
2245 2003 2352 2049 294.
2381 2001 2599 2049 Tuum
2632 2001 2912 2048 LAUREAE.

186 2129 355 2206 Γρυνέα
385 2128 467 2186 τὸν
496 2129 753 2207 πρέσὸυν,
782 2129 871 2189 τὸν
898 2132 1173 2210 ἁλιτρύτου
1203 2133 1308 2190 ἀπὸ
1339 2131 1545 2209 κύμὸης
1803 2143 2052 2204 Gryneum
2077 2141 2424 2205 grandaevum,
2453 2141 2590 2191 illum
2613 2142 2927 2192 mari-attrita
2957 2141 3028 2192 de.
3045 2142 3219 2204 cymba

246 2221 431 2291 ζῶντα,
456 2217 541 2276 τὸν
567 2218 864 2297 ἀγκίστροις
891 2221 981 2277 καὶ
1008 2217 1263 2296 μογέοντα
1292 2220 1480 2298 λίνοις,
1861 2227 2134 2289 viventem,
2160 2227 2318 2278 hamis
2342 2228 2644 2278 laborantem
2663 2232 2714 2279 et
2735 2229 2922 2278 retibus
2939 2267 2951 2290 ‚

182 2305 229 2362 ἐκ
252 2309 401 2363 δεινοῦ
428 2315 643 2385 τρηχεῖα
674 2308 843 2368 Νότου
868 2309 1117 2365 κατέδυσε
1142 2309 1380 2366 Θάλασσα
1398 2353 1413 2381 ,
1802 2331 1831 2367 a
1855 2317 2060 2368 terribili
2088 2323 2368 2382 asperatum
2398 2322 2523 2369 Noto
2567 2319 2800 2369 demersit
2828 2333 2961 2369 mare
2978 2358 2990 2381 ,

244 2393 418 2470 ἔδρασε
440 2395 481 2451 δ’
503 2397 551 2459 ἐς
574 2397 837 2473 κροκάλην
858 2397 1053 2473 πρώϊον
1078 2395 1257 2468 ἠϊόνα,
1864 2407 2103 2470 ejecitque
2129 2406 2179 2456 in
2208 2420 2498 2471 scruposum
2538 2421 2682 2457 mane
2711 2406 2868 2479 littuS,

180 2488 331 2556 χεῖρας
353 2480 742 2560 ἅποὸρωθέντα.
768 2483 863 2548 Τίς
887 2484 945 2540 οὐ
970 2483 1083 2542 νόον
1114 2483 1315 2562 ἰχθύσιν
1346 2481 1481 2541 εἴποι
1802 2507 1979 2544 manus
2004 2495 2279 2558 depastum.
2311 2495 2434 2552 Quis
2459 2509 2566 2556 non·
2585 2497 2798 2544 mentem
2819 2493 3035 2557 piscibus
3051 2493 3183 2542 dicat

242 2569 475 2646 ἔμμεναι,
497 2570 546 2630 οἳ
577 2570 769 2648 μούνας
789 2615 805 2644 ,
839 2563 919 2638 αἷς
948 2571 1212 2644 ὀλέκοντο,
1241 2573 1403 2652 φάγον
1422 2591 1439 2647 3
1868 2595 1976 2632 esse
1993 2621 2006 2646 ,
2025 2583 2114 2645 qui
2136 2584 2266 2633 solas
2279 2621 2290 2643 ‚
2309 2582 2490 2646 quibus
2517 2582 2728 2645 periere,
2750 2580 3105 2644 comederunt?

400 2723 531 2774 295.
578 2715 909 2774 AleAA
950 2715 1455 2774 ΤΑΡΕΝΤΙΝΟΥ.
2177 2731 2282 2776 295.
2318 2726 2616 2774 Leonum:
2648 2725 2996 2775 nummi.

180 2854 321 2931 Θῆριν
347 2855 427 2915 τὸν
450 2857 751 2935 τριγέροντα
766 2904 783 2935 ,
806 2857 893 2917 τὸν
925 2859 1157 2938 εὗάγρων
1184 2857 1289 2918 ἀπὸ
1310 2856 1508 2938 κύρτων
1802 2866 1982 2917 Ther-in
2000 2865 2359 2930 oppido-senem
2375 2904 2389 2927 ‚
2413 2862 3113 2928 honam-praedam-agentibus
3132 2861 3193 2913 de
3210 2863 3368 2913 nassis

242 2946 421 3015 ζῶντα,
450 2946 537 3003 τὸν
566 2946 766 3020 αἷθυίης
794 2948 1007 3006 πλείονα
1039 2946 1339 3021 νηξάμενον,
1864 2954 2137 3015 viventem,
2166 2967 2332 3018 mergo
2355 2953 2777 3017 magis-et-saepius
2806 2954 3085 3012 natantem,

180 3030 579 3113 ἷχθυσιληῖστῆρα
599 3080 616 3107 ,
637 3035 897 3112 σαγηνέα,
918 3036 1313 3115 χηραμοδύτην,
1802 3042 2352 3106 piscibus-praedatorem
2367 3081 2379 3103 ,
2405 3041 2943 3100 everriculo-utentem,
2981 3038 3363 3089 cavernas-sub-

244 3122 347 3199 οὐχὶ
372 3125 745 3199 πολυσκάλμου
770 3124 1017 3203 πλώτορα
1041 3126 1305 3194 ναυτιλίης
1324 3172 1341 3202 ,
1862 3145 1960 3181 non
1987 3130 2564 3181 multis-instructiremis
2591 3132 2792 3179 nautam
2819 3127 3012 3191 navigii,
3111 3126 3330 3191 [euntem
3349 3166 3362 3185 ‚

121 3226 139 3261 a
178 3204 323 3280 ἔμπης
349 3209 453 3268 οὔτ’
483 3211 783 3291 Ἀρκτοῦρος
807 3212 1096 3283 ἀπώλεσεν,
1119 3212 1235 3270 οὔτε
1266 3212 1503 3289 καταιγὶς
1802 3222 1966 3269 tamen
1991 3232 2152 3282 neque
2179 3221 2416 3269 Arcturus
2438 3216 2677 3281 perdidit,
2696 3230 2856 3280 neque
2885 3214 3100 3279 procella

239 3295 391 3365 ἤλασε
411 3298 501 3365 τὰς
528 3298 723 3366 πολλὰς
750 3305 853 3359 τῶν
882 3300 1037 3358 ἐτέων
1064 3300 1284 3366 δεκάδας
1301 3324 1314 3337 ·
1867 3320 1988 3356 eum
2015 3306 2209 3370 subegit
2229 3319 2334 3370 per
2362 3308 2438 3355 tot
2469 3305 2733 3362 decennia3

176 3382 271 3437 ἀλλ’
292 3382 425 3442 ἔθαν’
455 3390 507 3445 ἐν
534 3386 745 3465 καλύὸῃ
776 3386 1077 3466 σχοινίτιδι,
1104 3388 1287 3465 λύχνος
1312 3390 1465 3445 ὁποῖα
1484 3430 1498 3457 ,
1804 3395 1892 3443 sed
1913 3396 2234 3445 mortuus-est
2262 3394 2313 3443 in
2339 3393 2536 3456 tugurio
2567 3392 2754 3455 scirpeo
2771 3429 2784 3451 ‚
2805 3393 3018 3441 lucernae
3044 3390 3213 3449 instar,

236 3474 303 3546 τῷ
332 3478 517 3553 μακρῷ
546 3474 779 3541 σὸεσθεὶς
806 3477 859 3532 ἐν
888 3475 1060 3555 χρόνῳ
1090 3474 1402 3549 αὐτόματος.
1862 3482 2005 3545 longo
2029 3482 2300 3533 exstinctus
2316 3482 2604 3544 intempore
2631 3482 2930 3544 sponte-sua.
3153 3478 3365 3541 [conjux‚

176 3557 311 3632 Σῆμα
332 3560 387 3619 δὲ
407 3560 547 3619 τοῦτ’
573 3564 631 3619 οὖ
660 3564 842 3627 παῖδες
869 3563 1191 3641 ἐφήρμοσαν,
1214 3562 1321 3620 οὐδ’
1340 3561 1681 3640 ὁμόλεκτρος,
1808 3572 2180 3621 Monumentum
2216 3572 2383 3620 autem
2425 3569 2520 3619 hoc
2549 3580 2646 3618 non
2689 3567 2776 3617 mii
2811 3566 2857 3617 ei
2873 3568 3167 3630 posuerunt,
3213 3578 3369 3627 neque

172 3725 275 3771 Nam
300 3728 445 3792 pelagi
466 3728 655 3794 trepido
676 3739 858 3793 spectas
884 3728 997 3777 dum
1018 3730 1163 3778 corde
1193 3730 1447 3788 tumultus,
1868 3729 2048 3795 cymba
2074 3729 2217 3777 dabat
2245 3728 2390 3777 vitam
2414 3744 2511 3775 non
2533 3726 2688 3774 miuus
2713 3725 2812 3789 ipsa
2829 3740 2972 3773 senex
2990 3761 3004 3784 ‚

226 3810 275 3854 lu
298 3810 513 3859 rabidum
534 3826 717 3859 summa
738 3811 799 3859 de
836 3820 939 3859 rate
968 3812 1096 3876 lapsa
1123 3827 1255 3859 mare
1277 3828 1344 3859 es.
1802 3812 1979 3861 Obruit
2011 3813 2136 3861 unda
2164 3810 2248 3859 sali
2273 3819 2510 3859 commota
2540 3808 2805 3857 furentibus
2831 3807 3018 3856 Austris
3053 3823 3065 3857 :

172 3889 289 3937 Nunc
311 3893 517 3941 tumulus
545 3908 817 3957 nomenque
843 3903 975 3941 tuum
1006 3898 1297 3958 Cumamque
1325 3894 1551 3959 loquetur
1574 3911 1591 3956 ;
1868 3898 2060 3942 Postera
2087 3892 2328 3942 littoribus
2350 3890 2556 3940 reddidit
2577 3900 2682 3938 orta
2708 3890 2808 3938 dies
2824 3926 2840 3953 ,

224 3976 327 4021 Ossa
345 3976 424 4023 sed
446 3976 495 4025 in
518 3977 675 4040 gelido
695 3977 857 4025 littore
882 3992 1043 4042 sparsa
1072 3978 1280 4027 madent.
1801 3975 2079 4041 Absumptis
2099 3973 2333 4023 manibus.
2361 3974 2515 4023 Pisces
2547 3973 2733 4020 ratione
2756 3971 2860 4036 quis
2885 3970 2954 4019 uti

168 4050 257 4101 nm
278 4056 633 4107 Aristomachus
654 4058 845 4122 genitor
874 4068 921 4107 te
946 4058 1071 4107 serre
1095 4059 1270 4107 marito
1302 4075 1318 4107 τ
1866 4061 1976 4107 Jam
1997 4059 2176 4120 neget?
2201 4054 2294 4105 hoc
2319 4055 2496 4113 solum,
2521 4070 2618 4118 quo
2646 4053 2856 4119 periere,
2881 4061 3068 4100 vorant.

226 4134 379 4186 ¹¹¹s²¹i¹
396 4175 411 4199 ι
438 4154 595 4204 nequ⁴2
622 4148 670 4188 ²0
691 4139 869 4205 ‘lull'l‘e
894 4155 985 4187 ³¹²⁰
1006 4156 1109 4189 ⁰⁵⁵⁸
1142 4139 1279 4190 feret·
2229 4188 2324 4251 295
2394 4204 2613 4235 ruo-unz
2645 4203 2910 4234 ‘rsus-:unu

2332 4224 2345 4237 ι
2412 4223 2422 4233 ·
2485 4218 2496 4234 Δ
2863 4218 2872 4233 ⁵
2919 4224 2930 4233 ·

628 4262 657 4293 a
698 4248 742 4295 3.
782 4262 965 4295 isinoar
998 4262 1230 4298 meua.

660 4262 693 4310 9
1804 4313 1893 4361 lile
1923 4328 2066 4361 senex
2099 4312 2299 4373 Therie,
2331 4312 2486 4362 fulicis
2511 4314 2592 4378 qui
2627 4312 2794 4377 saepius
2819 4311 2930 4375 ipsis

1868 4394 2050 4457 Navit,
2069 4395 2132 4444 ab
2157 4411 2382 4461 tequoreo
2415 4396 2492 4444 cui
2519 4410 2657 4458 grege
2687 4395 2834 4442 victus
2871 4401 3002 4453 erat;

1802 4486 2089 4546 Perreptans
2114 4496 2227 4529 cava
2243 4516 2258 4543 ‚
2285 4480 2444 4545 praedo
2475 4479 2619 4528 maris
2649 4477 2860 4542 felixque
2877 4474 3066 4538 sagena,

1870 4563 2053 4613 Unicus
2079 4564 2130 4612 in
2153 4563 2324 4613 misera
2358 4562 2436 4610 cui
2469 4569 2573 4610 rate
2594 4560 2796 4609 scalmus
2814 4567 2936 4608 erat.

1813 4648 1926 4696 Non
1959 4656 2118 4695 tamen
2153 4648 2364 4694 Arcturo
2387 4644 2532 4693 debet
2551 4678 2566 4705 ‚
2599 4658 2754 4707 neque
2779 4640 2992 4689 tristibus
3020 4639 3218 4701 austris,

1871 4730 2014 4792 Quod
2040 4738 2110 4778 tot
2130 4728 2191 4777 ab
2219 4743 2454 4777 annorum
2478 4726 2692 4775 cursibus
2717 4724 2974 4773 exciderat.

1804 4811 2030 4875 Pauperis
2051 4810 2275 4860 occubuit
2308 4808 2464 4874 tuguri
2494 4808 2583 4857 sub
2620 4806 2856 4866 culmine,
2885 4805 3037 4869 qualis

634 4888 750 4944 ²94·
786 4896 957 4927 ‘⁰²¹³
994 4894 1215 4929 “un-⁴³·
1872 4898 1982 4957 Igne
2017 4894 2266 4959 absumpta
2295 4908 2380 4941 suo
2407 4900 2576 4957 sponte
2602 4890 2799 4939 lucerua
2823 4888 2966 4953 perit.

166 4986 337 5051 Grynei!
354 4986 627 5052 longaevum
646 5025 661 5050 ,
686 4987 765 5037 cui
788 4988 885 5037 lino
909 4987 1039 5035 dives
1062 4984 1281 5035 et-liamo
1805 4982 1913 5031 Nou
1951 4978 2075 5035 nati,
2109 4994 2202 5026 non
2232 4994 2351 5025 uxor
2379 4976 2420 5025 ei
2447 4990 2646 5041 posuere
2671 4970 2978 5039 sepulchrum
2995 5005 3010 5031 ,

170 4352 291 4401 llunc
312 4355 661 4421 Nicophemum
702 4372 799 4405 non
826 4356 992 4422 hyems
1012 4392 1027 4417 ,
1050 4373 1149 4405 non
1170 4355 1379 4405 siderum

168 4436 377 4498 Occasus,
398 4437 507 4485 Al'ri
541 4454 639 4486 non
665 4438 800 4486 furor
822 4437 987 4487 mersit
1008 4438 1096 4487 sali
1128 4454 1141 4488 :

168 4516 243 4563 Sed
268 4534 349 4581 per
366 4534 586 4567 serenam
609 4518 750 4584 (quis
774 4528 908 4585 putet
926 4520 987 4583 ἓ)
1012 4518 1264 4585 pellaciam

170 4599 213 4645 lu
237 4614 351 4649 nave
372 4611 541 4667 captus
562 4602 681 4651 arsit
700 4603 864 4651 insana
882 4602 979 4651 siti.

168 4684 217 4729 Et
236 4682 323 4732 hoc
339 4685 550 4751 patravit
580 4696 750 4736 ventus
771 4702 784 4736 :
808 4684 848 4734 is
872 4687 1029 4734 nautis
1055 4688 1231 4735 malum

166 4766 359 4815 immane
377 4783 465 4816 seu
492 4766 573 4817 nat
591 4806 607 4831 ‚
627 4768 727 4817 sive
754 4768 937 4835 sopitus
956 4767 1082 4817 silet.
