3829 5747
415 227 522 286 138

403 357 530 412 nck.;
552 354 710 414 ιιῆ-ιατ’
731 355 862 416 (cum
897 359 1013 404 nota
1041 355 1346 418 corruptelae)
1371 357 1508 403 ἀνἰεα
1527 353 1646 404 Cod.
1675 357 1784 404 Jam
1809 355 1945 403 Reis-

401 426 512 474 llius
541 428 698 482 κήνας.
727 445 749 467 ιι
775 431 866 475 Pro
892 425 1174 475 muneribus
1199 423 1400 474 Veneris
1429 439 1587 472 rosam
1616 425 1812 488 posuit,
1829 439 1950 488 prm-

401 496 752 545 stautissimum
779 497 944 544 florem
961 534 973 556 ,
1001 495 1172 544 Veneri
1202 509 1410 543 sacrum.
1433 517 1454 537 ιι
1475 496 1588 544 Jac.

463 647 640 694 chx!
649 682 658 692 .
675 647 871 694 Lemma
894 667 905 694 ⁸.
921 647 984 701 εἷς
997 647 1263 706 Ζηνοφίλαν.
1281 675 1338 686 --
1350 652 1376 694 2
1392 645 1547 694 >aileu
1560 645 1767 694 (·ο(1(1.-
1779 650 1807 694 3
1826 647 1950 703 ἐμοῖς
1990 672 1995 709 g

401 719 603 780 χείλεσσι
625 715 776 773 Plan.,
799 714 900 763 sine
923 721 1017 762 νῦν.
1039 717 1194 778 Junge
1220 717 1458 764 ὑποθεῖσα.
1478 741 1540 750 -
1557 718 1604 764 4.
1633 735 1653 757 ιι
1680 715 1951 764 osculanti-

401 784 494 834 bus
538 783 665 833 enim
695 784 854 832 anima
889 785 937 832 in
973 783 1112 833 labiis
1142 783 1304 841 sedet;
1342 784 1478 846 quod
1512 787 1752 834 ultimam
1791 785 1952 834 labris
1991 793 1995 801 ·

401 855 658 918 deponere
685 853 802 903 dicit
831 857 1048 917 Propert.
1070 857 1109 912 1,
1131 854 1194 902 el.
1221 860 1293 912 13,
1320 857 1391 904 17.
1419 855 1556 902 Cous.
1584 867 1657 917 ep.
1685 859 1759 904 78.
1787 875 1810 896 ιι
1833 857 1945 902 Aac.
1991 898 1995 921 Ι

461 999 684 1046 chxn.
728 999 926 1046 Lemma
959 1016 971 1044 z
1005 997 1066 1048 el:
1103 997 1249 1056 Δημὼ
1295 997 1376 1051 τήν
1423 997 1565 1043 αὐτοῦ
1606 995 1851 1057 ἐρωμένην.
1889 1019 1953 1028 -
1991 948 1996 1041 i
2706 1049 2717 1058 .
2792 1049 2801 1058 ·

1990 1066 1995 1082 ·
2039 1049 2214 1100 cationi
2231 1049 2283 1098 id
2308 1063 2460 1112 genus
2488 1054 2631 1111 poeta
2656 1049 2909 1098 tribuisset
2926 1087 2939 1110 ,
2968 1049 3011 1098 si
3038 1049 3311 1100 Aristotelis
3342 1052 3597 1100 meminis-

401 1075 441 1117 2.
470 1067 610 1116 Cous.
631 1067 784 1116 Boiss.
815 1065 878 1115 ad
896 1079 970 1128 ep.
999 1072 1102 1123 105»,
1123 1069 1170 1114 4.
1187 1070 1309 1115 -3.
1343 1065 1536 1113 Utinam
1568 1077 1714 1112 cursu
1735 1062 1953 1112 celeriter

399 1137 593 1186 inverso
618 1149 676 1185 ex
703 1135 924 1184 Lucifero
949 1137 1195 1197 Hesperus
1220 1134 1334 1183 tias!
1354 1159 1416 1170 —
1445 1137 1474 1183 4
1497 1137 1558 1190 ὡς
1581 1135 1653 1192 γλ.
1685 1133 1825 1192 Cod.,
1853 1146 1956 1182 cor·

398 1210 590 1257 rectum
613 1207 662 1256 in
687 1205 990 1270 apographis,
1012 1232 1074 1241 —
1091 1213 1117 1254 Ξ»
1137 1205 1208 1254 ἐπ’
1233 1205 1483 1266 Ἀἰ.κμήιη·ι
1501 1203 1644 1263 Cod.,
1666 1217 1790 1252 corr.
1824 1203 1955 1252 Reis-
1993 1231 1998 1257 1

399 1275 522 1326 kius.
554 1295 576 1317 α
604 1275 716 1324 Jovi
743 1275 824 1324 via
849 1287 1082 1324 conversa
1107 1278 1158 1324 te
1181 1273 1402 1323 obtulisti
1427 1276 1565 1334 tum,
1593 1286 1748 1334 quum
1795 1271 1874 1321 ille
1904 1272 1953 1321 in
1994 1318 1997 1329 ,

397 1346 642 1395 Alcmeuae
659 1345 963 1408 amplexibus
986 1347 1088 1394 tres
1105 1347 1272 1393 noctes
1286 1343 1464 1407 junxit.
1490 1364 1512 1386 ιι
1531 1345 1644 1393 Jac.

461 1497 704 1545 CLXXIII.
734 1497 933 1544 Lemma
959 1515 971 1542 ι
1004 1497 1070 1550 εἰς
1093 1497 1177 1552 τὴν
1203 1495 1346 1554 αὐτὴν
1377 1495 1542 1552 Δημώ.
1573 1519 1638 1529 ·—-
1662 1496 1693 1542 4
1719 1494 1794 1542 ἐπὶ
1830 1508 1970 1556 zapt-

401 1565 544 1613 κακόν
574 1565 715 1626 θοὰ,
735 1578 857 1613 corr.
881 1564 1088 1613 Brunck.
1111 1565 1215 1613 Jac.
1241 1563 1433 1612 confert
1453 1561 1749 1612 ovidianum
1771 1582 1783 1611 ι

507 1707 691 1761 Noxque
710 1704 793 1748 luit
815 1715 1015 1761 praeoeps
1031 1708 1078 1748 et
1096 1704 1254 1760 (παραυ
1273 1703 1426 1748 invida
1443 1703 1632 1753 nostris.

461 1830 703 1878 CLXXIV.
739 1830 938 1876 Lemma
972 1847 984 1875 :
1020 1828 1082 1880 el:
1116 1826 1386 1885 Ζηνοφίλαν.
1411 1845 1434 1867 «ι
1471 1828 1622 1876 Poeta
1650 1824 1822 1876 videns
1848 1825 1958 1874 dor·

399 1900 628 1949 mieutem
659 1897 970 1961 zenophilum
993 1899 1130 1959 optat
1146 1898 1203 1944 ut
1219 1895 1326 1944 loco
1343 1895 1506 1944 Somni
1523 1894 1754 1959 pulchros
1781 1896 1957 1958 puellm

399 1971 579 2020 ocellus
605 1969 696 2018 sibi
727 1969 946 2018 licuisset
985 1966 1194 2026 intrare,
1225 1966 1318 2016 deo
1342 1965 1468 2015 hanc
1495 1965 1850 2029 possessionem
1877 1966 1953 2015 in-

397 2046 584 2095 videns.
613 2047 849 2103 Somnus,
873 2041 1074 2106 juvenili
1099 2044 1356 2091 venustate
1375 2040 1501 2091 deus
1517 2079 1530 2102 ,
1549 2055 1699 2090 unam
1722 2054 1750 2090 e
1777 2041 1956 2090 Gratiis

399 2117 623 2178 ceperat·,
645 2113 774 2162 unde
801 2113 1019 2176 profecto
1044 2111 1318 2160 timendum
1347 2114 1476 2170 erat,
1500 2124 1560 2159 ne
1589 2109 1739 2174 hujus
1759 2123 1957 2173 quoque

399 2183 578 2234 Gratiae
599 2183 813 2232 venustis
836 2181 991 2230 oculis
1017 2180 1162 2229 nimis
1190 2193 1243 2228 sc
1261 2180 1540 2229 insinuaret.
1563 2201 1585 2222 ιι
1606 2179 1758 2243 (lt-crs.
1781 2195 1826 2242 p.
1850 2183 1953 2228 114.

399 2282 462 2292 —-
487 2260 523 2303 1.
548 2254 696 2308 θάλος
714 2289 726 2309 ,
754 2252 882 2300 cous.
904 2265 980 2314 ep.
1008 2255 1112 2312 194,
1137 2256 1182 2301 3.
1200 2278 1262 2286 -
1283 2259 1308 2299 2
1329 2251 1541 2310 εῦπτερος
1560 2249 1781 2309 Salmas.,
1803 2249 1954 2304 malm

401 2339 446 2374 v.
466 2325 614 2373 Graef.
634 2323 826 2372 Jacobs,
845 2323 966 2373 citat
982 2321 1225 2371 Werniclt.
1250 2321 1314 2370 ad
1331 2319 1576 2383 'l'riphiod
1600 2335 1647 2384 p.
1681 2325 1780 2369 131.
1807 2339 1830 2360 «ι
1854 2319 1955 2370 Etsi

400 2408 592 2445 caream
617 2395 722 2445 aliz.
750 2415 772 2436 ιι
794 2395 955 2443 Boi-58.
975 2419 1036 2428 —-
1055 2397 1104 2442 4.
1126 2395 1222 2441 Pro
1241 2397 1474 2453 κατεῖχον.

463 2546 680 2593 CLxxv.
721 2545 917 2592 Lemma
948 2561 960 2590 ι
989 2543 1052 2597 εἰς
1085 2543 1168 2600 τήν
1204 2541 1346 2599 αὐτὴν
1374 2542 1642 2602 Ζηνοφΐλαν.
1680 2560 1702 2581 «
1743 2541 1959 2590 Puellam

401 2613 627 2664 convivio
669 2616 719 2662 et
755 2611 1096 2661 comissatione
1131 2614 1326 2659 noctem
1362 2625 1477 2658 cum
1519 2610 1612 2659 alio
1635 2611 1925 2672 transegisse
1944 2649 1956 2670 ,

400 2685 626 2747 quamvis
643 2686 900 2746 negantem
913 2720 927 2742 ‚
947 2681 1094 2730 certis
1117 2680 1266 2744 signis
1288 2680 1463 2744 arguit.
1491 2699 1514 2722 ιι
1537 2683 1652 2729 Jac.
1668 2706 1730 2714 —
1749 2685 1778 2728 3
1800 2681 1959 2740 μηνύει

401 2757 442 2804 δ’
463 2757 692 2816 ἄγρυπνον
726 2755 824 2801 ἰδοὺ
847 2751 1018 2814 scripsi
1039 2753 1299 2810 audentem
1323 2751 1480 2811 μηνύει
1507 2751 1736 2811 ἄγρυπνον
1760 2753 1840 2810 μὲν
1861 2752 1961 2799 ἰδοὺ

401 2826 590 2886 Codex,
629 2826 678 2875 in
717 2823 898 2887 quibus
940 2821 1150 2886 plurima
1186 2824 1437 2870 tentarunt
1471 2820 1649 2880 critici,
1689 2819 1806 2869 nihil
1843 2819 1961 2868 satis

403 2896 728 2958 probabiliter.
752 2901 788 2941 Δ
807 2892 1036 2942 exciderit
1060 2896 1173 2941 ante
1203 2894 1332 2941 Al'l’.
1356 2894 1406 2940 et
1433 2892 1514 2953 μέν
1544 2889 1642 2939 huc
1663 2891 1962 2940 aberraverit

403 2966 466 3015 ad
492 2967 627 3029 prius
655 2966 814 3024 μηνύει
849 2962 1176 3026 supplendum
1211 2966 1260 3011 et
1287 2962 1450 3024 aliquo
1479 2960 1629 3010 modo
1655 2962 1956 3024 suppletum.

402 3064 465 3073 —
492 3045 519 3087 5
563 3038 804 3089 ἔσκυλται,
826 3035 952 3083 oonf.
977 3048 1054 3097 ep.
1079 3040 1188 3095 259,
1209 3037 1260 3084 et
1286 3032 1464 3082 Tibull.
1488 3034 1528 3090 1,
1548 3033 1609 3081 el.
1635 3038 1711 3091 10,
1727 3037 1803 3083 53.
1825 3032 1956 3081 Ἀκό-

401 3109 575 3167 λαστα,
605 3104 828 3155 munibus
864 3105 1158 3160 ἀκολάστοις.
1185 3132 1242 3145 --
1275 3108 1321 3152 8.
1367 3103 1508 3151 Cous.
1541 3100 1725 3165 Virgilii
1758 3104 1959 3164 copam

403 3177 506 3227 init.
1009 3182 1016 3189 ’

467 3327 709 3375 chxvl.
744 3326 944 3374 Lemma
965 3342 976 3370 ι
1006 3324 1070 3378 εἰς
1093 3322 1294 3383 Ἔρωτα.
1317 3348 1380 3359 —
1403 3326 1444 3371 1.
1463 3322 1522 3371 Τί
1545 3324 1599 3371 τὸ
1628 3324 1794 3381 πλέον;
1826 3322 1957 3373 cons.

405 3412 479 3461 ep.
504 3403 581 3457 85,
608 3403 730 3445 1.-
749 3400 795 3444 4.
821 3414 842 3438 ιι.
879 3394 1036 3443 Etiam
1070 3396 1327 3451 nutritur,
1349 3390 1401 3441 h.
1422 3405 1468 3441 e.
1497 3396 1718 3455 augetur.
1745 3412 1766 3435 ιι
1801 3390 1958 3441 Both.

403 3492 466 3503 —-
490 3475 516 3516 5
543 3468 732 3529 γλυκοῖο
759 3464 900 3525 ved,
928 3463 1014 3513 sed
1033 3466 1163 3514 recte
1181 3463 1232 3511 in
1257 3464 1389 3513 Plan.
1411 3462 1756 3513 Boissonadius
1783 3464 1961 3513 scribe-

405 3536 488 3586 bat
510 3540 623 3598 ἄρα.
651 3550 744 3586 ann
774 3538 884 3583 tans
907 3554 918 3583 :
939 3554 962 3577 ιι
997 3536 1102 3582 Non
1127 3536 1206 3583 est
1231 3546 1430 3583 necesse
1461 3536 1518 3583 ut
1541 3534 1657 3597 ἄρα,
1683 3548 1838 3596 quum
1866 3535 1961 3597 pri-

404 3622 536 3657 mam
561 3608 752 3671 longam
774 3606 948 3668 habet,
973 3606 1281 3655 circumflexe
1307 3606 1558 3655 efferatur.
1585 3625 1608 3647 ιι

467 3752 741 3800 mxxvii.
771 3752 996 3797 Lemmat
1015 3750 1077 3804 εἰς
1090 3748 1278 3809 Ἔρωτα
1292 3783 1306 3804 ,
1319 3753 1434 3797 ποῖα
1450 3749 1508 3795 τὰ
1530 3748 1759 3809 ἰδιώματα
1776 3749 1957 3798 τούτου.

407 3842 432 3864 ιι
460 3822 591 3870 Talis
609 3824 686 3869 est
704 3818 1014 3883 proclamatio
1033 3832 1108 3881 ep.
1134 3817 1388 3867 Moschum
1410 3817 1483 3867 ld.
1507 3820 1546 3877 1,
1565 3820 1713 3881 Ἔρως
1737 3819 1961 3881 δραπέτης

409 3890 553 3949 (infra
581 3892 660 3943 lx,
688 3891 825 3948 440),
845 3892 896 3937 et
918 3888 967 3936 in
995 3887 1196 3936 Lucieni
1225 3888 1471 3948 Fuqm'vis
1499 3888 1528 3950 ς
1556 3892 1632 3937 27.
1657 3907 1680 3930 ιι
1701 3892 1814 3937 dac.
1843 3888 1958 3936 Gal-

405 3960 510 4009 licis
535 3959 757 4008 versihns
786 3956 994 4005 reddidit
1012 3959 1390 4019 Longopetraeus
1415 3957 1477 4005 ad
1509 3956 1693 4006 Mosch.
1727 3971 1774 4019 p.
1815 3962 1963 4007 tlo=

407 4033 528 4087 411·,
555 4028 818 4078 illustravit
847 4027 1096 4088 Meuagius
1121 4026 1184 4075 ad
1212 4030 1250 4074 Τ
1253 4041 1420 4076 assum
1450 4042 1498 4090 p.
1533 4032 1636 4077 114.
1667 4031 1772 4076 Non
1791 4027 1963 4076 lictum

408 4114 710 4164 programma
735 4099 796 4147 de
822 4112 965 4148 servo
999 4098 1205 4161 fugitivo
1219 4098 1398 4153 edidit,
1415 4112 1442 4147 e
1469 4113 1650 4162 papyro
1686 4099 1964 4161 AEgyptiaca

410 4174 460 4220 et
481 4170 624 4219 docte
658 4169 913 4232 explicavit
942 4168 1230 4217 Letronnius
1260 4168 1309 4217 in
1331 4170 1608 4231 Appendice
1635 4168 1965 4232 Aristophanis

411 4240 652 4289 Didctiani
677 4254 724 4303 p.
755 4244 806 4289 14
828 4252 962 4303 seqq.
987 4241 1046 4287 B.
1068 4265 1133 4274 —
1150 4246 1176 4289 2
1199 4240 1374 4302 ὄρθριος
1414 4240 1626 4289 Graelius
1653 4244 1702 4289 et
1731 4240 1804 4287 vir
1831 4239 1880 4288 d.
1914 4240 1963 4288 in

411 4316 580 4363 Museo
615 4312 839 4361 Cantabr.
881 4312 976 4361 vol.
1010 4312 1076 4370 11,
1103 4324 1152 4372 p.
1183 4315 1290 4359 315.
1311 4315 1438 4358 -3.
1461 4310 1565 4357 Noli
1601 4324 1715 4358 cum
1747 4309 1964 4359 lleckero

412 4384 621 4431 scribere
653 4384 972 4443 γλυκύπικρος.
1009 4381 1182 4429 Melius
1205 4379 1332 4428 idem
1361 4379 1410 4427 in
1438 4380 1532 4428 line
1556 4392 1730 4429 versus
1764 4380 1964 4441 ἀταρὸής

1532 223 1931 284 ANTHOLOG
1939 223 2037 282 1AE
2082 223 2484 284 PALATINAE

2101 355 2398 403 CLxxvln.
2439 356 2639 403 Lemma
2682 373 2692 400 ;
2728 352 2897 414 ὁμοίως
2934 352 3264 411 insumet-‚zon
3308 353 3370 400 ei:
3398 353 3594 410 Ἰἰρωτα

2038 423 2320 485 θαυμαστόν.
2350 443 2374 466 ι(
2405 426 2475 472 An
2505 424 2876 486 ἐπηρεαστικόνέ
2904 421 3101 471 Gallicis
3128 422 3353 471 versibus
3376 419 3595 470 reddidit

1990 546 1995 559 ¹
2038 496 2411 555 Longopetraeus
2438 491 2499 542 ad
2524 491 2706 541 Mosch.
2730 505 2779 554 p.
2816 495 3073 542 nor-413.
3098 511 3121 534 »
3144 494 3283 540 B.-
3304 499 3332 541 2
3358 491 3427 542 sic
3441 491 3591 548 Ccd.;

2038 563 2272 612 edebatur
2296 565 2340 611 τί
2378 563 2417 612 δ’
2447 564 2567 624 ἐμοί.
2606 561 2747 612 Cous.
2778 565 2886 622 xli,
2918 575 2993 624 ep.
3026 569 3101 612 ⁶8.
3133 587 3193 598 -—
3232 567 3261 612 3
3298 563 3417 618 ὄνυξι
3451 563 3593 611 Plan.

2041 653 2063 674 «
2094 635 2277 682 Nasum
2302 637 2495 684 situum
2523 632 2755 681 iudicium
2782 645 2889 681 esse
2916 632 3056 681 aiunt
3075 631 3453 695 physiognomici
3476 631 3599 680 libi-

2036 702 2162 752 dinis
2191 707 2241 753 et
2266 702 2523 762 adulterii,
2546 705 2603 753 ut
2628 705 2705 751 est
2732 701 2793 750 ab
2823 701 3082 752 Aristotele
3097 737 3111 758 .
3132 701 3421 752 Adamantio
3440 740 3453 760 ,
3482 705 3595 751 Me·

2036 772 2259 835 lampode
2298 773 2561 830 traditum;
2590 775 2642 821 et
2680 772 2971 834 importante
3004 771 3299 821 curiositatis
3318 810 3330 830 ,
3360 773 3599 821 versutiae

2038 855 2094 890 ac
2118 842 2345 902 malitioe,
2368 840 2573 891 docente
2596 846 2779 890 somine
2798 843 3034 904 Mam-opo
3059 841 3187 890 inter
3208 854 3343 890 meas
3364 841 3429 890 ad
3452 843 3601 890 Mari-

2037 926 2155 961 num
2190 916 2329 962 notas
2358 927 2405 974 p.
2442 917 2519 961 131
2558 931 2569 959 :
2612 914 2678 976 ῥὶς
2710 913 2826 972 σιμὴ
2856 913 2935 959 τὸν
2964 911 3206 973 περίεργον
3249 912 3330 959 καὶ
3376 913 3601 960 ποικίλον

2038 985 2117 1030 καὶ
2132 983 2329 1042 πονηρὸν
2351 984 2497 1039 δηλοῖ.
2523 981 2617 1030 Sed
2644 981 2693 1029 in
2722 981 2889 1043 pueris
2906 1018 2918 1041 ,
2948 983 3005 1030 ut
3033 985 3109 1028 cst
3136 985 3302 1038 Amor,
3332 980 3447 1030 nihil
3468 981 3601 1030 indi-

2040 1124 2116 1171 δεῖ
2130 1156 2145 1182 ,
2173 1119 2259 1182 qui
2287 1119 2525 1168 Problem.
2548 1121 2740 1168 xxxiv
2756 1157 2769 1178 ,
2806 1126 2859 1168 10
2877 1157 2891 1180 ,
2909 1120 2969 1169 τὰ,
2986 1119 3153 1168 παιδία
3172 1119 3327 1168 πάντα
3350 1123 3465 1180 σιμὰ
3484 1133 3603 1168 esse

2040 1189 2122 1239 ait.
2158 1189 2254 1239 Sed
2280 1193 2357 1238 est
2380 1193 2519 1252 σιμὸν
2556 1202 2684 1238 nunc
2710 1189 2839 1238 idem
2869 1202 2926 1238 ac
2952 1191 3070 1248 σιμὰ
3099 1191 3247 1249 γελῶν
3263 1225 3276 1248 ,
3306 1192 3423 1252 σιμὰ
3446 1205 3599 1246 σεση-

2040 1263 2159 1321 ρὼς.
2200 1273 2308 1323 epp.
2342 1263 2445 1320 177,
2495 1264 2599 1318 179,
2638 1259 2724 1322 qui
2753 1257 2916 1308 ridens
2952 1273 3071 1309 uaso
3104 1257 3361 1322 suspendit
3401 1259 3605 1308 adunco

2038 1344 2163 1392 quos
2188 1331 2331 1380 laesit.
2367 1353 2389 1374 ιι
2418 1333 2477 1379 Β.
2509 1358 2569 1364 -
2595 1337 2639 1378 5.
2678 1351 2699 1371 ιι
2726 1333 2850 1392 Πρὸς
2870 1331 2911 1378 δ’
2932 1331 2998 1378 ἔτι
3023 1333 3185 1378 λοιπὸν
3212 1331 3453 1388 ἄτρεπτον.
3498 1334 3601 1379 Pro

2039 1403 2227 1458 λοιπὸν,
2276 1401 2409 1464 quod
2450 1401 2655 1450 mirifice
2682 1401 2909 1464 languet,
2952 1400 3196 1450 succurrit
3240 1400 3599 1464 significantius

2040 1473 2163 1534 λιρὸν
2190 1470 2293 1521 sive
2320 1475 2448 1534 λῖρον
2466 1508 2480 1530 ,
2506 1471 2558 1520 id
2584 1473 2659 1520 est
2690 1471 2885 1526 ἀναιδές.
2918 1469 3042 1518 Vide
3066 1469 3285 1533 Apollon.
3314 1473 3423 1519 Lex.
3460 1475 3496 1520 t.
3528 1472 3599 1526 ll.

2040 1553 2088 1604 p.
2111 1548 2217 1591 522.
2243 1562 2265 1584 ιι
2287 1541 2495 1592 Lobeck.
2530 1539 2593 1590 ad
2624 1539 2754 1601 Aiac.
2784 1553 2832 1603 p.
2868 1545 2955 1590 159
2991 1539 3068 1590 ed.
3104 1539 3414 1590 see-laceb&
3450 1553 3462 1582 τ
3494 1542 3607 1590 «lu

2044 1609 2205 1659 verbis
2242 1613 2351 1673 πρὸς
2379 1611 2423 1658 δ’
2455 1613 2520 1662 ἔτι
2555 1612 2717 1660 λοιπὸν
2752 1613 2829 1660 est
2856 1609 3151 1660 abundantia
3176 1609 3431 1672 quoedam,
3462 1611 3609 1662 sami-

2041 1680 2173 1729 liaris
2198 1681 2434 1731 semonis
2468 1680 2769 1743 negligentiae
2812 1679 3098 1740 tribuenda,
3138 1681 3303 1742 qualia
3336 1685 3448 1730 sunt
3479 1685 3609 1743 μετὰ

2042 1755 2189 1798 ταῦτα
2216 1752 2427 1812 ὕστερον,
2458 1753 2521 1805 ὡς
2560 1753 2740 1809 ἀληθῶς
2768 1755 2835 1812 τῷ
2871 1751 2996 1812 ὄντι,
3026 1754 3123 1800 etc.
3166 1771 3190 1794 ιι
3225 1750 3409 1800 Deinde
3435 1751 3607 1800 Codex

2044 1821 2293 1882 ἄδρεπτον,
2317 1823 2453 1872 Plan.
2474 1821 2552 1871 ed.
2578 1834 2649 1884 pr.
2680 1821 2905 1884 ἄτρεπτον
2919 1857 2933 1880 ,
2955 1841 2979 1862 ιι
2994 1825 3343 1884 pertinacem,
3358 1822 3445 1884 qui
3468 1821 3609 1872 flecti

2043 1891 2227 1951 nescit3
2260 1892 2415 1940 multo
2439 1891 2620 1940 rectius
2646 1904 2795 1953 quam
2822 1893 3039 1952 ἄτρεστον
3068 1891 3233 1953 (quod
3266 1893 3327 1940 ll.
3356 1889 3523 1954 steph.
3552 1894 3611 1940 et

2045 1960 2251 2009 Brunck.
2274 1959 2531 2010 ediderunt
2553 1961 2598 2021 ),
2624 1963 3058 2023 imperterrcmm.
3093 1963 3217 2010 Nam
3242 1959 3365 2010 illud
3382 1961 3610 2022 apertius

2044 2030 2093 2080 in
2134 2031 2557 2094 reprehensionem
2596 2031 2806 2086 (licitum
2835 2029 2931 2080 hoc
2960 2032 3107 2080 etiam
3136 2031 3201 2080 ad
3244 2029 3441 2080 laudem
3468 2029 3611 2080 trabi

2044 2105 2220 2164 potest.
2258 2123 2279 2143 ιι
2316 2099 2476 2163 Groef.
2510 2113 2557 2164 p.
2596 2106 2697 2149 ¹2¹.
2745 2127 2807 2134 —
2834 2109 2883 2150 6.
2924 2120 2947 2142 α
2988 2100 3122 2149 Adeo
3148 2103 3224 2150 est
3248 2114 3420 2163 parum
3456 2102 3611 2151 matri

2045 2172 2315 2234 morigerus
2332 2209 2344 2231 ,
2375 2174 2431 2220 ut
2456 2170 2609 2232 ipsam
2638 2168 2827 2232 sagittis
2870 2181 3023 2218 ausus
3050 2169 3114 2218 sit
3140 2169 3298 2220 ferire.
3344 2169 3465 2218 Vide
3494 2173 3603 2219 not.

2047 2241 2109 2289 ad
2134 2241 2357 2290 Aristaeu.
2391 2243 2430 2300 1,
2460 2247 2507 2300 8,
2537 2254 2583 2302 p.
2618 2245 2725 2290 340.
2762 2261 2785 2282 ιι
2820 2242 2881 2288 Β.
2922 2268 2981 2282 -—
3003 2241 3029 2288 7
3063 2243 3131 2288 τοὶ
3161 2243 3247 2302 γὰρ
3281 2243 3611 2303 nupsissent

2047 2309 2187 2369 Ccd.;
2210 2313 2341 2360 recte
2368 2311 2503 2360 Plau.
2528 2339 2585 2350 --
2613 2317 2641 2359 8
2664 2312 2784 2358 θέλοι
2810 2311 2943 2360 Plan.
2966 2337 3025 2344 —
3054 2316 3083 2360 9
3106 2311 3207 2360 οὔτι
3228 2327 3283 2359 σε
3298 2314 3443 2359 πωλῶ
3466 2311 3607 2358 l’lan.

2108 2433 2360 2481 (mxxix.
2390 2433 2591 2480 Lemma
2622 2452 2634 2480 ι
2674 2434 2737 2488 εἷς
2766 2434 2981 2493 Ἔρωτα,
3016 2429 3283 2496 περίεργον,
3313 2435 3501 2493 ὡραῖον.
3546 2460 3611 2470 -

2048 2508 2093 2549 2.
2141 2521 2163 2542 α
2194 2499 2484 2549 Theocritus
2510 2503 2643 2562 xlll,
2669 2508 2727 2550 50
2757 2516 2769 2543 ²
2819 2504 3065 2564 μαιωτιστί
3106 2503 3349 2560 εὐκαμπέα
3378 2501 3504 2556 τόξα.
3532 2502 3615 2552 lbi

2048 2570 2109 2618 de
2138 2583 2256 2619 arcu
2292 2569 2521 2632 Scythico
2548 2570 2733 2619 monui.
2776 2591 2799 2614 »
2830 2573 2891 2620 B.
2922 2597 2982 2608 —
3008 2577 3053 2621 3.
3086 2591 3109 2613 ιι
3139 2573 3361 2620 Fortasse
3385 2571 3609 2620 scriben-

2048 2637 2167 2686 dum
2186 2641 2359 2696 ςλέξω,
2387 2641 2459 2686 ι«ιιὶ
2476 2665 2550 2695 -,
2574 2643 2630 2687 ut
2658 2641 2798 2701 poeta
2816 2677 2829 2700 ,
2861 2639 3032 2689 videus
3056 2645 3281 2688 Amorem
3306 2641 3488 2702 ridere,
3517 2641 3613 2690 ab·

2048 2712 2241 2771 rumpat
2265 2709 2558 2770 orationem,
2591 2707 2851 2758 additurus
2870 2712 2943 2757 ναὶ
2974 2711 3057 2767 τήν
3080 2711 3253 2771 Κύπριν
3272 2747 3286 2770 ,
3318 2714 3374 2760 ut
3399 2711 3554 2759 initio.
3582 2733 3611 2754 ι.

2048 2785 2149 2831 (ἕνα
2163 2779 2203 2841 s.
2238 2793 2286 2842 p.
2320 2785 2398 2830 85.
2435 2779 2618 2829 Deinde
2644 2780 2813 2830 Codex
2843 2784 3003 2842 γελαῖ,
3024 2781 3113 2830 sed
3140 2782 3273 2831 Plan.
3304 2785 3453 2830 recte.
3488 2802 3515 2823 «ι
3550 2785 3613 2831 ln

2046 2849 2363 2913 sequentibus
2407 2849 2700 2913 expressisse
2732 2849 2923 2900 videtur
2959 2851 3303 2913 Theocritum,
3346 2853 3445 2913 XX,
3494 2857 3551 2901 13
3596 2873 3611 2901 ;

2048 2921 2222 2983 χείλεσι
2256 2920 2586 2982 μυχθίζοισα...
2607 2922 2688 2968 καί
2717 2937 2761 2968 τι
2792 2922 2989 2983 σεσαρὸς
3023 2924 3101 2969 καὶ
3123 2923 3323 2983 σοὸαρον
3363 2921 3408 2983 μ’
3441 2921 3612 2980 ἐγέλα-

2048 2992 2135 3045 ξεν.
2168 3008 2191 3031 ιι
2218 2991 2331 3037 Jac.
2359 3016 2421 3025 —
2446 2994 2493 3038 4.
2528 2990 2808 3052 Σαρδάνιον.
2840 2995 2898 3040 ut
2924 2992 3066 3039 Hom.
3105 2990 3196 3039 Od.
3226 2994 3280 3050 Υ,
3322 2996 3428 3039 302.
3464 2991 3609 3040 Plan.

2048 3060 2306 3121 σαρδόνιον.
2334 3078 2355 3099 ιι
2384 3062 2453 3109 De
2479 3057 2581 3108 risu
2600 3059 2834 3109 Sardonio
2859 3072 2906 3109 V.
2936 3058 3001 3108 ad
3026 3058 3224 3109 zachar.
3249 3074 3294 3108 n.
3320 3064 3431 3111 397.
3457 3060 3609 3109 Cous.

2049 3130 2182 3177 Plan.
2212 3142 2289 3191 ep.
2321 3135 2399 3189 86,
2428 3137 2472 3179 6.
2509 3150 2531 3172 ιι
2564 3131 2624 3178 Β.
2654 3130 2893 3192 Meleager
2916 3132 3100 3189 γελάσαι
3136 3130 3304 3191 potius
3337 3129 3611 3192 scripserit.

2052 3225 2114 3236 —
2141 3207 2168 3249 5
2195 3201 2224 3258 ἢ
2248 3200 2335 3261 γὰρ
2362 3199 2503 3258 cod.·,
2530 3202 2570 3249 εἰ
2606 3200 2695 3263 γὰρ
2724 3199 2878 3260 Plan·,
2908 3212 3033 3249 corr.
3059 3200 3283 3262 Scaliger.
3320 3218 3345 3241 σι
3378 3199 3616 3262 epitheto

2049 3282 2079 3319 a
2104 3268 2199 3317 deo
2242 3268 2306 3318 ad
2332 3268 2433 3317 elas
2472 3269 2733 3329 translato,
2783 3270 2840 3319 τὰ
2881 3271 3127 3333 ὠκύπτερα
3158 3271 3395 3319 vocantur
3420 3271 3615 3329 ποδηγὰ

2049 3338 2245 3398 Iidem,
2297 3338 2413 3399 quia
2455 3342 2621 3397 Amor,
2668 3338 2963 3401 Cupidinum
3007 3339 3111 3388 dux
3128 3378 3140 3399 ‚
3182 3340 3387 3400 ποδηγὸς
3432 3353 3613 3402 agmen

2049 3407 2295 3470 praecedit.
2326 3428 2349 3448 ιι
2378 3410 2493 3457 Jac.
2520 3434 2582 3444 -—
2608 3411 2635 3457 7
2664 3411 2774 3472 παρ’
2802 3412 2933 3457 οἷκον
2954 3412 3161 3471 uterque
3186 3409 3318 3468 cod.,
3347 3423 3468 3458 corr.
3494 3412 3617 3457 Sca-

2047 3478 2178 3541 liger.
2212 3482 2281 3526 De
2302 3478 2500 3528 victoria
2542 3478 2795 3541 Cadmea,
2824 3480 2874 3530 id
2900 3484 2975 3530 est
3002 3480 3117 3542 ipsis
3148 3479 3413 3529 lictoribus
3442 3479 3609 3542 perni-

2051 3547 2209 3607 ciosa,
2236 3547 2393 3596 multa
2422 3546 2843 3610 paroemiographi.
2871 3560 2896 3587 κ
2926 3548 3037 3597 Dixi
3066 3548 3129 3597 nd
3155 3548 3351 3597 Zachar.
3383 3562 3433 3597 n.
3462 3554 3543 3597 44.
3586 3569 3613 3589 ιι

2050 3618 2110 3665 Β.
2153 3646 2212 3657 -
2248 3622 2275 3667 8
2302 3618 2453 3676 λύγκα
2478 3616 2650 3678 (quod
2679 3617 2728 3665 in
2758 3617 2899 3666 codd.
2946 3618 3045 3666 fere
3070 3620 3215 3678 λύγγα
3244 3618 3499 3675 scribitur)
3531 3620 3615 3667 Ja-

2050 3686 2277 3741 cobsiusz
2299 3687 2443 3747 λυγρὰ
2472 3686 2519 3735 in
2549 3690 2755 3748 utroque
2782 3686 2951 3736 codice
2968 3725 2980 3747 ,
3008 3687 3110 3736 sine
3138 3701 3299 3737 sensu.
3337 3688 3616 3737 anckius

2054 3760 2182 3819 θῆραι.
2210 3754 2551 3805 Boissonadius
2574 3770 2585 3799 ε
2618 3776 2639 3797 ιι
2673 3756 2769 3813 Qui
2796 3758 2942 3806 vertit
2968 3772 3117 3807 orem
3142 3762 3433 3808 consoce'are
3456 3759 3613 3822 lupo,

2058 3826 2256 3874 Grotius
2293 3825 2488 3874 videtur
2520 3824 2581 3874 de
2624 3826 2793 3875 cadem
2824 3827 3120 3877 correctione
3148 3830 3382 3891 cogitasse
3424 3843 3575 3891 quam
3598 3866 3612 3887 ,

2049 3895 2156 3955 ejus
2182 3895 2449 3945 versionem
2486 3894 2713 3959 ignorans
2733 3934 2745 3955 ,
2771 3898 3003 3960 proposui
3022 3900 3071 3947 et
3100 3898 3287 3946 firinati
3312 3897 3376 3947 ad
3400 3898 3611 3947 zachar.

2049 3978 2097 4027 p.
2127 3969 2214 4013 337
2244 3985 2256 4012 ι
2286 3968 2347 4019 ὡς
2372 3966 2509 4013 λύκον
2538 3966 2780 4021 ain-Mon.
2810 3968 2976 4015 Possit
3002 3972 3051 4016 et
3074 3968 3219 4017 scribi
3244 3969 3499 4017 αἰπολίοισι
3535 3970 3615 4016 λύ-

2050 4051 2149 4083 κον.
2178 4056 2200 4077 ιι
2226 4059 2287 4068 —-
2306 4042 2354 4083 9.
2388 4054 2410 4077 «
2433 4036 2725 4094 Ἐπιλαὸὼν,
2746 4040 2925 4097 praeter
2946 4038 3047 4086 alas
3076 4038 3221 4087 etiam
3239 4040 3439 4088 talaria
3464 4053 3615 4089 sume

2050 4107 2105 4154 ut
2130 4105 2401 4154 Mercurius
2418 4142 2430 4164 ,
2459 4119 2559 4167 quo
2586 4105 2791 4155 celerius
2814 4106 3053 4169 aufugiaS.
3087 4126 3109 4149 ιι
3139 4109 3253 4156 Jac.

2110 4248 2332 4294 CLXXX.
2364 4247 2565 4294 Lemma
2596 4266 2607 4292 ι
2637 4246 2699 4299 εἰς
2728 4246 2809 4293 τὸν
2840 4246 3051 4307 Ἔρωτα,
3082 4246 3152 4293 ὅτι
3192 4247 3365 4306 μητέρα
3402 4245 3483 4308 μὲν
3508 4246 3612 4307 ἔχει

2050 4317 2131 4374 τὴν
2154 4315 2442 4377 Ἀφροδίτην,
2493 4315 2671 4375 πατέρα
2694 4316 2743 4362 δὲ
2775 4315 2875 4364 οὐδ’
2911 4316 3020 4372 ἕνα,
3046 4315 3232 4362 πάντων
3265 4315 3313 4362 δὲ
3348 4332 3475 4377 γεμει
3512 4322 3613 4364 τῶν

2050 4392 2224 4433 κακῶν.
2282 4404 2305 4426 «ι
2355 4382 2550 4432 Gallicis
2592 4384 2818 4434 versibus
2866 4383 3077 4434 reddidit
3122 4386 3500 4446 Longopetraeus
3545 4384 3613 4433 ad

413 4452 589 4514 posuit.
623 4450 866 4500 Edebatur
899 4452 1124 4513 ἀοαμόἠς,
1161 4450 1294 4513 quod
1320 4463 1447 4499 nunc
1473 4451 1648 4500 vellem
1679 4449 1960 4511 reliquisse;
2004 4447 2009 4500 l
2050 4454 2253 4501 Theocr.
2290 4465 2337 4514 p.
2374 4458 2477 4502 130.
2510 4472 2533 4495 υ
2562 4454 2624 4501 Β.
2666 4456 2857 4503 Morum
2888 4457 2939 4503 et
2965 4453 3139 4516 ingenii
3185 4454 3378 4502 Amoris
3414 4467 3613 4504 caussa:

415 4534 525 4570 nam
547 4520 850 4569 commodam
887 4520 1250 4582 explicationem
1288 4520 1518 4569 admittit.
1543 4547 1604 4556 —
1633 4524 1678 4570 4.
1711 4522 1851 4569 Conf.
1883 4533 1959 4581 ep.

2051 4522 2366 4584 explicantur.
2397 4524 2511 4569 Jac.
2542 4548 2605 4556 ——
2634 4526 2674 4570 1.
2697 4523 3019 4585 Βροτολοιγὸς,
3046 4524 3212 4573 Martis
3247 4522 3497 4586 epitheton
3526 4526 3614 4576 ho-

421 4596 523 4649 179,
545 4596 590 4649 3,
611 4594 660 4639 et
686 4590 838 4639 Boiss.
860 4589 923 4638 ad
942 4604 1017 4653 ep.
1045 4596 1146 4651 178,
1164 4596 1208 4665 3.
1229 4617 1292 4627 -
1327 4598 1372 4639 5.
1399 4591 1532 4639 Plato
1549 4590 1750 4640 Conviv.
1771 4602 1817 4652 p.
1858 4595 1961 4651 178,
2004 4597 2008 4636 Ι
2050 4594 2302 4641 merirum.
2337 4612 2360 4634 e<
2393 4594 2535 4652 Τόξκ,
2558 4591 2669 4641 vide
2695 4592 2757 4641 ad
2782 4606 2858 4654 ep.
2888 4597 2990 4653 ¹24,
3021 4598 3066 4642 3.
3102 4618 3164 4628 -·
3191 4600 3236 4643 2.
3259 4596 3481 4657 Λαμυρὸν
3504 4598 3613 4645 Sui·

414 4662 452 4710 B
475 4666 648 4723 τγονεὶς
669 4662 866 4724 Ἔρωτος
891 4662 986 4709 οὔτ’
1016 4663 1129 4711 εἰσὶν
1163 4663 1270 4709 οὔτε
1293 4663 1502 4721 λέγονται
1539 4661 1619 4709 ὑπ’
1650 4661 1828 4717 οὐδενὸς
1857 4662 1965 4709 οὔτε
2004 4661 2007 4678 “

413 4732 600 4781 ἰδιώτου
629 4733 735 4780 οὔτε
776 4738 984 4789 ποιητοῦ.
1021 4752 1043 4775 «
1071 4732 1183 4782 Vid.
1231 4746 1306 4794 ep.
1349 4737 1452 4789 ¹80,
1495 4739 1550 4789 ὃς
1587 4733 1852 4792 Antagoras
1883 4742 1961 4792 ap.

417 4802 553 4865 Diog.
581 4804 635 4849 1..
672 4803 755 4855 lv.
790 4809 866 4862 20,
899 4814 1010 4851 cum
1039 4805 1151 4852 nota
1177 4801 1387 4851 Jacobsii
1423 4802 1557 4850 Anal.
1578 4805 1616 4852 t.
1638 4803 1746 4861 ul,
1767 4814 1815 4864 p.
1851 4808 1962 4862 ¹843

415 4872 608 4921 Barker.
643 4871 692 4919 in
718 4871 876 4920 Class.
895 4872 1026 4921 Diar.
1048 4874 1084 4922 t.
1124 4874 1184 4921 xl
1195 4874 1255 4931 11,
1277 4884 1324 4933 p.
1353 4875 1453 4920 172.
1481 4891 1504 4913 ιι
1533 4874 1594 4921 Β.
1619 4898 1682 4907 --
1710 4876 1734 4921 7
1755 4873 1963 4934 ὲσὸραῖτε
2004 4885 2009 4940 j

417 4942 535 4991 Cod.
559 4940 760 4991 Bothius
776 4941 962 4990 mavult
981 4943 1186 5006 ἐφορᾶτε.
1213 4948 1337 4992 -9,
1368 4962 1390 4983 «ι
1421 4944 1532 5003 Περὶ
1559 4942 1751 5003 φωλεόν,
1773 4946 1828 4991 ut
1863 4944 1967 4993 fera
2004 4951 2009 4967 ¹

417 5014 575 5076 aliqua
600 5015 646 5062 in
670 5013 826 5063 lustro
851 5012 1255 5076 praetereuntibus
1284 5012 1483 5062 iusidias
1511 5014 1702 5063 faciens.
1735 5036 1754 5056 ιι
1779 5018 1836 5064 Β.

2054 5019 2215 5077 repet-c
2242 5015 2365 5077 ἔχει,
2397 5013 2509 5065 licet
2534 5012 2667 5063 aliud
2710 5013 2912 5063 verbnm
2950 5012 3013 5063 sit
3040 5012 3394 5076 interpositum.
3432 5036 3453 5059 ιι

2052 4661 2141 4709 das
2165 4661 2313 4710 vertit
2344 4663 2561 4723 εὖλαλον,
2596 4663 2896 4725 εὐτράπελον,
2935 4664 3311 4719 καταπληκτικὸν
3329 4702 3343 4725 ,
3384 4670 3611 4729 τερπνὸν,

2052 4736 2102 4781 et
2122 4731 2253 4779 hunc
2281 4730 2444 4779 locum
2475 4732 2664 4795 allegat.
2694 4752 2717 4774 ιι
2755 4734 2812 4780 Β.
2834 4732 2967 4780 Plan.
2994 4734 3148 4781 πυκνὰ
3180 4735 3309 4797 γελᾷ.
3342 4764 3403 4774 -
3422 4740 3451 4785 4
3476 4740 3613 4796 ’‘0³23-

2054 4818 2165 4851 στου
2199 4804 2357 4860 κοινὴ,
2389 4809 2417 4852 5
2447 4804 2827 4865 μητρὸς...μὴτηρ
2866 4804 3001 4851 Plan.
3035 4829 3097 4838 -
3132 4812 3161 4853 6
3188 4806 3370 4861 γενὲτης
3398 4810 3611 4868 uterque

2053 4872 2194 4933 cod„
2224 4872 2311 4921 sed
2342 4872 2393 4921 in
2422 4873 2523 4923 Pal.
2545 4891 2575 4921 α
2595 4872 3004 4936 superscriptum;
3032 4872 3209 4923 deinde
3236 4876 3343 4923 οὔτε
3367 4892 3435 4931 τις
3453 4915 3466 4936 ,
3502 4882 3611 4927 cote

2052 4943 2196 5003 τινός,
2229 4942 2365 5005 quod
2394 4957 2518 4991 corr.
2537 4946 2640 4993 Jac.
2671 4970 2727 4978 --
2756 4946 2783 4992 7
2812 4944 2942 5007 Ἤρ,
2978 4949 3006 4993 8
3036 4944 3185 5005 Ἄρεος
3224 4945 3358 4994 Plan.
3392 4966 3415 4989 ιι
3451 4950 3571 5004 Βεὶη
3593 4984 3607 5004 ,

3488 5020 3605 5069 dac.
