3829 5747
1234 196 1309 255 lN
1370 194 1615 253 CAPUT
1656 192 1757 251 Vll
1798 191 2252 252 ANNOTATIO.
3198 198 3314 257 4:3¹.)

1769 323 1945 385 κρίτου,
1971 324 2028 372 ut
2048 322 2323 373 Phaennus.
2345 321 2532 373 Deinde
2559 326 2689 372 recte
2705 322 2880 373 Suidas
2913 324 3012 373 ἅδε.
3037 343 3061 365 »ι
3091 324 3322 380 Meinek.

1772 406 1821 454 p.
1852 397 1932 442 92.
1959 391 2206 442 Edebatur
2235 406 2296 441 ex
2326 391 2448 443 cod.
2480 393 2579 441 ἅδε.
2609 394 2816 442 Brunck.
2847 394 2948 457 ᾆδε.
2976 393 3179 444 Salmas.
3207 396 3315 445 ὧδε.

1771 488 1833 500 —
1851 470 1878 513 2
1908 465 2116 528 ἀργειλὸς
2148 464 2290 523 Cod.;
2317 466 2526 527 ἀργιλλος
2543 464 2676 514 Suid.
2704 484 2727 507 κ
2751 464 2800 513 iu
2821 464 3102 527 ἂργιλλώδης
3124 470 3203 527 γῆ·
3223 468 3322 516 λευ-

1771 535 1831 592 κὴ
1855 536 1934 583 καὶ
1961 534 2155 596 καθαρά.
2193 534 2288 583 Sed
2317 537 2394 585 est
2428 535 2641 598 Ἀργιλος
2676 534 2793 585 urbs
2835 534 3054 585 Thraciae
3069 572 3084 596 ,
3131 534 3194 585 de
3221 549 3323 598 qua

1770 604 2044 667 Stephanus
2065 606 2178 666 Byz.
2202 624 2225 647 ›‚
2254 606 2315 653 B.
2353 604 2500 654 Plura
2523 604 2586 655 de
2615 604 2694 654 his
2720 604 3025 657 Brunckius:
3057 625 3082 647 a
3099 606 3320 669 Ἐγγύθεν

167 680 233 730 hic
252 677 557 743 superscripto
590 693 647 739 φ;
679 676 958 739 περσεφόνης
996 675 1131 725 Suid.
1177 695 1201 719 α
1224 675 1429 724 Ursinus
1467 673 1684 723 tentabat
1772 675 2036 737 Ὠρωποῦ
2061 674 2179 725 dicit
2200 673 2477 725 Phaennus.
2507 677 2618 725 Jam
2645 676 2894 739 sioropus
2911 679 2986 727 est
3023 676 3144 727 urbs
3161 680 3318 728 Mace-

167 750 330 811 δνσσερά
344 786 357 810 ,
399 747 486 797 sed
526 747 722 866 geonta&
760 744 957 795 videtur
986 745 1222 795 dilectum
1262 744 1528 807 epitheton,
1570 742 1685 805 quia
1770 744 1930 795 doniae
1946 758 2095 809 prope
2113 744 2419 809 Amphipolin
2434 784 2448 808 ,
2471 747 2675 809 Ἀργιλος
2697 746 3006 811 intelligenda
3025 748 3322 799 Macedoniae

170 822 345 870 locustae
362 818 525 869 etcica
560 830 605 865 ω
628 828 736 865 rore
766 815 899 865 vesci
918 814 1269 866 existimantur.
1295 836 1319 859 υ
1342 818 1457 865 Jac.
1477 840 1541 850 —
1558 813 1684 863 Huic
1773 815 1890 865 urbs
1914 815 1990 865 cis
2009 818 2063 864 st
2107 828 2310 865 monem
2371 830 2466 865 non
2495 816 2576 865 lon
2609 830 2640 865 o
2669 817 2731 867 ab
2768 820 2856 867 Am
2893 816 2940 865 bi
3007 816 3040 867 li
3067 818 3322 868 intervallo

167 886 463 953 epigrammati
489 888 539 936 et
556 898 668 948 quae
688 888 965 947 sequuntur
984 886 1035 935 in
1052 885 1269 943 cicadas,
1300 885 1543 941 locustas,
1570 896 1685 933 aves
1722 902 1728 920 ¹
1770 886 1967 945 dissita,
1993 829 2153 936 itariit
2172 854 2375 936 locust’ae
2402 831 2798 948 monunientum
2819 832 3246 951 inpviffiggestum
3271 892 3323 939 et

166 959 275 1008 «lomi
314 957 503 1007 habitas
518 994 532 1017 ‚
569 953 824 1007 commode
862 956 1111 1007 Heckerus
1138 954 1355 1005 admovit
1379 954 1579 1004 Diodori
1607 954 1681 1004 lo·
1722 927 1729 1011 1
1770 956 1895 1005 inter
1919 955 2087 1005 ambas
2123 954 2272 1005 urbes
2297 956 2401 1006 sere
2439 956 2673 1018 medium,
2707 956 2772 1007 ad
2793 960 3050 1020 utramque
3083 958 3322 1021 pertinere

166 1044 255 1078 rum
279 1030 335 1087 (a
357 1030 459 1078 sac.
480 1024 702 1085 citatum)
731 1028 873 1087 xm,
890 1030 971 1085 82,
989 1025 1189 1076 deluxu
1224 1026 1641 1089 Agrigentinorum
1668 1046 1681 1077 ι
1722 1012 1728 1117 1
1769 1025 1934 1076 visum
1965 1025 2128 1076 suerit.
2157 1045 2182 1068 ι»
2209 1025 2444 1089 Displicet
2475 1027 2698 1078 neckero
2719 1030 2760 1089 l,
2786 1041 2836 1091 p.
2869 1032 2953 1078 157
2987 1030 3228 1079 sententia
3251 1027 3323 1078 ita

164 1102 273 1157 δηλοῖ
288 1100 329 1148 δὲ
348 1100 427 1157 τὴν
447 1100 617 1161 τρυφὴν
638 1102 733 1145 τῶν
754 1098 1115 1159 Ἀκραγαντίνων
1135 1099 1215 1146 καὶ
1234 1101 1264 1155 ἡ
1288 1098 1559 1146 πολυτέλεια
1592 1102 1683 1146 τῶν
1773 1096 2037 1148 informata
2071 1117 2083 1146 ι
2119 1098 2202 1155 ἣδε
2231 1098 2362 1154 πόλις
2385 1098 2484 1161 ἔχει
2517 1098 2681 1162 ἀκρίδα
2709 1100 2826 1163 ἀμφὶ
2851 1100 3082 1161 κέλευθον,
3110 1118 3136 1143 οι
3161 1113 3320 1162 quum

166 1170 389 1231 μνημείων,
432 1168 569 1217 ἅτινα
617 1166 697 1227 μὲν
732 1170 825 1223 τοῖς
869 1167 1083 1223 ἀθληταῖς
1112 1169 1272 1222 ἵπποις
1307 1168 1683 1227 κατεσκεύασαν,
1722 1118 1729 1230 1
1771 1168 2128 1231 exspectaveris
2146 1170 2228 1227 ἥδε
2246 1170 2458 1225 κίλευθος
2475 1170 2590 1233 ἔχει.
2612 1188 2638 1212 ¹·
2670 1171 2776 1219 Hoc
2794 1169 2951 1234 magis
2977 1169 3124 1220 etiam
3153 1168 3318 1233 displi-

164 1242 249 1287 τινὰ
267 1242 449 1320 ὀὲτοῐς
472 1239 583 1286 ὑπὸ
614 1240 720 1284 τῶν
746 1236 971 1319 παίδων
1000 1238 1419 1321 καὶ,παρθὲνων
1454 1236 1514 1285 ἐν
1538 1236 1683 1300 οῐκῳ
1722 1234 1729 1319 1
1771 1239 2129 1301 ωειῐςἌργιλος
2149 1252 2390 1303 cumagro
2405 1239 2924 1303 suoestintelligenda.
2943 1244 3106 1289 -3.‹=
3126 1241 3324 1290 struen-

164 1325 520 1391 τρεφομενοις
565 1307 943 1391 ὀρνιθαριοις,
978 1308 1009 1355 ἀ
1048 1310 1245 1370 Τιμαιος
1274 1308 1531 1370 ἑωρακέναι
1571 1308 1682 1370 φησὶ
1723 1322 1729 1355 ι
1772 1308 1887 1357 dum
1912 1311 1990 1358 est
2007 1308 2062 1364 ἀς
2089 1310 2181 1359 ὑπὸ
2217 1311 2396 1372 μολπᾶς
2503 1311 2584 1359 καὶ
2621 1314 2714 1359 πᾶν
2747 1310 2970 1372 μέλαθρον
3003 1310 3127 1373 ῐαχε.
3151 1330 3174 1353 υ
3204 1312 3321 1361 Jac.

166 1398 276 1443 μεχρι
292 1386 367 1429 τοῦ
385 1378 485 1428 καθ’
508 1380 675 1427 ἑαυτὸν
701 1379 807 1440 βιου
832 1380 1117 1441 διαμένοντα.
1723 1358 1729 1435 1
1771 1377 2020 1427 fleckerus
2052 1391 2152 1427 non
2177 1377 2558 1441 improbabiliter
2580 1378 2635 1433 ἇς
2667 1394 2787 1440 κεν,
2837 1398 2861 1421 ι
2883 1380 2940 1429 ut
2970 1376 3212 1429 indicetur
3233 1377 3326 1427 boc

172 330 401 393 corrigunt.
424 347 447 369 ι·
468 352 531 362 -
548 330 595 375 3.
628 345 651 368 α
672 325 833 375 Sebol.
854 324 1047 375 Wecb.:
1078 328 1281 387 περὶτοῦ
1305 325 1543 387 Κλυμένου
1561 324 1683 383 ζήτει
1722 336 1729 437 1

168 400 377 461 'flod-Lim.
393 395 592 446 Volebat
615 394 1108 458 signiticareSuidam.
1125 394 1301 444 suidas
1320 395 1467 456 cuim,
1484 394 1570 456 qui
1588 394 1685 443 hoc

170 470 259 518 loco
274 468 439 517 utitur:
458 465 776 533 οὕτωλὲγεται
794 465 990 528 ὀᾍδης,
1010 466 1039 522 ἢ
1058 466 1127 513 ὃτι
1146 465 1322 520 πάντας
1340 466 1681 527 προσκαλεῖται

168 542 221 595 εἰς
240 541 404 597 ἑαυτὸν,
428 540 457 595 ἡ
471 540 498 586 ὁ
511 537 603 587 ὑπὸ
616 537 804 586 πάντων
835 536 1134 598 ἀκουόμενος.
1160 556 1185 579 ι»
1205 537 1267 584 Β.
1290 534 1425 585 Cous.
1443 546 1589 597 supra
1603 546 1679 595 ep.

168 618 207 668 9,
227 616 265 660 7.
290 618 369 672 Ap.
401 607 534 659 Suid.
559 608 835 657 πεπόταται.
860 633 921 644 -
944 609 971 655 4
997 605 1279 671 περοεφὸνας
1312 606 1441 655 Plan.
1464 609 1515 655 et
1540 603 1681 664 cod„

85 2512 94 2519 ‚
166 2457 287 2519 epigr.
314 2471 407 2507 non
442 2456 744 2516 statuarius,
778 2454 865 2505 sed
903 2455 1041 2519 virgo
1080 2456 1225 2515 Μυρὼ
1256 2455 1559 2503 memoratur
1590 2466 1602 2494 ε
1634 2454 1691 2501 ut

1723 1440 1729 1481 l

700 1504 705 1509 .
1724 1482 1729 1511 Ι

214 1545 335 1593 CXC.
364 1542 565 1591 Lemma
589 1553 601 1582 τ
628 1542 694 1597 εἰς
714 1540 881 1602 ἀκρίδα
910 1542 989 1588 καὶ
1012 1541 1196 1601 τέττιγα
1214 1539 1466 1599 ἐπιτάφιον.
1501 1536 1685 1587 Plinius
1724 1516 1730 1597 1

166 1616 213 1661 ll.
233 1616 281 1661 N.
318 1613 525 1669 xxxlv,
560 1616 635 1670 19,
664 1610 695 1673 §
722 1614 751 1659 3
776 1630 789 1658 ·.
818 1612 1092 1672 Myronem
1201 1607 1384 1670 secisse
1411 1610 1463 1655 cc
1492 1604 1685 1656 cicadae

164 1684 529 1734 monumentum
554 1694 618 1731 ac
644 1681 869 1739 locus-tm,
892 1680 1211 1729 cartm'nibus
1238 1680 1351 1728 suis
1374 1681 1583 1727 Erinna
1616 1679 1686 1726 si·

162 1754 413 1814 nificat-it.
441 1772 463 1795 «ι
491 1752 647 1815 CuJus
680 1763 831 1811 error,
862 1762 961 1811 quo
989 1750 1237 1810 Myronem
1262 1747 1475 1810 puellam
1499 1745 1548 1795 in
1578 1748 1682 1806 My-

162 1838 301 1871 ronem
328 1821 617 1872 statuarium
655 1818 868 1869 mutavit
888 1822 940 1869 et
961 1816 1136 1867 artifici
1172 1816 1289 1866 huic
1317 1813 1495 1865 cicadoe
1532 1817 1583 1865 et
1618 1814 1687 1863 lo-
1724 1847 1731 1905 Ι

1774 1448 1879 1497 {ieri
1898 1448 2094 1498 solitum
2121 1448 2290 1499 ruisse.
2316 1469 2340 1492 υ

1834 1633 2019 1681 CXCV.
2054 1635 2254 1681 Lemma
2285 1652 2298 1680 :
2321 1634 2471 1695 ἕτερον
2496 1634 2560 1687 εἰς
2585 1633 2668 1689 τήν
2692 1631 2836 1689 αὐτὴν
2859 1631 3022 1693 ἀκρίδα
3048 1630 3130 1687 τὴν
3163 1644 3328 1690 μουσι-

1773 1702 1873 1757 κήν.
1904 1701 2073 1751 Voluit
2100 1703 2164 1758 εἰς
2186 1702 2241 1751 τὸ
2261 1702 2375 1751 αὐτὸ
2391 1738 2407 1761 ,
2437 1700 2625 1751 scilicet
2651 1700 2844 1763 ἀκρίδκ,
2868 1710 2964 1747 non
2989 1695 3207 1747 cicadam
3228 1698 3324 1746 De·

1772 1770 1980 1820 mocriti.
2005 1772 2238 1821 Ceterum
2265 1784 2362 1821 non
2387 1770 2654 1832 ἐπιτύμὸισν
2677 1772 2753 1819 est
2783 1767 2876 1817 boc
2895 1765 3187 1830 epigramma
3201 1801 3215 1826 ,
3239 1765 3327 1815 sed

1774 1840 2009 1904 ἐρωτικόν.
2029 1843 2291 1891 Locustam
2309 1844 2452 1904 poeta
2477 1842 2615 1903 rogat
2640 1842 2698 1889 ut
2721 1850 2865 1888 curas
2884 1836 3062 1900 quibus
3079 1836 3331 1886 cruciatur

162 1897 291 1942 custae
316 1894 681 1942 monumentum
699 1928 712 1951 ,
732 1888 867 1952 quod
886 1889 999 1938 fecit
1025 1900 1295 1949 nunquam,
1324 1885 1571 1945 attribuit,
1585 1885 1687 1948 jam
1725 1908 1733 1970 Ι
1772 1914 1920 1961 cantu
1937 1910 2086 1962 leniat
2101 1951 2114 1973 ,
2133 1912 2359 1963 mercede
2380 1925 2468 1975 pm
2483 1924 2542 1960 eo
2565 1909 2800 1959 beneficio
2816 1908 3065 1971 proma·
3089 1912 3186 1955 —l
3211 1907 3328 1955 &ndr-

164 1964 259 2011 uiris
292 1963 441 2013 doctis
480 1963 699 2011 notatus.
750 1958 847 2009 Sed
882 1959 1064 2021 absque
1091 1957 1272 2020 judicio
1303 1956 1449 2006 iidem
1486 1968 1548 2004 ex
1594 1956 1689 2003 hoc

166 2034 281 2082 Plinii
308 2034 411 2083 loco
452 2032 661 2082 Erinnes
699 2043 809 2081 esse
852 2030 1025 2079 volunt
1071 2028 1165 2077 boc
1198 2028 1519 2092 epigramma,
1556 2024 1687 2088 quod

162 2108 305 2166 Anptae
322 2103 498 2153 diserte
516 2100 691 2153 tribuit
721 2099 902 2150 Codex.
926 2100 977 2149 Si
994 2099 1045 2149 in
1066 2097 1163 2149 hoc
1179 2101 1519 2161 argumentum
1542 2096 1687 2146 ctiam

166 2174 261 2225 lusit
296 2174 471 2239 aliquid
516 2174 722 2231 Erinna,
763 2171 1073 2235 deperditum
1123 2173 1200 2220 est
1228 2170 1370 2219 ‘illius
1408 2181 1619 2219 (armen.
1662 2187 1685 2211 ιι

170 2245 358 2295 Brunca
388 2244 539 2295 Addit
554 2242 786 2306 Bergkius
804 2242 958 2303 Lyric.
980 2256 1029 2304 p.
1051 2246 1159 2291 704.
1187 2260 1213 2284 ι
1235 2242 1296 2290 At
1320 2242 1568 2301 Myronem
1588 2240 1690 2289 sta-
1728 2240 1733 2288 1

162 2314 557 2364 manumittimus
585 2326 682 2362 non
725 2312 889 2375 potuit
928 2322 1337 2370 commemorare,
1372 2308 1465 2359 nisi
1500 2310 1690 2358 statuas

166 2386 283 2435 aliam
300 2386 564 2437 recentiore
578 2398 686 2435 aevo
701 2383 939 2448 poetriam
952 2383 1285 2447 cognominem
1301 2380 1483 2429 vixisse
1499 2398 1514 2439 ·,
1540 2382 1593 2429 at
1608 2378 1691 2428 illo

166 2528 343 2588 floruerit
370 2528 465 2578 hoc
494 2526 675 2577 Erinna
702 2525 945 2583 scribere;
975 2524 1063 2575 sed
1094 2525 1230 2574 Plinii
1264 2524 1313 2573 in
1332 2527 1435 2573 tam
1457 2524 1591 2586 gravi
1621 2537 1691 2573 cr-

168 2612 255 2645 rore
270 2612 355 2648 non
372 2601 447 2649 est
468 2600 611 2649 tanta
626 2595 889 2647 auctoritas
906 2634 916 2655 ‚
938 2598 997 2645 ut
1015 2596 1189 2657 Anytae
1206 2592 1553 2655 abJudicemus.
1581 2614 1605 2637 υ
1630 2620 1693 2632 ·-

172 2669 433 2727 Ιὺρυοκοίτω
463 2664 807 2730 (superposito
832 2668 910 2727 αι)
939 2664 1082 2725 Cod.·‚
1114 2666 1359 2727 δρυοκοίτᾳ
1384 2664 1537 2723 Plan.;
1557 2670 1614 2723 τῇ
1642 2666 1692 2714 et

168 2740 385 2801 ίρυοκοίτῃ
412 2738 556 2789 suid.
602 2764 666 2773 —-
690 2742 721 2787 3
748 2737 864 2797 κόρη
906 2736 1063 2797 Suid.,
1096 2736 1182 2798 qui
1212 2736 1461 2797 sequentia
1492 2735 1688 2785 omittit.

168 2834 217 2842 -
249 2813 295 2858 ln
320 2822 459 2859 novae
484 2808 677 2873 paginas
708 2806 903 2857 Codicis
934 2806 1150 2869 margine
1176 2804 1426 2868 superiore
1453 2805 1689 2868 scriptum
1730 2766 1737 2865 1

168 2877 289 2927 ,llarci
324 2877 593 2942 Argentarii
616 2875 912 2940 epigramma
936 2875 999 2925 de
1026 2877 1193 2925 nostro
1231 2886 1534 2936 expressum,
1561 2872 1691 2936 quod

170 2947 259 2998 lide
274 2949 391 2998 iufra
408 2963 457 2998 n.
500 2953 612 2999 364.

216 3097 356 3144 cxci.
383 3099 589 3145 Lemma
620 3114 632 3142 ι
662 3096 727 3150 εἰς
756 3094 931 3142 κίσσαν
965 3092 1019 3140 τὸ
1050 3089 1225 3153 ὄρνεον,
1258 3090 1336 3138 διὰ
1358 3091 1413 3139 τὸ
1439 3089 1556 3138 εἶναι
1580 3090 1693 3138 αὐτὸ

170 3167 324 3224 ‹iiiito-e.
340 3193 403 3204 —-
426 3173 441 3216 Ι
461 3164 779 3230 ,ἀποκλάξασα
798 3163 930 3212 Plan.
964 3180 985 3204 ι
1007 3160 1129 3209 Hinc
1143 3159 1320 3210 Suidas
1341 3174 1353 3202 τ
1375 3161 1690 3222 ἀντίφθογγον·

170 3237 317 3291 buozo-a.
346 3239 413 3286 Ex
434 3248 587 3286 versu
608 3237 637 3283 4
667 3255 678 3282 ι
707 3231 964 3295 κερτὸμιος·
986 3230 1275 3292 ἐρεθιστικός.
1298 3231 1359 3278 Et
1374 3230 1594 3292 ἀντῳδόν·
1614 3249 1693 3280 κα-

168 3307 374 3360 tmen-a.
402 3309 475 3354 Ex
502 3318 553 3353 v.
586 3311 615 3354 5
642 3317 653 3345 t
689 3303 955 3363 ἄγλωσσος,
992 3301 1019 3348 ὁ
1042 3299 1266 3356 ἄναυδος,
1288 3301 1313 3346 ὁ
1341 3299 1538 3357 ἄφωνος.
1575 3319 1598 3342 ιι
1634 3305 1689 3350 B.

198 3405 213 3412 -
232 3379 255 3421 3
287 3377 339 3431 δὴ
360 3375 493 3424 l’lan.
516 3375 696 3436 proeter
708 3370 787 3421 ed.
814 3371 985 3434 princ.·‚
1016 3371 1064 3418 δὲ
1084 3369 1347 3430 κεκράξασα
1373 3367 1538 3417 διιίᾶισ
1577 3369 1688 3421 cod.

170 3444 298 3507 Leid.‚
322 3449 417 3495 tres
448 3445 535 3495 alii
559 3445 610 3492 δὲ
630 3443 760 3506 ιράξ.
789 3445 845 3491 ln
882 3441 978 3489 tine
1000 3439 1129 3488 idem
1168 3441 1302 3501 ἠχώ,
1326 3442 1376 3488 et
1402 3439 1583 3488 ionicus
1606 3440 1695 3488 for-

171 3528 253 3562 mas
284 3515 421 3565 etiam
449 3527 602 3565 versu
622 3521 666 3564 6.
703 3511 829 3562 Olim
848 3509 1107 3561 Jacobsius
1136 3507 1422 3570 conjiciebat
1450 3510 1695 3571 πολύθροος

171 3586 231 3632 ali
252 3605 309 3642 τις
330 3588 450 3650 ἀχώ.

220 3727 391 3776 ‘'Kell.
419 3729 626 3776 Lemma
659 3745 672 3773 ι
706 3726 768 3779 εἷς
783 3723 953 3785 ἀκρίδα
992 3723 1077 3776 τὴν
1097 3722 1343 3782 μουσικήν.
1371 3747 1431 3756 —-·
1456 3727 1494 3771 1,
1531 3742 1555 3764 ιι
1576 3722 1699 3771 Hinc

172 3794 317 3844 Susidas
346 3810 357 3837 τ
388 3795 734 3858 λιγυφθόγγοιε,
766 3794 865 3843 ἀντὶ
886 3797 969 3840 τοῦ
990 3791 1261 3850 ἡδυφὼνοις.
1284 3793 1355 3838 Ex
1380 3805 1425 3838 v.
1457 3794 1487 3839 4
1511 3811 1521 3838 :
1543 3793 1693 3848 ξουθή·

172 3867 473 3926 εὖμίρωτάιη.
503 3887 529 3909 ν
552 3869 613 3916 Β.
634 3869 705 3915 De
731 3863 1037 3928 πτερύγεσσιν
1054 3864 1105 3912 et
1123 3874 1171 3910 v.
1203 3865 1232 3910 4
1259 3863 1312 3910 ἐκ
1330 3861 1567 3924 πτερύγων
1590 3861 1699 3911 vide

174 3939 253 3981 not.
276 3935 333 3984 ad
360 3949 435 4000 ep.
464 3943 573 4000 195,
596 3939 644 3984 ὅ.
668 3961 729 3971 —-
750 3941 780 3984 3
809 3936 999 3997 σκιερὴν
1024 3932 1145 3982 cod.
1176 3935 1225 3982 et
1246 3933 1405 3990 Plan.;
1447 3946 1569 3982 corr.
1592 3937 1695 3983 Jac.

175 4009 251 4052 —4
268 4007 415 4060 Ξουθαν
434 4005 557 4058 cod.
586 4005 690 4056 sine
709 4019 831 4066 acc.;
849 4008 1023 4062 ξουθῶν
1044 4003 1200 4061 Suid.;
1214 4003 1387 4054 deinde
1406 4017 1574 4054 omnes
1592 4007 1695 4066 ἡδὺ,

174 4088 203 4117 n
220 4089 273 4122 rr.
300 4079 501 4128 Brunck.

229 4215 424 4270 Fxclll.
456 4219 663 4265 Lemma
689 4234 702 4262 ε
732 4215 884 4277 ἕτερον
912 4214 977 4269 εἰς
1010 4213 1194 4276 ἀκρίδα.
1220 4231 1242 4254 ⁸«
1275 4212 1460 4262 Gallice
1481 4214 1631 4262 vertit
1651 4217 1702 4264 et

176 4281 355 4332 illustrat
397 4285 595 4336 cbardo
630 4283 781 4352 Bocb.
820 4284 959 4334 Misc.
1004 4287 1042 4334 t.
1078 4286 1115 4344 1,
1164 4298 1213 4346 p.
1251 4288 1335 4334 104
1376 4304 1388 4331 ι
1428 4304 1452 4327 υ
1486 4287 1546 4332 15.
1596 4287 1699 4334 Non

178 4365 265 4399 csse
290 4355 481 4407 uidetur
510 4357 795 4418 ἐπιτυμὸιον.
825 4381 887 4392 -
914 4361 932 4404 1
969 4356 1101 4416 δρυὸς
1132 4353 1274 4414 cod,
1300 4367 1423 4404 corr.
1460 4357 1703 4404 Kusterus

178 4422 380 4486 alsnid„
410 4427 499 4489 qui
518 4427 645 4475 male
662 4429 765 4476 Πᾶν
797 4427 847 4475 δὲ
880 4427 1001 4474 κατ’.
1037 4451 1100 4462 —-
1120 4433 1147 4474 2
1194 4427 1488 4475 π’τώσσουσα
1520 4426 1703 4486 ('›od.,v

176 4489 315 4540 addito
334 4507 363 4542 a
389 4500 664 4546 correctore
680 4513 693 4554 ;
711 4497 841 4545 recte
865 4495 1021 4554 Suid.,
1046 4494 1131 4556 qui
1152 4494 1366 4557 βρομίας.
1396 4513 1421 4536 α
1450 4493 1573 4542 ilinc
1599 4495 1704 4543 Sui-

176 4558 247 4607 das
270 4575 281 4602 ³
304 4565 637 4616 πτώσσουσαν
660 4565 926 4623 δειλιῶσαν,
948 4566 1281 4627 κρυπτομένην.
1320 4565 1391 4612 Ex
1414 4578 1463 4612 V.
1494 4569 1523 4614 3
1544 4579 1556 4606 ²
1586 4566 1702 4628 εὐερ-

182 4639 247 4676 .;Ξ·
279 4637 424 4690 καλῶς
461 4637 813 4698 ἡσταὶισμὲνῳ.
851 4656 873 4678 ιι
907 4637 965 4686 B.
1002 4661 1063 4672 ·—-
1090 4640 1119 4684 3
1148 4651 1225 4696 μοι
1254 4634 1409 4696 Suid.;
1438 4635 1597 4684 Codex
1627 4653 1700 4700 με,

176 4703 241 4750 vui
267 4723 305 4753 οι
328 4711 572 4758 corrector
592 4707 949 4770 superscripsit.
970 4733 1033 4744 —
1054 4711 1099 4756 4.
1127 4708 1409 4766 Ἇγὶώσσου,
1431 4707 1541 4756 vide
1576 4721 1699 4772 prae-

177 4773 236 4818 ter
260 4777 557 4827 (bardonem
580 4778 707 4828 iufra
732 4780 901 4828 notata
924 4777 987 4826 ad
1004 4789 1083 4840 ep.
1116 4781 1219 4838 195,
1249 4785 1291 4827 ὓ.

228 4929 419 4978 (XCIV.
460 4933 657 4980 Lemma
686 4951 697 4978 :
720 4933 871 4994 ἕτερον
896 4931 961 4986 εἰς
986 4930 1153 4991 ἀκρίδα
1179 4932 1489 4993 Δημοκρίτου.
1522 4931 1698 4982 001116-

180 4995 356 5046 wnnum
376 4999 669 5062 epigramma
701 4999 913 5050 l‘hacnni
938 5000 1061 5049 infra
1085 5004 1187 5050 197.
1210 5026 1271 5038 -—
1297 5007 1334 5050 1.
1362 5021 1384 5043 «ι
1404 5003 1531 5050 Fort.
1556 5007 1701 5064 Δαμο-

1772 1984 1891 2041 τηλὰ
1909 1985 2065 2045 μύθων
2090 1983 2232 2043 θοὰ,
2261 1982 2594 2047 superscripto
2625 1994 2638 2023 2
2671 1997 2744 2043 γρ.
2769 1980 2958 2039 πόθων,
2995 1980 3046 2028 et
3075 1977 3146 2026 sic
3172 1977 3327 2037 1³1an.;

1774 2054 1998 2115 ἀπάτημα
2017 2054 2246 2104 fluetius.
2267 2054 2566 2118 Παραμύθιον
2583 2053 2730 2101 ὕπνου
2745 2051 2876 2101 recte
2899 2047 3118 2111 accipere
3136 2046 3331 2097 videtur

1778 2124 2041 2174 Dorvillius
2066 2125 2129 2175 de
2165 2126 2425 2189 ἀγρυπνίᾳ,
2452 2124 2682 2174 solatium
2715 2120 2874 2171 somni
2908 2119 3147 2171 absonus.
3187 2117 3331 2181 Apud

1777 2194 2000 2244 Grotium
2034 2197 2140 2245 erat
2187 2199 2297 2254 Quo
2334 2206 2576 2245 somnum
2604 2195 2722 2253 etc„
2762 2190 3047 2255 typographi
3089 2190 3242 2253 lapsu.
3271 2216 3332 2225 —

1775 2272 1804 2317 4
1831 2268 1961 2329 φίλας
1990 2266 2108 2315 Cod.
2135 2268 2186 2317 et
2211 2266 2369 2327 Plan„
2388 2280 2513 2317 corr.
2541 2263 2796 2314 Brodaeus.
2817 2292 2880 2305 —
2903 2268 2931 2312 5
2959 2266 3169 2322 μενοινῆς
3195 2260 3332 2310 vole·

1776 2336 1859 2386 bat
1879 2337 2138 2386 Marcellus
2159 2338 2353 2387 Comes.
2383 2363 2446 2373 —
2469 2344 2516 2387 6.
2550 2354 2572 2377 α
2598 2333 2772 2383 suidas
2798 2332 2848 2382 in
2879 2331 3020 2389 Μίτος
3043 2332 3258 2391 ηὕρηται
3283 2332 3332 2379 δὲ

1778 2408 1845 2458 ἀεὶ
1866 2408 1944 2455 διὰ
1961 2408 2155 2470 βραχέος
2181 2412 2263 2455 τοῦ
2289 2424 2337 2466 ι,
2363 2409 2414 2455 et
2436 2403 2532 2453 boc
2553 2402 2763 2453 disticho
2793 2402 2997 2465 aliisque
3027 2398 3260 2465 exemplis
3283 2398 3334 2447 id

1776 2476 2048 2527 confirmat.
2083 2477 2151 2523 Ex
2171 2489 2219 2523 v.
2257 2477 2490 2537 sequente
2518 2495 2529 2522 ι
2559 2474 2757 2535 γήτειον,
2789 2474 2845 2521 τὸ
2884 2472 3262 2535 ἀμπελόπρασον.
3305 2492 3328 2513 ν

1786 2550 1843 2597 Β.
1869 2550 1936 2597 Ut
1968 2545 2163 2595 chordis
2189 2546 2308 2607 lyrae
2326 2558 2470 2595 sonos
2498 2544 2736 2607 plectrum
2762 2542 2916 2601 elicit,
2941 2542 3014 2592 sic
3039 2542 3228 2591 locusta
3248 2556 3332 2605 pe-

1778 2618 1923 2667 dibus
1950 2617 2052 2666 alas
2075 2616 2328 2679 impellens
2345 2615 2535 2665 stridet.
2559 2617 2632 2663 De
2649 2614 2741 2663 hac
2759 2626 2813 2663 re
2832 2628 2878 2662 v.
2901 2612 3120 2675 inprimis
3142 2612 3335 2663 Schnei-

1778 2689 1882 2739 der.
1912 2689 1974 2739 ad
2001 2688 2199 2738 Aristot.
2229 2687 2353 2736 Hist.
2383 2690 2474 2737 An.
2511 2689 2596 2746 lv,
2632 2690 2681 2746 9,
2723 2684 2756 2748 §
2788 2692 2835 2745 2,
2863 2698 2911 2747 p.
2939 2688 3030 2733 244
3057 2696 3195 2745 seqq.
3232 2682 3328 2731 Pli-

1779 2761 1890 2809 nius
1917 2761 2001 2820 xl,
2037 2763 2091 2809 51
2132 2780 2143 2805 ι
2188 2758 2411 2807 locustas
2433 2766 2736 2820 pennarum
2763 2757 2811 2804 ec
2849 2754 3108 2816 seminum
3139 2754 3333 2805 attritu

1778 2844 1969 2882 sonare
1995 2828 2244 2880 creditur.
2275 2826 2438 2891 Pergit
2463 2828 2606 2891 poeta
2633 2826 2682 2876 in
2709 2824 3062 2888 comparatione
3087 2836 3198 2873 cum
3229 2824 3334 2887 lyra

1779 2901 1930 2952 verbo
1954 2901 2281 2963 μιτωσαμὲνη,
2305 2897 2447 2960 quasi
2474 2896 2538 2946 de
2561 2895 2783 2956 chordis,
2812 2895 2958 2958 μίτοις
2977 2931 2990 2954 ,
3018 2897 3204 2957 agatur,
3229 2894 3336 2956 qui·

1778 2971 1873 3022 bus
1917 2970 2143 3034 impulsis
2176 2971 2349 3018 cantus
2397 2970 2691 3031 provocatur
2740 2965 3054 3028 ἐρωτοπλάνος
3070 3001 3082 3024 ,
3137 2967 3335 3014 annm-ts

1779 3044 2050 3094 cruciatus
2071 3041 2332 3100 avertens,
2365 3040 2552 3088 πλανῶν
2583 3039 2664 3086 τὸν
2697 3037 2863 3098 ἔρωτα.
2893 3036 3007 3085 Jac.
3037 3062 3098 3070 —-
3125 3039 3152 3084 7
3177 3035 3337 3096 ὅρθρια

1780 3113 1861 3162 bic
1885 3123 2082 3174 quoque
2103 3107 2312 3158 Graeiius
2329 3145 2342 3168 ,
2369 3110 2428 3158 ut
2446 3109 2507 3168 V,
2527 3119 2604 3169 ep.
2631 3109 2735 3166 177,
2755 3110 2800 3154 2.
2833 3123 2858 3146 «ι
2888 3103 3122 3153 Novimus
3139 3103 3335 3166 quidem

1780 3183 1997 3234 locustas
2013 3216 2028 3242 ,
2059 3183 2118 3230 ut
2166 3177 2397 3243 quaedam
2429 3189 2686 3228 erucarum
2729 3187 2930 3238 genera,
2977 3173 3150 3237 cupide
3194 3187 3338 3236 aquas

1781 3257 1944 3318 guttas
1971 3263 2169 3314 sugere,
2193 3249 2488 3312 easdemque
2513 3248 2671 3310 pomis
2699 3249 2752 3296 et
2781 3247 2984 3296 maxime
3011 3245 3130 3308 piris
3149 3245 3196 3294 in
3224 3259 3332 3308 par-

1785 3328 1859 3375 tes
1878 3322 2025 3373 sectis
2042 3319 2300 3379 delectari3
2321 3319 2408 3370 sed
2425 3321 2625 3382 γήτειον,
2647 3317 2688 3366 si
2708 3316 2904 3378 quidem
2922 3319 2998 3366 est
3019 3315 3150 3378 porri
3166 3329 3334 3379 genuS,

1782 3398 2078 3446 locustarum
2104 3390 2303 3440 delicias
2323 3402 2432 3440 esse
2461 3388 2676 3438 nondum
2700 3386 2907 3450 experiri
2926 3385 3078 3436 licuit.
3108 3389 3224 3436 Erat
3246 3385 3334 3449 igi-

1782 3469 1866 3516 tur
1890 3477 2042 3527 quum
2075 3462 2238 3511 locum
2284 3459 2356 3509 sic
2394 3461 2632 3508 tentarem
2677 3477 2688 3506 2
2718 3459 2844 3521 δῶρα
2879 3457 2929 3504 δέ
2968 3473 3044 3504 σοι
3090 3457 3338 3512 τήτεισν

1784 3537 1872 3584 ἀεὶ
1902 3535 2078 3588 Οὰλος
2095 3533 2255 3595 ὄρθριαι
2281 3531 2450 3585 δώσω,
2468 3541 2675 3592 semper
2705 3526 2927 3577 hornum
2958 3538 3199 3588 permen,
3228 3526 3334 3574 ἑπέ-

1784 3622 1921 3655 τειον.
1959 3603 2106 3652 Certe
2155 3615 2252 3649 non
2293 3597 2612 3661 improbabile
2651 3599 2758 3646 erat
2797 3595 2876 3644 bis
2906 3592 3204 3643 animalculis
3253 3607 3340 3656 pro

1784 3676 1980 3725 diverso
1997 3671 2110 3721 anni
2128 3674 2344 3732 tempore
2359 3668 2606 3718 diversum
2623 3679 2818 3729 germen
2833 3664 2937 3714 dari
2953 3664 3150 3713 solitum
3167 3677 3290 3713 esse.
3313 3683 3336 3706 ι.

1784 3742 2040 3796 l‘raeterire
2093 3740 2222 3790 nolui
2281 3739 2584 3802 ingeniosum
2641 3734 2736 3786 boc
2783 3736 3111 3785 commentum
3175 3733 3340 3782 Graeni

1786 3832 1833 3881 p.
1868 3819 1971 3864 129.
2002 3838 2066 3847 —-
2099 3817 2128 3860 8
2154 3811 2354 3872 στόματι
2385 3811 2451 3868 (a
2475 3809 2748 3858 correctore
2770 3807 3013 3854 mutatum
3041 3803 3092 3852 in
3117 3805 3337 3866 στόμασι)

1786 3884 2059 3944 σχιζομένας
2076 3880 2286 3942 ψακάδας
2307 3877 2497 3936 codor,
2517 3876 2722 3938 στόμασι
2751 3879 2874 3938 σχιζ.
2908 3874 3111 3936 ψεκάδας
3131 3872 3262 3922 Plan.
3290 3877 3343 3922 et

1786 3950 1928 4000 Suid.
1965 3949 2234 4000 Brunckius
2263 3961 2458 4011 quoque
2485 3947 2708 4008 στόματι,
2743 3944 2876 4007 quod
2903 3942 3100 4006 intelligi
3131 3957 3224 3992 non
3253 3957 3340 4006 po-

1786 4025 1884 4072 test
1899 4021 1991 4071 nisi
2015 4019 2077 4069 de
2095 4019 2246 4082 guttis
2269 4017 2529 4068 rorulentis
2552 4029 2674 4079 quas
2691 4018 2834 4079 poeta
2850 4028 2934 4064 ore
2950 4013 3179 4076 exprimit
3200 4013 3342 4062 fissas

1788 4091 2029 4140 labiorum
2058 4101 2341 4152 compressu
2369 4092 2421 4139 et
2443 4101 2596 4150 quam
2624 4085 2974 4136 minutissimas
3002 4084 3051 4133 in
3089 4083 3254 4133 cibum
3279 4084 3344 4132 lo-

1787 4165 1942 4210 custae
1984 4160 2116 4210 domi
2154 4158 2336 4208 habitae
2351 4196 2365 4218 ,
2406 4171 2566 4208 rorem
2603 4171 2753 4220 quem
2783 4153 2968 4204 dixeris
3009 4154 3340 4214 artificialem;

1789 4245 1899 4280 nam
1926 4231 2193 4281 naturalem
2223 4229 2388 4278 liberae
2421 4229 2484 4278 de
2515 4241 2606 4278 suo
2635 4225 2916 4290 promittere
2945 4225 3200 4274 ridiculum
3219 4229 3339 4275 erat.

1790 4301 1885 4352 Sed
1910 4301 1960 4350 in
1981 4301 2058 4350 his
2091 4299 2332 4350 vocabula
2352 4311 2547 4362 premo,
2580 4311 2683 4348 rem
2715 4297 2762 4346 in
2785 4295 2947 4345 medio
2969 4295 3204 4356 relinquo.
3235 4296 3345 4344 Στό-

1790 4391 1906 4436 naci
1935 4375 2239 4437 σχαζομένοις
2267 4369 2480 4420 Groefius
2501 4391 2513 4418 ι
2537 4391 2560 4412 α
2585 4369 2733 4432 Finge
2759 4367 2850 4418 tibi
2879 4367 3122 4416 locustam
3146 4379 3205 4416 os
3225 4379 3341 4428 ape-

1791 4445 1996 4495 rientem
2015 4482 2028 4504 ,
2045 4443 2127 4493 cui
2145 4444 2286 4507 poeta
2307 4440 2568 4492 identidem
2593 4440 2714 4490 roris
2731 4441 2920 4503 guttam
2942 4436 3158 4487 instillat.
3178 4437 3342 4486 Nonne

1792 4515 1884 4564 hoc
1910 4514 2126 4577 lepidum
2161 4515 2276 4563 est?
2307 4533 2332 4555 υ
2362 4509 2618 4561 Jacobsius
2644 4509 2698 4559 in
2731 4510 2832 4559 Pal.
2864 4507 2990 4568 conj.
3021 4507 3223 4568 στόμασι
3252 4521 3338 4566 μυ-

1791 4588 2007 4645 tenena,
2037 4597 2149 4648 qum
2171 4597 2260 4634 ονε
2279 4584 2571 4645 suquatur,-
2597 4579 2646 4628 in
2675 4581 2874 4629 Delectu
2904 4593 2952 4642 p.
2973 4581 3082 4634 404,
3108 4596 3132 4620 ι
3153 4577 3342 4638 ψιζομέ-

1792 4674 1870 4712 νας
1889 4693 1902 4712 ,
1941 4655 2262 4707 destillantes
2281 4691 2295 4712 ,
2337 4654 2542 4716 στόμασι
2575 4652 2652 4700 vel
2683 4651 2904 4711 στόματι,
2938 4646 3118 4696 cicadae
3152 4649 3253 4706 ori,
3292 4648 3348 4693 ut

1790 4737 1898 4774 eain
1933 4723 2168 4772 nutriant.
2219 4721 2429 4784 Hesych.
2483 4741 2495 4767 ·.
2537 4717 2728 4780 ψιάζειν·
2780 4719 3020 4779 ψακάζειν.
3075 4715 3313 4774 Ψιζομὲνη
3331 4727 3342 4736 ·

1790 4793 2020 4841 κλαίουσα
2038 4830 2052 4852 ,
2070 4791 2202 4854 quod
2224 4791 2286 4841 dc
2317 4789 2528 4840 lacrimis
2549 4787 2906 4838 destillantibus
2931 4786 3116 4836 dictum
3143 4783 3250 4833 snit.
3273 4781 3346 4832 Ad

1790 4862 1994 4913 eandem
2031 4861 2260 4912 familiam
2297 4861 2540 4923 pertinent
2576 4855 2808 4920 ψιὰδε;’,1
2853 4871 2904 4907 e.
2946 4857 3150 4919 ῥαψζδες,
3172 4853 3342 4911 σταγό-

1792 4949 1863 4987 νες
1882 4970 1895 4994 ,
1942 4933 2150 4995 ψεκάδες.
2199 4952 2222 4974 υ
2263 4931 2511 4980 Beckerus
2540 4929 2738 4990 στόματι
2783 4931 3060 4990 σταζομένας
3110 4930 3183 4988 ψ.,
3232 4922 3342 4973 coll.

1793 5001 2093 5051 Christodor.
2119 5000 2294 5062 Ecpbr.
2317 5005 2425 5062 322,
2447 4998 2584 5048 Piud.
2609 5001 2746 5048 Nem.
2773 4999 2834 5053 X,
2865 5003 2962 5048 153.
