3829 5747
835 124 1082 186 CAPUT
1124 82 1271 188 vm.
1321 126 1876 187 EPmRAMMArA
1922 126 2278 187 GREGoRn
2318 126 2712 189 THEOLOGI.
3250 130 3360 188 527

256 284 322 319 κν
312 259 496 341 ρόσσω
514 262 714 329 θνητοῖς
737 258 882 317 τόνδε
907 258 1016 337 βίον
1045 258 1296 338 στυγέειν.

187 347 450 428 Καισαρίῳ
470 346 545 413 τίς
571 346 761 413 κάλλος
787 345 1014 421 ὁμοίῖος;
1045 346 1079 418 ἢ
1103 348 1180 415 τίς
1214 348 1460 407 ἁπάντων

249 437 429 503 τόσσος
448 434 541 494 ἐὼν
563 434 756 505 τόσσης
778 424 884 493 εἷλε
911 435 1060 503 κλέος
1083 435 1295 515 σοφίης;

181 525 329 593 Οὖτις
354 522 678 602 ἐπιχθονίων·
704 522 822 583 ἀλλ’
848 522 1041 583 ἔπτατο
1066 525 1125 583 ἐκ
1151 522 1340 603 βιότοιο

249 618 316 679 ὡς
341 612 487 693 ῥόδον
513 612 566 680 ἐξ
595 610 785 669 ἀνθέων
799 656 817 684 ,
836 614 908 678 ὥς
934 609 1112 690 δρόσος
1139 614 1199 671 lx
1220 612 1478 671 πετάλων.

709 772 787 817 99.
816 768 896 823 Εἰς
914 767 994 816 τὸν
1019 767 1176 816 αὐτόν.

185 892 405 956 Γείτονες
429 886 715 964 εὖμενέοιτε
743 885 835 945 καὶ
859 886 914 945 ἐν
945 886 1184 945 κόλποισι
1209 884 1478 965 δέχοισθε,

257 979 522 1060 Μάρτυρες
537 1021 556 1049 ,
582 974 848 1055 ὑμετέροις
867 963 1002 1049 αἷμα
1021 974 1080 1033 τί)
1101 972 1426 1053 Γρηγορίου,

187 1064 454 1145 Γρηγορίου
475 1062 678 1136 Νόννης
703 1086 760 1122 τε
786 1060 1074 1139 μεγακλέος
1094 1105 1111 1137 ‚
1137 1058 1348 1137 εὗσεὸίῃ
1377 1082 1434 1117 τε

255 1160 338 1219 καὶ
357 1156 566 1234 τῦμὸοις
587 1159 740 1237 ἱεροῖς
767 1156 840 1222 εἷς
861 1152 916 1212 ἓν
944 1156 1058 1230 ἀγει
1045 1152 1319 1234 ρομένους.

447 1315 548 1359 100.
577 1308 657 1363 Εἷς
677 1309 758 1357 τὸν
773 1307 912 1357 αὐτὸν
939 1308 1018 1356 καὶ
1047 1307 1112 1362 εἰς
1132 1306 1402 1366 Φιλάγριον.

189 1437 374 1510 Κλῧθι,
397 1432 768 1511 Ἀλεξάνδρεια·
800 1432 1091 1511 Φιλάγριος
1117 1431 1282 1491 ὤλεσε
1308 1426 1511 1509 μορφὴν

259 1525 346 1590 τῆς
361 1523 564 1598 λογικῆς
584 1523 754 1601 ψυχῆς
775 1519 889 1579 οὔτι
910 1518 1268 1599 χερειοτέρην,

191 1607 457 1688 Καισάριον
478 1606 530 1667 δὲ
555 1606 666 1667 νέον
695 1606 875 1688 φθόνος
904 1606 1158 1685 ἥρπασεν·
1185 1604 1372 1665 οὔποτε
1397 1606 1511 1662 τοῖα

265 1697 465 1769 πέμὼεις
487 1691 722 1761 εὖΐπποις
756 1693 912 1753 ἄνθεα
945 1692 1348 1759 Καππαδόκαις.

435 1856 536 1901 101.
561 1853 642 1907 Εἰς
661 1850 908 1915 Γοργόνιον
926 1852 1008 1909 τὴν
1039 1852 1208 1899 ἑαυτοῦ
1226 1849 1439 1911 ἀδελφήν.

187 1976 453 2055 Γρηγορίου
481 1973 681 2047 Νόννης
705 1996 762 2033 τε
790 1972 937 2053 φίλον
963 1970 1108 2038 τέκος
1132 1969 1308 2029 ἐνθάδε
1336 1978 1514 2045 κεῖμαι

263 2062 534 2143 Γοργόνων,
558 2064 694 2132 ζωῆς
722 2059 908 2137 μύστις
931 2058 1259 2138 ἔπουρανίης.

687 2222 790 2266 102.
825 2217 907 2276 Εἰς
926 2214 1184 2277 Γοργόνιον.

191 2342 340 2400 Οὐδὲν
366 2342 408 2401 Γ
408 2340 636 2419 οργόνιον
659 2338 786 2417 γαίῃ
824 2337 994 2409 λίπεν,
1015 2336 1174 2396 ὀστέα
1199 2340 1383 2413 μοῦνα·

261 2426 422 2487 πάντα
449 2426 493 2485 δ’
525 2425 715 2498 έθηκεν
750 2424 884 2501 ἄνω,
911 2421 1186 2504 Μάρτυρες
1217 2422 1514 2501 ἀθλοφόροι.

255 2594 330 2637 103
379 2590 456 2645 Εἰς
483 2589 569 2646 τὴν
601 2588 746 2645 αὐτὴν
772 2588 853 2635 καὶ
885 2586 949 2640 εἰς
978 2583 1192 2633 Ἀλύπιον
1210 2584 1292 2631 τὸν
1317 2582 1458 2640 αὐτῆς
1482 2581 1640 2643 ἄνδρα.

200 2712 376 2779 Κτῒισιν
395 2709 482 2781 ἑὴν
512 2708 710 2791 σάρκας
735 2730 794 2766 τε
819 2706 911 2764 καὶ
938 2703 1096 2764 ὀστέα
1117 2704 1269 2763 πάντ’
1296 2705 1546 2764 ἀναθεῖσα

267 2796 520 2878 Γοργόνιον
543 2798 786 2876 Χριστῷ,
809 2798 996 2871 μοῦνον
1025 2796 1192 2873 ἀφῆκε
1221 2792 1396 2851 πόσιν·

199 2889 249 2944 οὗ
274 2886 364 2961 μὰν
386 2885 498 2947 οὐδὲ
527 2885 678 2944 πόσιν
708 2882 861 2962 δηρὸν
889 2881 1091 2962 χρόνον·
1119 2883 1237 2940 ἀλλ’
1259 2882 1362 2962 ἄρα
1385 2881 1476 2939 καὶ
1493 2880 1579 2940 τὸν

266 2972 484 3052 ἥρπασεν
511 2969 753 3042 ἐξαπίνης
781 2968 994 3044 κύδιμον
1020 2967 1280 3028 Ἅλύπιον.

201 3059 364 3120 Ὀλὸιε
392 3059 638 3131 ὀλὸίστης
663 3056 860 3135 ἀλόχου
885 3055 1028 3116 πόσι·
1058 3063 1164 3122 τοῖς
1195 3060 1259 3135 ῥα
1283 3059 1510 3135 λοετροῖς

269 3147 441 3224 λύματ’
465 3145 806 3222 ἀπωσάμενοι
835 3147 959 3216 ζῆτε
983 3143 1336 3222 παλιγγενέες.

513 3310 616 3357 104.
651 3305 918 3367 Ἐπιτάφιον
950 3307 1014 3358 εἰς
1047 3303 1371 3366 Μαρτινιανόν.

207 3429 268 3488 Ῑίι
288 3453 354 3496 τις
371 3428 636 3496 Τάνταλός
661 3431 800 3488 ἐστιν
821 3431 873 3487 ἐν
898 3427 1079 3486 ὕδασιν
1113 3417 1234 3492 αυος
1257 3426 1492 3492 ἀπίστοις
1508 3471 1524 3500 ,

277 3517 403 3585 εἴτις
424 3515 556 3596 ὑπὲρ
585 3519 815 3597 κεφαλῆς
840 3516 1025 3596 πέτρος
1047 3515 1128 3574 ἀει
1161 3515 1388 3594 φοὸέων,

212 3604 500 3682 δαπιόμενόν
531 3605 581 3664 τ’
608 3603 800 3685 ὄρνισιν
833 3605 1062 3685 ἀγήραον
1088 3595 1235 3681 ἧπαρ
1259 3606 1504 3683 ἀλιτρου,

275 3693 353 3752 καὶ
369 3693 572 3771 πυρόεις
583 3694 906 3768 ποταμὸς,κ
871 3691 963 3751 καὶ
987 3691 1136 3772 ζόφος
1162 3691 1446 3769 ἀθάνατος,

211 3781 455 3860 ταρτάρεοί
481 3805 540 3840 τε
529 3778 716 3861 μυχοὶ
738 3780 827 3840 καὶ
857 3779 1092 3856 δαίμονες
1125 3778 1447 3857 ἀγριόθυμοι,

277 3868 417 3929 ἄλλαι
443 3894 500 3929 τε
527 3869 784 3951 φθιμένων
804 3868 965 3934 τίσιες
991 3870 1066 3926 εἷν
1092 3861 1217 3926 eni&-

214 3955 333 4022 ὅστις
365 3955 716 4038 Μαρτινιανὸν
750 3953 987 4035 ἀγακλέα
1010 3953 1297 4027 δηλήσαιτο

281 4044 464 4120 τῦμὸον
493 4044 816 4124 ἀνοχλίζων,
844 4043 1068 4120 δείματα
1096 4043 1269 4101 πάντα
1299 4041 1460 4120 φέροι.

649 4192 751 4236 105.
779 4186 913 4236 Κατὰ
940 4184 1267 4248 τυμὸωρῦχου.

218 4311 366 4390 Οὗρεά
387 4333 468 4370 σοι
489 4310 580 4369 καὶ
597 4311 782 4378 πόντος
795 4355 812 4385 ,
849 4308 1112 4369 ἀτάσθαλε
1127 4353 1142 4381 ,
1168 4307 1258 4367 καὶ
1281 4308 1500 4367 πεδίοισι

283 4401 434 4479 τέρπῃ
452 4397 760 4479 πυροφόροις
781 4398 1112 4478 τετραπόδων
1141 4397 1192 4454 τ’
1217 4394 1443 4474 ἀγέλαις·

223 4485 295 4543 καὶ
315 4492 520 4566 χρυσοῖο
547 4487 780 4545 τάλαντα
810 4485 901 4544 καὶ
930 4485 1176 4566 ἄργυρος,
1197 4484 1420 4562 εὔγενέες
1439 4505 1495 4540 τε

287 4577 393 4641 λᾶες
418 4572 510 4633 καὶ
535 4576 710 4654 θηρῶν
733 4573 948 4651 νήματα
970 4571 1264 4645 λεπταλέα,

225 4663 368 4722 πάντα
397 4662 503 4743 βίος
529 4665 722 4732 ζωοῖσι·
745 4665 880 4724 λίθοι
905 4661 953 4720 δ’
970 4663 1134 4738 ὀλίγοι
1161 4683 1218 4719 τε
1243 4661 1382 4741 φίλοι
1409 4683 1465 4718 τε

289 4755 381 4818 τοῖς
402 4751 683 4832 φθιμένοις.
707 4751 785 4812 Σὺ
806 4751 864 4810 δέ
885 4773 973 4830 μοι
1000 4749 1220 4809 κάνθάδε
1249 4749 1406 4828 χεῖρα
1434 4747 1624 4830 φέρεις,

229 4840 320 4901 οὐδὲ
337 4839 421 4900 σὸν
445 4839 712 4917 αἰδόμενος
729 4885 748 4915 ‚
769 4841 969 4916 τλῆμον
985 4883 1002 4910 ,
1035 4837 1218 4918 τάφον,
1247 4837 1302 4896 ὅν
1329 4861 1407 4902 τις
1423 4835 1626 4896 ὀλέσσει

295 4929 437 4997 ἄλλος
465 4932 602 4990 σοῖσι
625 4927 824 5007 νόμοις,
857 4927 1010 5007 χερσὶ
1040 4925 1398 5004 δικαιοτέραις.

1758 271 1768 319 5
1868 265 2029 316 indico
2052 266 2339 318 mortalibus
2354 270 2411 319 ut
2428 267 2553 318 hanc
2574 267 2725 317 vitam
2740 266 2945 317 oderint.

1759 335 1764 469 5
1808 354 2019 404 Gaesario
2040 354 2152 418 quis
2173 354 2581 419 pulchritudinem
2609 354 2811 404 similis?
2824 357 2912 404 aut
2928 353 3040 417 quis
3062 354 3303 404 e-cnnctis
3317 394 3328 415 ,

1759 474 1764 513 ι
1868 441 1981 493 talis
2006 445 2329 505 quum-esset,
2348 442 2462 494 talis
2496 444 2848 492 assecutus-est
2882 442 3075 492 laudem
3096 442 3354 493 doctrinae.

1806 531 1959 580 Nemo
1982 529 2276 580 mortalium.
2298 528 2397 578 Sed
2422 528 2633 578 evolavit
2655 541 2683 577 e
2706 528 2809 579 vita

1867 616 2004 668 velut
2023 630 2134 667 rosa
2152 630 2214 666 ex
2236 616 2463 677 floribus,
2488 617 2625 666 velut
2641 629 2723 666 ros
2749 629 2777 665 e
2802 616 2946 667 soliis.

1758 514 1764 565 5

1756 568 1764 715 5

1755 738 1762 861 5
2383 778 2453 821 99.
2484 779 2537 819 111
2570 774 2777 820 eundem.

1755 862 1762 1025 5
1806 905 1983 967 Vicini,
2002 906 2379 971 propitii-estote
2396 910 2447 958 et
2468 907 2517 955 in
2535 906 2697 957 sinum
2716 906 2933 971 recipite,

1867 996 2106 1056 Martyres
2119 1031 2134 1054 ‚
2152 997 2373 1044 vestrum
2396 994 2677 1057 sanguinem
2706 994 2919 1058 Gregorii
2933 1032 2947 1055 ‚

1810 1082 2097 1146 Gregorium
2121 1084 2439 1146 Nonnamque
2462 1081 2928 1145 famigeratissimam
2944 1119 2957 1143 ‚
2983 1081 3256 1144 pietateque

1755 1148 1761 1257 5
1869 1172 1921 1219 et
1940 1168 2177 1233 sepulcris
2194 1168 2346 1218 sacris
2368 1168 2419 1218 in
2441 1182 2597 1218 unum
2621 1168 2878 1219 adunatos.

1755 1262 1760 1348 5
2185 1322 2255 1366 00.
2278 1322 2328 1367 111
2348 1321 2543 1367 eundem
2571 1325 2618 1367 et
2636 1322 2683 1365 in
2698 1320 2983 1377 Philagrium.

1755 1439 1760 1506 5
1803 1444 2066 1502 Ausculta,
2087 1442 2387 1493 Alexandria.
2410 1442 2679 1508 Philagrius
2696 1443 2907 1507 perdidit
2924 1444 3159 1494 tonnam

1755 1515 1760 1624 ξ
1867 1528 2087 1579 rationali
2104 1528 2267 1579 anima
2284 1542 2381 1579 non
2400 1530 2638 1593 pejorem,

1805 1616 2073 1666 Caesarium
2092 1630 2213 1666 vero
2225 1616 2455 1678 iuvenem
2473 1615 2653 1666 invidia
2670 1617 2846 1680 rapuit.
2867 1620 3127 1681 Nunquam
3148 1618 3273 1667 tales

1866 1705 2032 1754 mittes
2058 1703 2367 1767 equestribus
2394 1702 2538 1754 liores
2564 1703 2947 1768 Cappadocibus.

2194 1854 2289 1895 101.
2315 1852 2366 1897 ln
2387 1852 2671 1907 Gorgonlum
2698 1861 2914 1897 sororem.

1806 1975 2026 2040 Gregorii
2050 1977 2332 2038 Nonnaeque
2357 1972 2537 2025 dilecta
2563 1972 2663 2023 fllia
2688 1972 2773 2022 bic
2794 1972 2932 2035 iaceo

1873 2064 2169 2127 Gorgonium
2186 2100 2199 2123 ‚
2222 2062 2334 2113 vitae
2358 2061 2549 2113 initiata
2574 2060 2777 2111 coelesti.

2338 2212 2430 2255 102.
2460 2210 2515 2254 111
2540 2210 2841 2279 Gor-soniam.

1807 2342 1939 2395 Nihil
1958 2342 2254 2405 Gorgonium
2278 2343 2424 2391 terrae
2448 2340 2616 2403 liquit,
2640 2352 2753 2390 ossa
2778 2338 2907 2399 sola3

1871 2434 2052 2481 cuncta
2074 2428 2163 2480 sed
2188 2428 2410 2493 reposuit
2432 2441 2629 2479 sursum
2648 2464 2663 2489 ‚
2687 2428 2925 2491 Martyres
2942 2426 3168 2476 victores.

2094 2568 2185 2610 103.
2214 2567 2267 2611 111
2290 2565 2481 2611 eandem
2500 2566 2547 2610 et
2565 2564 2773 2620 Alypium
2790 2563 2889 2618 ejus
2905 2562 3072 2608 virum.

1871 2794 2165 2859 Gorgonium
2188 2791 2385 2843 Christo
2401 2828 2415 2852 ,
2435 2790 2597 2841 solum
2613 2787 2810 2851 reliquit
2829 2786 3079 2836 maritum.

1761 2890 2037 2938 'Attamen
2066 2896 2154 2934 nec
2178 2881 2411 2932 maritum
2437 2878 2999 2943 per-longum·tempus·‚
3024 2887 3199 2924 verum
3219 2872 3369 2922 etiam

1870 2971 2034 3036 rapuit
2056 2970 2342 3034 derepente,
2366 2965 2603 3017 illustrem
2625 2963 2865 3027 Alypium.
3207 2958 3371 3022 [hunc

1815 3060 1943 3112 Felix
1969 3056 2258 3110 felicissimas
2278 3053 2497 3119 conjugis
2518 3052 2622 3102 vir!
2644 3065 2761 3102 nam
2778 3049 2986 3102 lavacris

1873 3148 2043 3198 sordes
2060 3141 2587 3210 postquam-rejecistis
2600 3180 2615 3203 ,
2634 3139 2789 3190 vivite
2812 3142 2988 3189 renati.

2186 3293 2279 3335 101.
2303 3289 2587 3346 Epitaphium
2607 3287 2656 3331 in
2676 3285 3010 3332 Martinianum.

1755 1604 1760 1661 5

1753 1666 1760 1975 5

1755 1990 1762 2188 5

1756 2216 1762 2269 5

1759 2628 1766 2811 5
1813 2710 1949 2759 Bona
1974 2719 2064 2756 sua
2081 2742 2097 2769 ,
2119 2716 2387 2766 carnesque
2408 2704 2460 2753 et
2484 2714 2623 2762 ossa,
2650 2701 2828 2749 cuncta
2854 2710 3141 2749 eonsecrans

1761 2814 1767 2910 5

1762 3029 1770 3212 5

1764 3193 1770 3285 5

1765 3304 1772 3456 5

1766 3429 1862 3481 :Si
1885 3428 1997 3491 quis
2015 3424 2247 3476 Tantalus
2265 3425 2343 3473 est
2366 3422 2419 3472 in
2445 3420 2587 3485 aquis
2612 3419 2775 3470 siccus
2803 3416 2994 3477 infidis,

1767 3461 1773 3606 5
1878 3515 1921 3566 si
1942 3513 2077 3578 quod
2100 3525 2245 3576 super
2272 3511 2423 3574 caput
2446 3521 2618 3559 saxum
2641 3518 2833 3570 semper
2860 3505 3074 3563 terrens,

1768 3607 1775 3665 5
1815 3608 2150 3668 laniatumque
2177 3603 2353 3654 avibus
2376 3611 2756 3651 non-senescens
2776 3597 2915 3660 jecur
2938 3592 3195 3651 scelerosi,

1769 3671 1777 3812 5
1879 3699 1933 3748 et
1955 3695 2129 3759 igneus
2152 3691 2353 3751 fluvius,
2376 3691 2427 3740 et
2445 3701 2543 3738 nox
2562 3688 2762 3744 aeterna,

1771 3782 2113 3842 :tartareique
2136 3789 2358 3830 recessus
2383 3778 2436 3826 et
2458 3775 2707 3824 daemones
2732 3768 3137 3828 immani-corde,

1771 3843 1778 3927 5
1884 3870 2092 3932 alioeque
2118 3867 2428 3917 mortuorum
2446 3875 2603 3927 poenae
2621 3860 2672 3910 in
2688 3859 2890 3910 inferis.

1773 3911 1782 4046 5
1823 3959 2121 4023 quicumque
2160 3951 2449 4003 Martiniano
2472 3948 2655 4012 inclyto
2678 3945 2925 4009 nocuerit,

1886 4044 2169 4107 sepulcrum
2193 4037 2685 4096 recteesuhmovens‚
2704 4037 2917 4085 terrores
2934 4033 3135 4081 cunctos
3156 4027 3386 4093 patiatur.

1775 4047 1782 4102 5

1775 4105 1787 4332 5
2204 4176 2296 4220 1011.
2322 4173 2379 4219 In
2396 4171 2709 4230 sepulcrorum
2726 4167 3037 4226 pei-fossorem.

1829 4307 2023 4356 Montes
2050 4303 2139 4353 tibi
2163 4301 2360 4352 suntet
2384 4309 2543 4358 mare,
2568 4295 2742 4358 impie3
2762 4294 2814 4343 et
2836 4289 2963 4354 agris

1780 4325 1790 4508 5
1893 4391 2079 4458 gaudes
2094 4386 2344 4453 frugiferis
2360 4381 2837 4450 quadrupedumque
2856 4375 3080 4442 gregibus

1782 4469 1792 4557 5
1833 4485 1884 4532 et
1909 4479 2015 4530 auri
2036 4477 2222 4528 talenta
2242 4477 2295 4526 et
2318 4473 2599 4536 argentum,
2624 4467 2907 4528 nobilesque

1784 4561 1792 4620 ἒ
1894 4566 2113 4633 lapides,
2135 4567 2186 4616 et
2202 4567 2377 4614 Serum
2398 4562 2531 4611 texta
2553 4557 2748 4618 tenuia,
3007 4549 3180 4614 [cique
3206 4546 3402 4608 carique

1785 4625 1796 4754 5
1835 4659 2012 4709 cuncta
2028 4654 2137 4707 haec
2153 4655 2275 4705 sunt
2290 4651 2391 4701 vita
2404 4649 2584 4714 (bono)
2606 4643 2915 4708 viventibu33
2938 4637 3125 4702 lapides
3142 4648 3260 4686 vero
3280 4647 3400 4697 pau-

1787 4729 1795 4807 5
1897 4744 2124 4796 mort-uis.
2144 4745 2221 4792 Tu
2237 4753 2355 4791 vero
2372 4736 2491 4788 mihi
2512 4737 2565 4786 et
2580 4735 2682 4784 huc
2696 4744 2895 4782 manum
2914 4729 3097 4788 infers,

1789 4813 1796 4902 5
1840 4846 1902 4884 ne
1918 4836 2065 4884 tuum
2083 4827 2283 4894 quidem
2305 4836 2561 4883 reverens,
2576 4821 2749 4878 miser,
2764 4815 3071 4880 sepulcrum,
3086 4809 3221 4875 quod
3234 4807 3408 4870 aliquis

1790 4887 2188 4986 ἶῘ1111118,1ιιίε
2214 4916 2431 4980 legibus,
2450 4911 2677 4962 manibus
2692 4905 2996 4970 iustioribus.
3063 4902 3269 4964 [pessun
3281 4895 3408 4946 dabit
