3829 5747
986 163 1231 224 CAPUT
1272 165 1393 224 vll.
1442 163 1992 226 EPIGRAMMATA
2038 161 2574 226 SEPULCRALIA.
3239 171 3343 240 311

253 287 331 354 κεῧ
358 294 455 354 Θέτ’
480 293 557 374 ἐφ’
589 293 809 374 ὑπνιδίῳ
830 294 1108 372 χηραμένη
1138 293 1358 372 πατάγῳ
1375 317 1387 330 ·

184 385 263 442 καί
290 387 339 458 μ’
369 380 481 440 οὐδὲ
513 379 767 461 φθιμένην
793 381 1125 451 ἀπανήνατο·
1149 389 1298 442 τοῦτο
1324 384 1369 440 δ’
1395 384 1471 461 ἐφ’
1499 389 1626 458 ἡμῖν

252 469 449 548 τώλίγον
480 467 721 548 ὤρθωσεν
752 478 897 546 σᾶμα
924 470 1323 550 πολυστροφίης.

674 619 808 669 199.
852 590 1189 670 Trnmm'.

184 749 377 828 Ὄρνεον
408 739 451 808 ὦ
474 749 699 828 Χάρισιν
727 750 1119 828 μεμελημένον,
1152 738 1197 809 εἴ)
1225 749 1510 830 παρόμοιον

254 835 478 896 ἁλκυόσιν
509 835 596 894 τὸν
626 837 715 896 σὸν
744 836 965 914 φθόγγον
996 837 1316 914 ἰσωσάμενον
1336 880 1352 909 ,

184 924 452 998 ἡρπάσθης,
475 925 579 1003 φίλ’
606 925 777 983 ἔλαιὲ·
804 922 873 983 σὰ
904 925 947 982 δ’
980 923 1109 995 ἤθεα
1140 925 1228 983 καὶ
1250 926 1311 982 τὸ
1335 923 1424 984 σὺν
1452 923 1551 998 ἡδὺ

254 1015 442 1087 πνεῦμα
472 1012 737 1093 σιωπηραὶ
774 1011 957 1078 νυκτὸς
984 1012 1193 1092 ἔχουσιν
1216 1013 1345 1074 ὁδοί.

700 1163 839 1214 200.
885 1154 1177 1213 ΝῙΚῙΟΥ.

1872 304 1924 352 et
1942 301 2066 353 bene
2081 302 2267 365 habuit,
2299 303 2562 353 somnifero
2581 315 2696 351 vieo
2719 301 2936 365 gaudens
2953 303 3156 367 strepitu
3185 319 3198 346 ε

1802 403 1863 438 ac
1878 404 1960 439 me
1989 404 2049 440 ne
2079 392 2319 440 mortuam
2341 389 2537 453 quidem
2557 389 2733 454 repulit
2751 429 2762 451 ‚
2783 390 2872 439 sed
2891 390 2984 439 hoc
3004 403 3152 454 super
3171 404 3263 440 nos

1862 479 2010 527 tenue
2035 478 2189 526 erexit
2205 479 2574 526 monumentum
2593 476 3198 541 multarum-stropharum.

2393 621 2496 666 199.
2531 617 2785 666 TYMNAE.

1801 756 1918 806 Avis
1937 772 1967 805 o
1995 757 2271 807 Gratiarum
2299 770 2444 818 cura,
2471 770 2502 806 o
2526 769 2638 819 qum
2667 758 2860 820 sere-pa

1862 843 2178 893 alcedonibus
2194 846 2339 894 tuum
2371 845 2570 892 cantum
2609 845 2912 906 assimilasti,

1802 936 1939 997 rapta
1969 946 2050 994 es,
2089 947 2200 982 mea
2239 933 2368 991 elea3
2410 933 2621 995 tuosque
2657 945 2847 983 suaves
2891 947 3052 986 mores
3081 936 3132 984 et
3165 934 3358 984 dulcem

1862 1020 2086 1084 spiritum
2115 1021 2310 1070 silentes
2331 1020 2488 1070 noctis
2509 1019 2692 1069 habent
2717 1019 2828 1069 viae.
3199 1021 3358 1084 [tuum

2404 1165 2511 1210 200.
2548 1161 2751 1210 MCIAE.

186 1291 359 1353 Οὐκέτι
386 1291 447 1362 δὴ
476 1290 799 1371 τανύφυλλον
840 1293 929 1348 ὑπ’
966 1292 994 1321 *
1031 1290 1241 1370 ὅρπακα
1269 1290 1463 1358 κλωνὸς
1491 1292 1712 1372 ἐλιχθεὶς
1800 1304 1905 1351 Non
1938 1301 2147 1365 amplius
2177 1314 2320 1363 sane,
2345 1265 2566 1365 patulum
2589 1301 2682 1352 sub
2707 1301 2964 1350 brachium
2983 1301 3044 1364 (Ρ)
3069 1301 3192 1351 rami
3207 1300 3358 1351 obvo·
3439 1365 3442 1370 ,

250 1379 453 1458 τέρψομ’
482 1379 585 1436 ἀπὸ
610 1379 829 1459 ῥαδινῶν
857 1377 1075 1460 φθόγγον
1102 1378 1198 1446 ἱεὶς
1217 1378 1482 1458 πτερύγων
1497 1402 1511 1415 ·
1863 1388 2084 1453 gaudebo
2109 1403 2138 1440 a
2163 1389 2423 1454 gracilibus
2449 1389 2706 1454 strepitum
2737 1388 2968 1440 emittens
2993 1389 3082 1439 alis
3110 1410 3122 1439 z
3185 1390 3357 1454 flutus,

184 1477 317 1546 χεῖρα
342 1464 437 1544 γὰρ
466 1467 535 1530 εἷς
560 1463 751 1545 ἀραιὰν
775 1466 959 1532 παιδὸς
986 1469 1143 1524 πέσον
1158 1509 1175 1537 ,
1199 1463 1253 1530 ἅς
1276 1489 1343 1540 με
1364 1463 1622 1542 λαθραίως
1800 1489 2000 1526 manum
2021 1475 2150 1526 enim
2175 1475 2225 1525 iu
2243 1489 2446 1538 parvam
2467 1476 2606 1540 pueri
2633 1475 2802 1538 cecidi,
2830 1475 2917 1539 qui
2940 1488 3021 1527 me
3047 1476 3172 1527 clam

254 1555 441 1633 μάρψεν
461 1598 479 1626 ,
508 1552 593 1612 ἐπὶ
622 1555 847 1634 χλωρῶν
874 1552 1113 1629 ἑζόμενον
1146 1555 1410 1612 πετάλων.

630 1703 769 1752 201.
821 1693 1247 1752 [ΙΑΜΦΙΑΟΥ.

192 1833 360 1893 Οὐκέτι
390 1833 453 1904 δὴ
474 1833 755 1912 χλωροῖσιν
784 1831 1082 1914 ἐφεζόμενος
1101 1831 1407 1890 πετάλοισιν

256 1923 416 1979 ἁδεῖαν
446 1922 657 1998 μέλπων
689 1920 988 2000 ἐκπροχέεις
1011 1921 1197 1998 ἰαχάν·

194 2009 307 2068 ἀλλά
330 2031 384 2067 σε
408 2006 666 2088 γηρύοντα
699 2007 1019 2085 κατήναρεν,
1036 2006 1205 2086 ἠχέτα
1230 2005 1431 2078 τέττιξ,

256 2096 418 2163 παιδὸς
440 2097 472 2130 *
493 2096 583 2154 ἀπ’
604 2095 779 2166 ἠϊθέου
808 2095 927 2174 χεὶρ
957 2093 1391 2170 ἀναπεπταμένα.

673 2245 807 2296 202.
862 2237 1191 2295 ΑΝΥΤΗΣ.

196 2373 359 2432 Οὐκέτι
382 2374 433 2450 μ’
459 2377 528 2440 ὡς
567 2374 628 2432 τὸ
654 2375 819 2451 πάρος
844 2376 1085 2438 πυκιναῖς
1115 2371 1457 2451 πτερύγεσσιν
1483 2368 1712 2450 ἐρέσσων

257 2461 405 2538 ὄρσεις
433 2462 485 2529 ἐξ
512 2463 663 2532 εὐνῆς
682 2461 880 2541 ὄρθριος
903 2461 1198 2541 ἐγρόμενος·

197 2541 327 2628 ἧγάρ
357 2552 401 2610 σ’
430 2549 697 2608 ὗπνώοντα
730 2551 857 2616 σίνις
880 2551 1136 2629 λαθρηδὸν
1167 2548 1395 2608 ἐπελθὼν

260 2637 465 2696 ἔκτεινεν
490 2639 669 2717 λαιμῷ
696 2637 864 2718 ῥίμφα
888 2638 1061 2704 καθεὶς
1090 2639 1275 2716 ὄνυχα.

666 2788 805 2838 203.
862 2779 1208 2838 ΣΙΜΜΙΟΥ.

200 2915 357 2975 Οὗκέτ’
382 2921 461 2975 ἀν’
492 2922 642 2989 ὓλῆεν
676 2917 813 2996 δρίος
838 2917 1037 2976 εὔσκιον
1058 2966 1073 2990 ,
1098 2920 1293 2997 ἀγρότα
1323 2916 1533 2996 πέρδιξ,

260 3006 509 3083 ἠχήεσσαν
533 3005 615 3078 ἵης
642 3010 804 3085 γῆρυν
830 3004 935 3065 ἀπὸ
962 3005 1237 3081 στομάτοιν
1258 3049 1273 3075 ,

212 3094 403 3171 θηρεύων
437 3094 642 3172 βαλίους
671 3094 1027 3170 συνομή).ικας
1047 3096 1099 3150 ἐν
1126 3096 1271 3172 νομῷ
1298 3090 1449 3163 ὕληςο

261 3178 379 3260 ᾤχεο
404 3179 505 3259 γὰρ
530 3180 779 3259 πυμάταν
804 3184 874 3247 εἰς
902 3177 1197 3258 Ἀχέροντος
1222 3177 1355 3237 ὁδόν.

256 3404 332 3451 llic
356 3404 507 3467 posuit
525 3404 675 3453 Musis
698 3402 819 3453 orba
847 3400 1135 3469 soporiferis.

204 3482 261 3529 11Ιί
281 3484 372 3531 vilis
386 3502 469 3550 ego
492 3502 579 3535 nec
596 3492 813 3534 mortua:
836 3499 980 3550 parva
1000 3484 1128 3531 beati

256 3564 411 3627 Ingenii
440 3567 579 3616 nobis
601 3566 1031 3615 hoc-monumenta
1052 3564 1197 3612 dedit.

764 3691 876 3741 ¹99·
909 3689 1126 3721 nunu.

206 3780 401 3843 Alcyones
416 3782 596 3831 imitata
610 3817 626 3843 ‚
643 3780 749 3830 soni
767 3780 895 3846 paris
909 3817 924 3842 ‚
946 3779 1117 3845 hospes
1144 3779 1280 3828 olivae.
1296 3814 1309 3836 ,

255 3864 385 3924 Quam
404 3864 561 3915 {estiva
588 3878 724 3914 suam
750 3864 915 3913 Gratia
944 3862 1069 3911 dicat
1094 3878 1228 3911 avem
1245 3897 1261 3919 ,

209 3947 301 3993 Ecce
314 3948 427 4011 peris
442 3985 457 4009 ‚
477 3964 728 4013 moresque
750 3947 853 4007 tui,
875 3956 1185 4011 tenerumque
1212 3960 1455 3994 susurrans

256 4028 434 4093 Spiritus
456 4032 517 4080 ad
544 4032 715 4080 tacitas
744 4030 895 4079 noctis
914 4030 1013 4078 iere
1034 4029 1147 4077 vias.

787 4152 898 4185 noo.
939 4151 1088 4184 lucrm
1098 4173 1113 4199 ,

812 4242 871 4294 de
890 4242 1073 4295 cicada.

208 4352 293 4399 Non
319 4352 499 4417 posthac
516 4354 659 4404 viridi
682 4353 825 4421 figens
849 4354 1039 4419 vestigia
1064 4370 1196 4404 ramo

258 4432 433 4483 alarum
454 4435 641 4501 trepido
666 4450 910 4485 murmure
932 4436 1071 4485 dulce
1092 4450 1278 4488 canam.

210 4516 307 4562 Nam
330 4526 453 4567 tener
472 4516 565 4567 beu
584 4518 747 4584 rapuit
767 4518 875 4568 laeta
897 4534 974 4567 me
997 4517 1165 4567 fronde
1189 4516 1429 4566 sedentem

258 4600 563 4667 Contrivitque
584 4617 727 4651 manu
756 4601 969 4649 membra
994 4616 1166 4651 canora
1192 4615 1325 4666 puer.

740 4729 800 4759 20
812 4730 828 4760 1
842 4749 853 4762 .
890 4728 1121 4760 nurum

817 4817 879 4867 de
900 4817 1085 4868 cicada.

212 4923 299 4971 Non
320 4926 363 4973 in
389 4928 549 4978 fronde
569 4930 736 4981 sedens
750 4966 765 4991 ‚
785 4944 925 4994 quam
948 4928 1118 4979 flexilis
1135 4928 1307 4978 exserit
1332 4926 1493 4985 arbor,

1861 1563 2058 1614 strinxit
2071 1601 2084 1624 ‚
2117 1562 2440 1614 viridantibus
2469 1562 2760 1614 insidentem
2791 1562 2936 1614 foliis.

2354 1707 2434 1751 zoi
2448 1738 2460 1749 .
2493 1703 2807 1752 PAMPHILI.

1800 1841 2134 1904 Non-amplius
2161 1841 2376 1904 profecto
2401 1841 2720 1891 viridantibus
2741 1841 2962 1892 insidens
2991 1842 3117 1892 soliis

1862 1928 2054 1978 dulcem
2084 1928 2340 1977 modulans
2362 1927 2617 1992 profundis
2651 1928 2894 1986 sonitum3

1801 2016 1887 2066 sed
1913 2020 1964 2066 te
1992 2019 2248 2066 canentem
2270 2015 2544 2076 interfecit,
2569 2029 2744 2066 resona
2766 2016 2932 2066 cicada
2948 2055 2961 2076 ‚

1861 2103 2000 2166 pueri
2023 2106 2040 2166 <
2057 2103 2278 2153 scelerati
2291 2106 2340 2166 ?)
2363 2116 2538 2153 manns
2557 2105 2724 2166 aperta
2755 2101 3000 2165 (palma).

2390 2249 2499 2293 202.
2523 2239 2779 2293 ANYTES.

1800 2385 1907 2433 Non
1935 2383 2144 2446 amplius
2165 2397 2244 2432 me
2271 2385 2329 2434 ut
2356 2383 2494 2447 prius
2511 2382 2676 2433 densis
2697 2382 2788 2432 alis
2816 2382 3057 2445 remigans

1863 2470 2094 2520 excitabis
2115 2485 2144 2522 e
2161 2471 2308 2520 cubili
2328 2471 2600 2520 matutinus
2622 2470 2986 2534 expergefactus
3013 2491 3025 2519 ι

1804 2571 1918 2607 nam
1950 2560 2000 2607 te
2023 2557 2345 2608 dormientem
2369 2559 2495 2608 latro
2525 2558 2651 2607 clam
2683 2570 2937 2622 aggressus

1866 2645 2106 2695 interfecit
2129 2647 2314 2708 gutturi
2342 2647 2520 2710 raptim
2544 2645 2762 2708 defigens
2786 2659 3018 2708 unguem.

2375 2789 2482 2834 203.
2517 2786 2771 2834 SIMMIAE.

1804 2929 1908 2976 Non
1933 2926 2142 2991 amplius
2165 2940 2250 2990 per
2267 2926 2493 2977 silvestre
2509 2928 2763 2977 dumetum
2783 2927 3085 2987 umbrosum,
3105 2942 3136 2975 o
3160 2927 3364 2990 agrestis

1866 3018 2172 3065 resonantem
2194 3014 2378 3065 emittis
2396 3028 2566 3065 vocem
2597 3015 2658 3065 ab
2679 3028 2766 3065 ore
2779 3052 2792 3075 ,
3134 3013 3331 3078 [perdix
3348 3050 3362 3075 ‚

1808 3114 1991 3151 venans
2013 3102 2282 3166 variegatas
2301 3103 2512 3166 aequales
2529 3102 2580 3152 in
2609 3102 2801 3166 pascuis
2821 3102 2960 3152 silvae
2982 3122 2994 3151 ε

1870 3187 2032 3237 abiisti
2052 3188 2182 3238 enim
2205 3188 2518 3239 novissimam
2537 3188 2588 3238 in
2613 3187 2896 3239 Acherontis
2917 3187 3133 3238 dentum
3151 3186 3299 3237 viam.

1875 3402 2050 3450 Fundis
2069 3402 2224 3453 adhuc
2242 3404 2406 3451 molles
2421 3440 2434 3462 ,
2456 3402 2628 3452 blanda
2647 3404 2804 3452 cicada
2819 3439 2833 3461 ,
2858 3404 3022 3451 modos
3039 3420 3053 3464 ;

1808 3484 1899 3533 Sed
1920 3484 2078 3549 fugere
2096 3500 2352 3551 aggressam
2372 3486 2508 3552 pueri
2525 3523 2540 3548 ‚
2561 3487 2640 3534 vix
2669 3485 2861 3551 puberis
2886 3485 2972 3534 aevi
2985 3522 2998 3545 ,

1877 3571 2158 3617 Cantantem
2179 3570 2418 3635 quamvis,
2446 3579 2492 3618 te
2510 3584 2714 3619 necuere
2734 3584 2918 3619 manus.

2415 3746 2527 3777 202.
2562 3745 2757 3783 Ans-ra,

2463 3864 2522 3913 de
2543 3863 2695 3931 gallo.

1809 4004 1916 4050 Non
1941 4000 2136 4066 posthac
2161 4002 2328 4050 densas
2350 4001 2604 4067 plaudens,
2632 4001 2741 4067 vigil
2765 4000 3005 4067 improbe,
3025 4016 3202 4065 pennas

1872 4081 2092 4132 Excuties
2108 4097 2296 4131 somnos
2315 4098 2454 4131 mane
2480 4092 2670 4132 recente
2693 4098 2840 4133 meos.

1812 4169 1905 4215 Fur
1925 4164 2014 4214 tibi
2032 4180 2312 4231 surrepens,
2335 4180 2442 4214 cum
2476 4174 2522 4213 te
2550 4182 2740 4230 qnoque
2766 4180 2957 4214 somnus
2987 4162 3214 4221 haberet,

1874 4252 1987 4299 Non
2010 4248 2334 4299 animadverso
2361 4248 2591 4298 conscidit
2612 4264 2763 4313 ungue
2789 4248 2964 4313 gulam.

2418 4411 2531 4459 203.
2565 4424 2775 4468 susum,

2442 4539 2502 4588 de
2521 4539 2728 4606 perdice.

1810 4676 2002 4725 Rustica
2028 4692 2124 4725 non
2155 4673 2350 4741 posthac
2377 4690 2581 4740 quercus
2606 4672 2695 4721 sub
2723 4672 2952 4736 tegmine,
2974 4670 3156 4738 perdix,

1876 4761 1932 4805 1n
1957 4766 2145 4807 teneros
2165 4756 2318 4806 solves
2333 4770 2417 4805 ora
2435 4769 2608 4805 canora
2631 4768 2771 4802 sonos
2793 4768 2804 4801 :

1808 4841 2074 4907 Illiciesque
2095 4841 2215 4889 feras
2237 4840 2295 4889 ad
2315 4838 2434 4889 retia
2457 4854 2574 4887 seva
2595 4852 2807 4897 sorores;

1876 4924 2097 4984 Intrasti,
2119 4923 2236 4971 nulli
2264 4923 2389 4987 quod
2419 4930 2678 4983 remeatur,
2696 4920 2806 4967 iter.
