3829 5747
1197 166 1272 224 IN
1314 167 1562 230 CAPUT
1601 169 1902 232 PRIMUM
1948 175 2397 240 ANNOTATIO.
3314 199 3386 255 l's'

231 300 305 349 qu(-
339 287 654 350 cmjungenda
698 303 812 338 esse
853 291 968 342 haec
1015 295 1356 358 epigrammata
1406 298 1621 362 judicat,
1665 299 1758 349 nisi

229 367 338 420 nura
363 359 538 418 desint,
565 359 704 410 hune
741 363 847 412 sere
873 364 926 412 in
957 365 1156 414 modum
1187 387 1198 414 z

323 500 486 557 κόσμον
505 500 752 556 ἆεξήσασα
769 503 1049 566 παλαίτερον
1075 505 1118 560 ἐς
1139 523 1166 553 τ
1178 505 1205 553 ὀ
1216 506 1242 554 ὃ
1253 522 1275 554 ε
1301 524 1330 555 κ
1341 507 1372 556 α’
1382 509 1408 557 λ
1418 509 1443 555 λ
1458 523 1484 555 ο
1498 525 1526 556 υ
1537 525 1575 563 ς.

320 569 402 616 Ἢν
418 570 513 631 ἄρα
539 572 622 618 καὶ
639 572 840 628 κάλλους
858 573 928 621 ἔτι
947 574 1184 624 κάλλιον...

225 711 430 758 preterea
453 711 554 759 tale
577 713 654 760 est
684 712 867 763 lemma
896 715 1254 778 epigrammatis
1276 723 1330 768 ¹5
1359 719 1407 766 in
1426 718 1602 768 Codice
1632 740 1643 768 :
1672 722 1750 768 ml

220 785 338 827 ταῦτα
353 783 398 827 ἐν
413 785 483 842 τῷ
495 787 598 843 ναῷ
614 788 698 840 τῆς
717 784 854 844 ἁγίας
872 787 1112 848 Εὐφημίας
1130 790 1178 836 ἐν
1197 794 1292 844 τοῖς
1315 789 1576 851 Ὀλυὸρίου.
1596 790 1746 840 Ἄλλο.

265 927 369 973 xm.
411 925 608 975 Titulus
647 941 747 978 non
791 931 850 978 ut
896 930 1098 991 lemma,
1139 931 1227 981 sed
1269 933 1410 994 quasi
1449 933 1665 983 scholion
1701 936 1749 984 in

218 995 406 1056 mrgine
430 998 642 1061 scriptus
667 999 716 1047 in
745 999 888 1059 Cod.,
926 1003 976 1050 et
998 1000 1240 1050 distichon
1278 1004 1609 1065 superioribus
1635 1019 1750 1054 oon-

217 1065 460 1124 tinuatum,
495 1069 676 1126 Koma<
733 1073 900 1120 tamen
938 1072 1212 1134 majuscula
1255 1072 1456 1134 pictum.
1497 1077 1622 1124 Cum
1669 1089 1747 1124 se-

215 1138 352 1196 quenti
381 1137 590 1186 disticho
617 1141 734 1198 (cui
761 1141 940 1190 lemma
965 1143 1077 1190 ἄλλο
1114 1141 1164 1189 in
1195 1141 1350 1200 cod.)
1384 1143 1636 1204 conjunxit
1661 1148 1746 1195 Ja-

215 1205 413 1267 01113135,
439 1208 680 1270 probante
716 1210 1044 1262 Boissonadio.
1089 1243 1147 1252 —
1190 1217 1218 1260 3
1257 1214 1420 1274 τηθήν,
1468 1229 1515 1264 v.
1551 1216 1614 1266 ad
1664 1229 1740 1280 ep.

221 1281 276 1333 12,
291 1290 332 1323 v.
361 1283 410 1327 9.
1225 1313 1234 1322 .

263 1427 348 1474 xv.
380 1425 498 1475 ride
523 1427 590 1477 ad
617 1441 692 1492 ep.
727 1435 796 1480 12.

1905 305 2066 356 xxvi.
2088 337 2150 350 .-
2182 313 2201 359 1
2238 312 2479 375 φωσφόρον
2504 315 2621 364 eod.
2654 343 2713 351 -—
2739 322 2768 368 3
2796 319 2961 368 ἐοῦσαν
2991 321 3085 382 ὅτῳ
3103 323 3227 380 ἔπε’-,ς
3248 343 3391 377 ουσαν

1843 375 1966 423 οὕτω
1995 377 2103 439 (sic)
2134 381 2251 430 Cod.
3176 431 3181 436 -

1901 519 2111 568 XXVIII.
2143 522 2265 572 Vide
2300 525 2363 573 ad
2388 539 2463 589 ep.
2502 534 2577 578 23.
2613 549 2635 571 «
2666 531 2808 580 Liber
2847 547 2876 581 a
2902 534 3086 582 Marino
3116 535 3391 600 descriptus

1840 589 2125 648 exposuisse
2143 592 2337 643 videtur
2357 601 2598 661 proecepta
2610 598 2883 652 rhetoricae.
2918 624 2941 646 »
2964 607 3023 653 Β.
3048 632 3104 646 --
3134 611 3161 654 3
3182 608 3386 670 χείρεσσι

1839 657 1965 718 Jac.;
1986 663 2117 722 χερσὶ
2148 663 2266 713 cod.

1899 799 2056 849 XXIX.
2088 827 2151 838 —
2182 808 2201 851 1
2232 812 2339 868 προῑ
2366 808 2517 863 ἄλλοις
2564 810 2681 859 Cod.
2721 813 2776 860 ln
2802 827 2902 876 quo
2936 815 3113 877 cuique
3153 829 3386 868 versuum

1837 868 2147 928 sequentium
2173 871 2472 937 adsmiptum
2498 877 2647 928 Ἄλλο.

1897 1008 2033 1057 XXX.
2062 1038 2124 1046 —
2152 1019 2195 1062 2.
2229 1033 2253 1055 «
2288 1017 2455 1066 Ἐσθλὰ
2473 1019 2615 1068 δίδου.
2639 1023 2854 1071 Ductum
2866 1023 2961 1073 hoc
2987 1039 3049 1074 ex
3076 1027 3287 1078 disticho
3304 1043 3381 1093 ap.

1835 1073 2020 1126 Platon.
2052 1080 2203 1130 Alcib.
2236 1096 2333 1132 sec.
2353 1098 2401 1148 p.
2436 1091 2537 1148 143,
2568 1097 2623 1139 A.
2646 1091 2933 1143 Theocritus
2952 1097 3059 1154 VII,
3086 1101 3169 1148 128
3201 1119 3212 1146 ;
3242 1101 3301 1148 τὰ
3321 1102 3385 1160 μὴ

1834 1148 1955 1194 καλὰ
1978 1149 2135 1209 νόσφιν
2170 1153 2339 1213 ἐρύκοι.
2372 1175 2395 1198 »2
2424 1159 2535 1207 Jac.
2583 1181 2605 1202 et
2642 1161 2831 1211 Similes
2872 1163 3049 1214 ethnici
3087 1166 3295 1219 hominis
3322 1172 3385 1220 ad

1832 1218 2006 1267 Jovem
2030 1233 2197 1282 preces
2222 1222 2453 1288 leguntur
2478 1229 2605 1280 infra
2632 1234 2686 1293 X,
2715 1247 2790 1296 ep.
2824 1239 2923 1285 108.
2960 1257 2983 1280 »ι
3012 1241 3074 1288 Β.

1893 1361 2049 1410 XXXI.
2087 1381 2111 1404 «ι
2158 1366 2451 1428 Inscriptum
2490 1370 2685 1420 videtur
2721 1373 2903 1425 tabulae
2937 1381 3080 1440 pictae
3106 1381 3153 1428 S.
3183 1382 3384 1431 Mariam

1830 1428 2072 1481 exhibenti
2124 1433 2375 1487 Christum
2414 1440 2645 1491 infantem
2683 1444 2734 1492 in
2760 1447 2887 1496 ulnis
2924 1453 3205 1510 gestantem.
3240 1453 3380 1502 Cous.

1829 1498 1958 1548 int'ra
1989 1514 2064 1564 ep.
2094 1507 2194 1553 122.
2226 1509 2299 1556 De
2325 1509 2496 1559 eodem
2523 1519 2807 1575 argumento
2844 1531 3017 1568 versus
3045 1521 3173 1570 edidi
3201 1523 3380 1572 Anecd.

261 1571 371 1616 xv]-
402 1571 562 1620 Etiam
598 1571 696 1621 hoc
737 1575 1052 1625 tetmstichon
1091 1582 1147 1628 ut
1189 1581 1534 1644 epigrammata
1565 1583 1668 1632 duo
1691 1585 1740 1634 in
1829 1572 1865 1616 t.
1890 1576 1999 1634 2,p.
2021 1577 2129 1623 477.
2153 1601 2212 1612 —
2236 1577 2419 1641 lvulgo
2440 1582 2561 1630 θεοῖο
2586 1585 2739 1644 γόνον,
2764 1589 2866 1636 τεὸν
2892 1590 3010 1637 υἱόν.
3040 1593 3179 1641 Cous.
3205 1607 3279 1656 ep.
3301 1597 3381 1650 45,

212 1639 310 1688 Cod.
340 1641 589 1704 scriptum.
626 1674 688 1684 —
721 1651 750 1694 2
786 1647 1022 1710 μάρτυρα,
1057 1651 1106 1699 S.
1137 1650 1473 1714 Euphemiam.
1501 1655 1740 1712 Νηοπὸὶος

213 1708 304 1756 alibi
328 1709 385 1758 de
417 1712 758 1764 sacerdotibus
781 1717 860 1765 rel
887 1716 1084 1767 aedituis
1111 1719 1306 1770 dicitur.

261 1873 390 1919 ΠΗ.
420 1872 543 1920 Item
597 1872 648 1920 iu
689 1872 790 1922 duo
819 1875 1166 1938 epigrammata
1200 1877 1373 1929 dividit
1433 1881 1552 1930 Cod.
1596 1912 1654 1923 —
1690 1890 1734 1932 2.

211 1968 230 1985 ·
257 1949 410 2002 Λίπον.
431 1949 482 1998 inl
502 1952 580 1998 est
595 1989 608 2009 ,
629 1951 722 1999 οὐκ
755 1953 913 2000 ἔλιπον
947 1957 991 2002 ol
1014 1955 1226 2018 πρότεροι
1245 1957 1293 2004 ἐν
1313 1959 1545 2020 ὁψιγὸνοις
1570 1961 1646 2009 διὰ
1663 1963 1737 2009 τὲ-

211 2036 302 2081 χνης
313 2021 440 2083 εὖχος
455 2023 658 2070 ἄσπετον
672 2059 688 2082 ,
707 2023 910 2083 ὅσονπερ
924 2026 1058 2080 κῦδος
1073 2026 1339 2085 Ἰουλιανῆς.
1360 2049 1384 2071 υ
1403 2032 1585 2092 Boi-5⁸5„
1605 2035 1736 2080 recte

213 2091 458 2151 improbans
484 2092 823 2154 conjecturam
839 2095 970 2142 λίπεν
999 2109 1114 2156 quas
1141 2095 1390 2148 edebatur.

259 2250 411 2296 xvul.
450 2267 472 2288 α
501 2251 575 2297 De
601 2249 840 2312 ἁκουὸἱτῳ
853 2253 1072 2316 Ducang.
1095 2254 1142 2302 in
1157 2254 1335 2312 Gloss.;
1353 2256 1438 2305 sed
1463 2258 1585 2319 quid
1604 2273 1734 2308 nunc

209 2317 281 2375 «it,
297 2319 459 2367 mutilo
483 2321 759 2380 poematio,
785 2335 882 2370 non
911 2322 1052 2372 facile
1077 2323 1228 2373 dictu.
1257 2328 1346 2374 Est
1372 2327 1533 2376 forsan
1553 2329 1702 2378 sedile
1717 2368 1730 2390 ,

209 2388 242 2434 si
265 2401 394 2436 versu
433 2389 590 2450 primo
613 2390 780 2446 κύκλος
817 2403 908 2453 pro
939 2393 1077 2442 sedili
1100 2396 1311 2445 rotundo
1348 2401 1510 2458 potest
1551 2401 1730 2463 accipi,

207 2469 288 2516 quo
311 2457 531 2506 utebatur
555 2459 870 2522 Agathonica.
891 2463 988 2510 Pro
1006 2465 1123 2525 βαήν
1151 2465 1286 2514 haud
1303 2465 1451 2516 dubie
1474 2469 1732 2532 legendum

209 2529 348 2586 βιῑνὴν
367 2528 440 2577 vel
463 2531 606 2590 βαὶν,
639 2543 728 2593 pro
762 2533 898 2593 βαΐον
927 2533 1091 2595 (quod
1122 2549 1172 2584 v,
1203 2536 1254 2584 in
1279 2536 1423 2587 Thes.
1447 2551 1494 2600 p.
1527 2544 1638 2598 47).
1670 2567 1732 2576 -—

209 2603 231 2642 2
252 2597 292 2644 in
317 2597 424 2645 Cod.
457 2599 636 2648 lacuna
663 2605 900 2662 quattuor
925 2617 1160 2654 versuum
1187 2620 1342 2669 capax
1358 2647 1370 2668 ,
1404 2622 1520 2658 cum
1547 2610 1732 2660 scholio

209 2669 307 2720 ζήτει
323 2671 376 2716 τὰ
391 2670 608 2718 λείποντα
629 2677 714 2719 τοῦ
734 2673 1095 2736 ἐπιγράμματος.
1121 2678 1180 2725 Et
1199 2677 1429 2727 ultiinum
1457 2693 1649 2730 versum
1667 2681 1731 2731 ad

209 2737 314 2784 idem
359 2739 650 2802 epigramma
685 2742 929 2803 pertinere
943 2783 954 2802 ,
997 2745 1173 2795 evincit
1198 2747 1446 2811 Trophimi
1492 2751 1673 2801 mentio
1715 2772 1727 2800 ε

211 2819 302 2854 nam
322 2807 380 2856 ad
404 2809 532 2860 diem
563 2815 618 2860 13
644 2811 858 2861 octobris
885 2814 1003 2863 socii
1042 2815 1348 2867 celebrantur
1372 2819 1579 2882 PauluS,
1609 2824 1647 2869 T
1649 2836 1729 2870 ro-

211 2878 374 2939 phnnns
397 2884 445 2929 et
469 2883 687 2945 Carpus,
714 2884 795 2933 vel
821 2886 1036 2947 CarpuS,
1065 2889 1276 2951 Papylus
1290 2927 1302 2949 ,
1324 2890 1664 2953 ,agathodorus
1681 2898 1730 2943 et

213 2950 502 3008 agathonica
528 2966 577 3001 r.
597 2954 815 3003 Morcell.
847 2955 912 3005 ad
939 2958 1137 3008 Kalend.
1169 2962 1203 3008 t.
1226 2962 1266 3021 1,
1285 2974 1332 3022 p.
1369 2966 1470 3011 190.
1497 2984 1522 3005 ι»
1541 2966 1601 3012 Β.

261 3100 364 3149 XIX.
395 3104 558 3151 Monet
583 3102 846 3153 scholiasta
868 3120 878 3147 =
897 3106 1030 3163 οὗτος
1048 3110 1076 3156 ὁ
1103 3112 1385 3167 Κλαυὸιανός
1413 3114 1538 3162 ἐστιν
1562 3117 1590 3163 ὁ
1617 3117 1726 3177 γρά·

207 3175 282 3228 Ιἔβας
297 3174 352 3221 τὰ
367 3174 530 3236 πάτρια
546 3176 736 3235 Ταρσοῦ
747 3212 763 3235 ,
783 3177 1054 3238 ’Λναζάρὸου
1069 3216 1082 3237 ,
1102 3181 1307 3241 Βηρύτου
1321 3218 1336 3240 ,
1356 3186 1565 3241 Νικαίας.
1585 3188 1728 3245 (Quae

207 3244 362 3291 notatio
384 3243 604 3293 addenda
627 3244 883 3295 Historicis
895 3248 1110 3309 Miilleri,
1131 3251 1226 3299 vol.
1256 3254 1340 3313 IV,
1367 3265 1414 3314 p.
1436 3258 1566 3313 362.)
1585 3259 1728 3307 Hunc

207 3312 342 3371 ipmm
365 3312 520 3363 dicere
542 3314 742 3365 videt-ur
770 3318 1008 3380 Euagrius
1033 3321 1158 3369 Hist.
1181 3322 1308 3370 Eccl.
1333 3324 1372 3384 1,
1399 3329 1472 3384 19,
1497 3329 1726 3377 Κλαυδια-

208 3385 272 3429 *ἐν
287 3386 356 3431 καὶ
381 3387 524 3447 Κῦρον
540 3388 646 3441 τοὺς
663 3389 860 3445 ποιητὰς
889 3390 982 3438 sub
1007 3390 1283 3442 Theodosio
1311 3396 1526 3446 secundo
1551 3412 1725 3447 nomen
1773 3408 1778 3413 ’

208 3452 380 3515 adeptos
401 3468 614 3505 nain-ans,
637 3459 885 3510 Immerito
909 3464 1074 3511 autem
1100 3467 1286 3526 septem
1301 3466 1646 3530 epigrammata
1663 3484 1724 3519 ex

207 3522 462 3585 Anthologia
511 3526 728 3575 Palatina
777 3533 1004 3591 suscepta
1055 3531 1284 3595 leguntur
1334 3536 1383 3585 in
1435 3537 1726 3589 editionibus

211 3592 370 3641 Claudii
389 3594 635 3643 Claudiani
648 3634 661 3655 ,
681 3596 818 3647 latini
841 3603 999 3661 poetae
1014 3638 1026 3662 ,
1048 3602 1190 3663 cujus
1215 3618 1310 3654 non
1330 3610 1460 3656 sunt.
1494 3628 1516 3650 «
1533 3609 1723 3659 Falsum

211 3662 452 3723 opinionem
483 3665 669 3727 peperit
703 3669 813 3716 tum
847 3670 1099 3720 nominum
1145 3674 1326 3735 paritas
1341 3714 1352 3735 ,
1384 3680 1495 3726 tum
1532 3680 1724 3741 turgida

213 3732 434 3795 ulliusque
457 3736 614 3795 poetae
641 3736 812 3786 oratio.
847 3757 872 3779 τ’
903 3740 964 3787 Β.
997 3766 1057 3775 -
1078 3748 1106 3791 5
1146 3744 1260 3801 μετὰ
1287 3747 1412 3803 .130.;
1449 3749 1568 3809 μέγα
1599 3748 1720 3797 cod.

213 3804 248 3847 7.
275 3822 294 3842 ι
331 3805 571 3865 Assyrium
595 3819 800 3868 nomen,
828 3809 893 3857 ob
919 3809 1048 3861 bella
1073 3826 1188 3862 eum
1215 3815 1402 3866 Judaeis
1427 3822 1564 3881 gesta
1581 3858 1593 3879 ,
1621 3822 1722 3870 veri

215 3872 284 3921 nei
315 3870 467 3923 hostes
491 3876 542 3923 in
575 3876 858 3927 universum
883 3880 1148 3943 significan
1181 3898 1272 3933 nec
1312 3888 1620 3950 cogitandum
1661 3890 1723 3940 de

213 3955 290 3990 una
311 3945 402 3992 Dea
424 3946 572 4007 Syria.
607 3967 632 3989 ι»
660 3949 773 3997 Jac.

261 4095 340 4141 XX.
373 4115 394 4137 κ
419 4098 594 4145 Forsan
620 4099 698 4145 est
725 4100 1023 4151 continuatio
1051 4104 1368 4166 praecedentis
1394 4108 1635 4169 poematii.
1659 4113 1716 4159 V.

212 4165 484 4285 gaeogsius
507 4166 741 4229 cogitavit
768 4168 830 4218 de
857 4175 1086 4237 πολοοῦχε
1101 4210 1116 4235 ,
1145 4174 1294 4237 idque
1322 4178 1722 4228 verisimillimum

259 4376 376 4425 XXII.
397 4402 454 4414 —
481 4383 512 4427 3
537 4380 727 4440 ἀγωγήν
743 4382 795 4429 in
823 4394 984 4445 apogr.
1014 4384 1163 4433 Paris.

259 4516 400 4565 xxm.
435 4538 458 4558 α
487 4518 804 4581 Rescriptum
847 4519 942 4571 hoc
966 4523 1280 4586 epigramma,
1313 4530 1362 4575 et
1389 4528 1522 4588 quod
1560 4531 1720 4592 sequi·-

210 4586 277 4630 tur
306 4588 498 4648 XXVIII,
527 4602 590 4637 ex
616 4589 743 4638 libro
770 4605 801 4639 a
836 4593 1024 4642 Marino
1046 4594 1260 4656 quodam
1303 4600 1509 4646 exarato.
1545 4618 1568 4639 ιι
1601 4602 1714 4649 Jac.

211 4671 230 4691 ·
263 4654 528 4707 inserendus
562 4657 657 4707 erit
697 4660 914 4709 Marinus
949 4662 1251 4725 antiquarius
1276 4666 1494 4729 catalogo
1517 4668 1721 4717 Marino-

209 4724 491 4777 mminBibl.
523 4730 608 4777 Gr.
640 4731 761 4777 tom.
792 4732 866 4779 IX.
901 4750 926 4773 n
957 4736 1017 4782 Β.

254 4863 370 4911 XXV.
397 4892 458 4900 —
493 4870 540 4915 3.
593 4886 616 4909 α
663 4842 992 4929 Exspectabas
1033 4873 1080 4921 ἐν
1114 4874 1386 4937 ὑμετέρῃσιν
1417 4875 1646 4937 ἐφετμαῖς.
1693 4899 1715 4921 u

203 4931 295 4979 Jac.
321 4934 434 4983 Vide
467 4936 530 4987 ad
558 4937 710 4999 epigr.
745 4943 824 4999 36,
843 4945 887 4988 3.

384 5024 703 5069 manwen.
729 5028 764 5067 1.

1827 1641 2035 1760 33⁹0de
2062 1644 2202 1694 aliter
2224 1645 2436 1698 distinxi.
2465 1671 2488 1694 υ
2510 1654 2570 1701 B.
2595 1679 2654 1690 —
2672 1660 2701 1704 3
2720 1659 2941 1708 τελέουσα
2972 1663 3099 1721 ,1304
3130 1666 3377 1712 temo-ma

1887 1856 2067 1905 XXXII.
2090 1884 2152 1893 —
2183 1864 2200 1907 1
2236 1859 2371 1910 'nese
2400 1864 2518 1913 Cod.
2562 1868 2617 1914 In
2661 1868 2865 1918 ecclesia
2906 1872 3203 1938 Archangeli.
3244 1903 3300 1914 —
3328 1885 3377 1928 4.

1828 1946 1850 1968 «
1880 1930 2004 1977 Sunt
2019 1943 2153 1978 nunc
2170 1931 2365 1994 θάλαμοι
2384 1934 2517 1984 aedes
2534 1974 2545 1996 ,
2575 1938 2806 1987 ecclesiae.
2834 1961 2857 1983 n
2880 1943 2940 1990 Β.

1881 2069 2086 2117 XXXIII.
2116 2095 2174 2104 -—
2212 2075 2253 2119 1.
2290 2091 2314 2114 et
2352 2074 2439 2122 Est
2474 2075 2722 2138 ἀσώματος
2758 2079 3027 2141 epithetum
3058 2087 3375 2152 Angelorum,

1821 2144 1956 2206 quod
1982 2159 2111 2208 saepe
2137 2146 2299 2210 ipsum
2326 2149 2381 2200 tit
2408 2166 2575 2202 eorum
2601 2168 2805 2213 nomem
2834 2171 2881 2207 v.
2899 2159 2963 2208 ad
2981 2162 3193 2214 Psellum
3216 2179 3261 2228 p.
3287 2174 3377 2218 298

1822 2228 1947 2277 seq.;
1979 2219 2192 2283 Ducang.
2224 2222 2317 2268 ΟΡ.
2349 2221 2529 2274 Christ.
2560 2227 2645 2287 lv,
2672 2240 2721 2290 p.
2756 2234 2860 2288 187,
2889 2230 2919 2293 §
2944 2237 3020 2281 32.
3052 2235 3261 2285 Joannes
3288 2241 3379 2286 Eu·

1821 2284 2083 2337 chaitensis
2110 2289 2159 2337 in
2183 2291 2394 2341 eundem
2412 2293 2795 2358 Archangelum,
2824 2313 2871 2363 p.
2909 2308 2962 2352 15
2996 2324 3007 2352 :

1949 2411 2013 2460 Ὦ
2041 2412 2221 2475 πίστις,
2247 2416 2325 2464 οἷα
2343 2419 2705 2481 θαυματουργεῖν
2733 2423 2937 2485 ίσχύειςῑ

1942 2481 2020 2538 Ὠς
2046 2484 2195 2546 ῥᾷστα
2214 2491 2399 2548 μορφοίς
2421 2489 2505 2546 τὴν
2527 2490 2799 2552 ἀμόρφωτον
2820 2495 2955 2556 φύσιν
2973 2499 2985 2544 !
3015 2517 3037 2538 υ
3066 2500 3129 2546 B.

1881 2603 2078 2651 XXXIV.
2104 2623 2127 2646 ιι
2145 2607 2231 2654 Est
2255 2607 2682 2670 Πλάτη11131113;ν.
2715 2613 2927 2674 Gyllium
2946 2617 3018 2664 De
3036 2618 3251 2680 Bosporo
3280 2623 3371 2681 111,

1819 2685 1862 2720 c.
1897 2678 1979 2732 123
2000 2676 2168 2724 Zonar.
2200 2679 2319 2725 Ami.
2342 2679 2493 2738 XVII,
2520 2685 2593 2740 14,
2614 2695 2661 2744 p.
2686 2687 2793 2744 236,
2814 2686 2867 2732 Β.
2888 2710 2949 2721 -
2966 2691 3006 2735 1.
3025 2687 3251 2746 Ἀσκοπος
3270 2693 3373 2743 Sui·

1817 2741 1905 2791 das
1930 2744 2272 2806 interpretatur
2297 2749 2336 2810 ᾧ
2366 2751 2429 2810 μή
2466 2751 2562 2798 ἐστι
2599 2753 2756 2807 τύπος.
2786 2773 2809 2795 >³
2843 2758 2904 2804 B.
2940 2786 3002 2796 —
3031 2765 3057 2805 2
3099 2759 3373 2813 ἀπεπλοὶσαο

1816 2815 1953 2863 malit
1976 2817 2081 2864 Jac.
2104 2843 2167 2851 —
2193 2821 2218 2867 7
2250 2820 2393 2882 βαρὺν
2413 2822 2686 2871 Brunckius
2713 2825 2876 2875 tacito.

1883 2954 2059 3002 XXXV.
2094 2974 2118 2997 a
2148 2958 2402 3006 Σωσθένιον
2436 2959 2575 3009 locus
2601 2962 2693 3011 suit
2717 2976 2867 3027 prope
2904 2968 3210 3033 Byzantium,
3240 2988 3371 3025 nunc

1817 3034 2014 3085 quoque
2052 3024 2309 3086 Ἁσωμάτω
2349 3027 2538 3089 dictus,
2564 3035 2691 3081 teste
2734 3037 2983 3099 Ducangio
3009 3040 3102 3090 GP.
3133 3042 3249 3093 Chr.
3280 3048 3364 3106 lv,

1813 3106 1860 3155 p.
1884 3098 1987 3155 187,
2004 3095 2033 3158 §
2054 3100 2154 3145 132.
2174 3096 2295 3146 Vide
2312 3096 2593 3151 chevalier
2606 3104 2703 3152 lter
2716 3106 3060 3168 Proponticum
3073 3116 3111 3161 t.
3134 3116 3174 3173 1,
3192 3128 3241 3177 p.
3260 3122 3364 3166 264.

1815 3162 2042 3224 Agathias
2060 3178 2117 3213 ac
2132 3168 2233 3214 tres
2246 3166 2351 3227 ejus
2370 3170 2687 3235 condiscipuli
2701 3213 2713 3236 ‚
2731 3178 2922 3238 expleto
2939 3186 3115 3241 quarto
3130 3184 3176 3234 in
3192 3186 3368 3237 scholis

1807 3232 1934 3294 juris
1958 3246 2107 3293 311110,
2136 3236 2420 3301 Archangeli
2458 3241 2715 3307 imaginem
2754 3247 2934 3309 pictam
2968 3252 3017 3300 in
3057 3256 3164 3317 eius
3188 3260 3368 3320 templo

1813 3304 2129 3365 apponebant.
2166 3326 2189 3348 υ
2228 3308 2289 3355 Β.
2562 3308 2569 3315 ”
3298 3350 3305 3355 ·

1871 3456 2071 3503 XXXVI.
2104 3458 2219 3505 Post
2246 3471 2292 3505 v.
2316 3464 2345 3507 3
2378 3459 2425 3507 in
2451 3474 2577 3510 nova
2602 3464 2774 3527 pagina
2800 3467 2919 3517 cod.
2942 3468 3117 3521 lemma
3143 3475 3212 3523 sic
3236 3490 3366 3539 repe-

1811 3524 1955 3572 titum
1980 3531 2159 3573 ιταῦτα
2190 3528 2236 3575 ἐν
2264 3527 2442 3591 Ἐφέσῳ
2473 3532 2723 3591 γέγραπται
2752 3535 2800 3581 ἐν
2824 3541 2893 3597 τῷ
2929 3538 3115 3600 νάρθηκι
3140 3549 3222 3591 τοῦ
3254 3548 3365 3595 Θεο-

1812 3594 1969 3653 λὸγου.
2014 3614 2037 3636 «ι
2079 3598 2165 3644 Est
2210 3594 2475 3659 theoloqus
2536 3599 2619 3647 1110
2661 3602 3024 3667 intelligendum
3068 3608 3129 3658 de
3180 3615 3364 3664 Joanne

1811 3663 2054 3725 apostolo,
2071 3664 2156 3725 qui
2186 3665 2277 3713 suit
2303 3668 2559 3730 episcopus
2576 3670 2752 3732 Ephesi
2772 3674 2917 3734 (conf.
2936 3690 3010 3739 ep.
3042 3684 3101 3727 80
3119 3684 3168 3729 et
3185 3682 3363 3733 lemma

1811 3736 1889 3793 IX,
1921 3747 1996 3796 ep.
2033 3738 2111 3797 48)
2138 3739 2188 3784 et
2225 3738 2503 3799 cognomine
2528 3738 2739 3804 theologi
2777 3748 2995 3796 ornatus.
3031 3752 3355 3815 Ἰλλούστριος,

1809 3804 2252 3865 Illustris,nomen
2277 3806 2551 3870 dignitatis,
2571 3809 2633 3859 de
2666 3825 2767 3873 quo
2806 3814 3019 3880 Ducang.
3054 3818 3207 3868 Closs,
3238 3848 3299 3857 -
3328 3832 3354 3871 2

1810 3872 2043 3930 ἄσκοπος,
2070 3877 2127 3922 ut
2144 3887 2217 3937 ep.
2246 3880 2323 3936 34,
2350 3880 2389 3924 1.
2411 3904 2472 3912 -
2498 3883 2527 3926 3
2548 3884 2787 3943 ζωστῆρα,
2816 3897 2985 3933 zonam
3015 3887 3228 3949 Magistri
3254 3892 3361 3939 offi-

1810 3942 2009 3990 ciorum.
2032 3969 2094 3977 —
2112 3951 2138 3993 5
2167 3947 2389 4007 ὓμετέρην
2420 3950 2495 3996 est
2528 3962 2616 4011 pro
2641 3953 2747 4012 σήν,
2769 3952 2901 4013 quod
2940 3955 3070 4016 apud
3108 3958 3359 4021 Agathiam

1811 4012 2039 4074 frequens
2063 4014 2111 4061 et
2130 4013 2273 4073 alios;
2297 4016 2424 4064 conf.
2453 4031 2529 4080 ep.
2563 4026 2638 4079 25,
2670 4026 2713 4069 3.
2749 4042 2771 4063 υ
2802 4026 2861 4071 Β.

1869 4160 2093 4208 XXXVII.
2126 4179 2151 4203 «
2178 4162 2279 4211 Hoc
2296 4165 2347 4211 et
2364 4166 2615 4227 sequentia
2640 4168 2984 4230 epigrammata
3009 4172 3187 4224 tabulis
3213 4179 3357 4240 pictis

1807 4229 2081 4292 subscripta
2114 4231 2266 4281 fuisse
2304 4236 2540 4297 suspicor,
2568 4240 2655 4285 aut
2682 4238 2885 4300 picturis
2920 4239 2970 4289 in
3001 4243 3167 4293 codice
3194 4248 3355 4310 aliquo

1808 4300 1998 4417 gazis&
2014 4300 2203 4350 Veteris
2221 4304 2529 4355 Testamenti.
2564 4326 2587 4349 »ι
2610 4309 2668 4355 Β.
2690 4332 2749 4342 —
2764 4315 2791 4355 2
2817 4310 3087 4371 παρθενικῆς
3114 4314 3163 4362 in
3188 4329 3351 4382 apogr.

1867 4524 2006 4571 XLII.
2036 4524 2316 4573 Secundum
2340 4525 2423 4575 illa
2444 4526 2663 4576 Matthaei
2687 4530 2751 4589 II,
2768 4538 2797 4579 6
2816 4548 2827 4577 :
2844 4532 2923 4579 καὶ
2948 4534 3007 4581 σὺ
3024 4570 3038 4594 ,
3071 4536 3349 4599 Βηθλεὲμ,...

1806 4594 2019 4653 οὐδαμῶς
2038 4594 2257 4657 ἐλαχίστη
2284 4596 2328 4643 εἷ
2345 4596 2393 4643 ἐν
2414 4602 2508 4652 τοῖς
2530 4598 2752 4658 ἡγεμόσιν
2772 4600 2923 4650 Ἰούδα
2938 4616 2949 4625 ·
2971 4603 3024 4651 ἐκ
3043 4609 3130 4651 σοῦ
3156 4608 3243 4669 γὰρ
3265 4608 3353 4664 ἐξε-

1806 4662 2016 4709 λεύσεται
2039 4665 2317 4724 ἡγούμενος,
2330 4663 2455 4721 ὅστις
2477 4672 2693 4727 ποιμανεῖ
2708 4670 2786 4715 τὸν
2808 4670 2917 4717 λαόν
2938 4688 3026 4731 μου
3049 4673 3128 4721 τὸν
3147 4674 3347 4738 Ἰσραήλ.

1699 4794 1704 4797 ⁴
1805 4758 1868 4767 —
1885 4738 1912 4780 2
1939 4733 2109 4789 ἵζεσθαι
2136 4732 2255 4781 Cod.

1866 4878 2027 4925 XLIII.
2063 4877 2339 4929 Secundum
2366 4879 2447 4929 illa
2482 4880 2699 4931 Matthaei
2727 4886 2797 4945 11,
2824 4892 2913 4939 18:
2947 4890 3073 4949 φωνὴ
3110 4890 3157 4937 ἐν
3195 4891 3349 4952 ‘Paua

1806 4948 2044 5009 ἠκούσθη,
2070 4950 2226 5011 Θρῆνος
2266 4952 2344 4999 καὶ
2382 4954 2610 5013 κλαυθμὸς
2635 4958 2711 5002 καὶ
2750 4956 2943 5031 ὀδρρμὸς
2981 4960 3152 5041 πολὺς,
3173 4960 3349 5025 Ῥαχὴλ

3114 5048 3142 5089 2
