3829 5747
1035 115 1285 176 CAPUT
1335 118 1457 177 VII.
1508 115 2057 178 EPIGRAMMATA
2101 117 2646 179 SEPULCRALIA.
3322 127 3428 184 341

310 247 455 321 ὄμμα
486 246 645 316 Δίκης
666 250 861 327 καθορᾷ
894 244 1063 305 πάντα
1087 245 1153 304 τὰ
1181 246 1449 325 γινόμενα.

832 392 953 441 358.
994 395 1182 442 ΑΔΔΟ.

810 492 890 548 Εἰς
910 493 991 541 τὸν
1027 493 1186 542 αὐτόν.

234 613 500 685 Εκτανες,
527 604 640 671 εἶτά
668 635 735 721 με
760 612 993 688 θάπτεις,
1019 612 1315 686 ἅτάσθαλε,
1345 613 1524 694 χερσὶν
1550 614 1785 689 ἐκείναις,

308 691 386 767 αἶς
411 725 481 776 με
509 701 583 760 δι
561 698 787 779 εχρῆσω·
811 701 885 776 μή
922 722 981 758 σε
1007 700 1155 760 λάθοι
1180 701 1428 778 Νέμεσις.

833 843 957 896 359.
998 847 1185 892 ΔΔΔΟ.

812 946 891 1000 Εἰς
908 945 987 993 τὸν
1015 945 1173 994 αὐτόν.

238 1065 301 1125 E'
282 1091 297 1123 ι
322 1089 385 1138 με
412 1065 565 1124 νέκυν
586 1069 908 1133 κατέθαπτες
928 1064 1049 1126 ἰδὼν
1080 1066 1367 1146 οἶκτίρμονι
1394 1071 1561 1149 θυμῷ,

308 1146 489 1232 allec*
462 1177 527 1211 αν
550 1158 609 1213 ἐκ
639 1154 889 1233 μακάρων
912 1155 1093 1231 μισθὸν
1128 1157 1211 1213 ἐπ’
1244 1156 1472 1235 εὗσεὸίῃ·

236 1245 313 1298 νῦν
340 1244 367 1298 ὃ
370 1241 487 1300 ’ὅτε
519 1241 584 1311 δὴ
614 1241 799 1321 τύμίῳ
828 1265 893 1316 με
917 1244 1300 1322 κατακρύπτεις
1326 1249 1353 1302 ὃ
1377 1245 1651 1326 φονεύσας,

306 1333 403 1387 τῶν
432 1332 605 1388 αὐτῶν
633 1329 871 1410 μετέχοις
898 1323 1072 1411 ωνπερ
1094 1332 1209 1409 ἐμοὶ
1236 1332 1505 1412 παρέχεις.

842 1475 963 1526 360.
1003 1479 1189 1527 ΑΛΔΟ.

811 1577 889 1631 Εἷς
912 1577 993 1625 τὸν
1020 1577 1175 1625 αὐτόν.

242 1695 392 1775 Χεροὶ
414 1696 758 1765 κατακτείνας
780 1700 939 1778 τάφον
965 1699 1198 1773 ἔκτισας,
1226 1703 1324 1778 οὐχ
1351 1698 1435 1758 ἵνα
1466 1701 1665 1780 θάψῃς,

312 1784 419 1842 ἄλλ’
446 1781 535 1842 ἵνα
570 1807 637 1862 με
664 1787 877 1866 κρύψῃς·
906 1788 1066 1847 ταύτὸ
1093 1787 1148 1846 δὲ
1179 1789 1271 1847 καὶ
1294 1788 1355 1846 σὺ
1381 1788 1580 1854 πάθοις.

781 1931 903 1981 361.
944 1935 1065 1978 ΑΔΗ
1070 1935 1221 1982 ΑΟΝ.

247 2045 508 2164 Υἶϊπατὴρ
531 2055 653 2114 τόδε
678 2080 844 2133 σημα·
875 2081 933 2116 το
955 2060 1001 2117 δ’
1031 2057 1261 2136 ἔμπαλιν
1290 2051 1354 2132 ἦν
1383 2083 1441 2118 το
1471 2059 1685 2119 δίκαιον·

312 2165 370 2211 ην
400 2142 453 2199 δὲ
477 2145 810 2214 δικαιοσύνης
841 2148 869 2204 ὁ
892 2147 1069 2226 φθόνος
1098 2146 1181 2206 ὀ·’
1134 2169 1353 2226 ,ιι-τερος.

368 2283 931 2344 362.ΦΙΔ1Π11οΥ
978 2287 1636 2347 ΘΕΣΣΑΛΟΝΙΚΕΩΣ.

249 2416 443 2478 Ἔνθάδε
473 2445 574 2492 την
599 2422 743 2501 ἱερὴν
766 2422 997 2502 κεφαλὴν
1017 2424 1167 2503 σορὸς
1193 2423 1287 2496 ἥδε
1318 2425 1555 2483 κέκευθεν

316 2507 525 2569 Ἀετίου
511 2532 784 2589 χρηστου,
814 2510 1028 2591 ῥήτορος
1048 2513 1277 2590 ἐκπρεπέ
1280 2535 1353 2580 ος.

250 2583 419 2654 Ηλθεν
447 2598 491 2655 δ’
520 2599 599 2664 εἰς
634 2593 811 2657 Ἀΐδαο
839 2599 1025 2675 δέμας,
1056 2598 1199 2678 ψυχὴ
1233 2601 1277 2658 δ’
1304 2601 1353 2668 ἐς
1375 2599 1678 2714 Ὄλυμπον·

728 2731 1045 2832 ,ἀθάνατον
1077 2773 1131 2832 δὲ

318 2857 424 2918 οὗτε
450 2860 603 2939 λόγος
628 2861 793 2921 ποιεῖν
822 2859 942 2920 οὗτε
976 2862 1087 2928 θεὸς
1110 2863 1348 2925 δύναται.

726 3009 849 3061 363.
889 3013 1285 3059 ΔΔΕΣΠΟΤΟΝ.

258 3132 277 3153 “
297 3132 337 3189 Τ
342 3135 608 3209 ετμενάνης
638 3134 725 3194 ὅδε
750 3134 947 3211 τύμὸος
965 3137 1271 3215 ἐῢγλύπτοιο
1302 3138 1559 3215 μετάλλου

258 3218 395 3295 ἥρωος
418 3224 655 3329 μεγάλου
683 3222 858 3289 νέκυος
880 3226 1017 3283 κατὰ
1032 3228 1190 3301 σῶμα
1218 3226 1474 3285 καλύπτει

262 3308 403 3377 Ζην
354 3310 532 3370 οοότου·
558 3310 707 3390 ψυχὴ
737 3311 791 3369 δὲ
814 3316 929 3370 κατ’
957 3314 1195 3391 οὐρανὸν,
1226 3306 1324 3391 ᾗχί
1351 3338 1449 3391 περ
1472 3314 1720 3395 Ὀρφευς,

262 3398 337 3471 ’ζμ
362 3398 571 3455 Πλάτων
590 3399 776 3478 ,ἱερὸν
804 3398 1117 3479 θεοδέγμονα
1147 3406 1313 3460 θῶκον
1340 3404 1569 3480 ἐφευρεν.

208 3504 227 3537 s
264 3480 409 3538 ‘imre‘
372 3507 447 3550 ευς
472 3484 562 3559 μὲν
588 3484 693 3563 γὰρ
716 3484 806 3557 ἔην
782 3488 1105 3565 νβοισιλήιος
1131 3487 1351 3561 ἄλκιμος
1376 3481 1537 3561 ουτος,

266 3569 468 3645 κύδιμος,
500 3572 787 3653 ἀρτιεπὴς,
813 3575 1108 3641 θεοείκελος·
1140 3578 1191 3633 ἐν
1222 3576 1267 3633 δ’
1294 3576 1395 3654 ἄρα
1424 3576 1599 3652 μύθοις

269 3659 537 3735 Σωκράτεος
560 3661 783 3736 μίμημα
804 3664 927 3740 παρ’
964 3663 1285 3723 Αὖσονίοισιν
1310 3664 1516 3741 ἐτύχθη·

267 3755 391 3802 παισὶ
416 3748 465 3805 δὲ
491 3750 779 3830 καλλείψας
804 3748 1065 3830 πατρώϊον
1096 3750 1265 3809 αἴσιον
1289 3751 1471 3828 ὄλὸον,

320 3910 433 3961 Scito
452 3914 611 3965 oculos
632 3916 791 3979 magni
817 3933 1015 3966 cernere
1040 3928 1211 3969 cuncta
1226 3924 1257 3969 J
1260 3920 1377 3970 ovis.

834 4035 949 4084 358.
990 4052 1215 4098 ιιιοιιιτι,

881 4124 941 4175 de
960 4126 1141 4177 eodem.

272 4236 467 4301 Eripuisti
491 4242 697 4292 animam
710 4279 724 4302 ,
746 4242 967 4293 manibus
984 4260 1060 4293 me
1083 4242 1247 4293 condis
1266 4242 1460 4295 eisdem.

326 4322 363 4367 0
385 4323 551 4373 scelus!
580 4325 789 4375 ultorem
811 4325 953 4376 crede
980 4327 1143 4376 venire
1163 4330 1338 4378 Deum.

822 4436 937 4500 359.
978 4453 1175 4487 monn-n
1192 4474 1207 4495 ,

868 4523 929 4574 de
958 4526 1139 4579 eodem.

278 4620 317 4667 Si
336 4637 403 4671 me
428 4641 719 4679 communem
741 4640 923 4682 sortem
944 4634 1194 4686 miseratus
1215 4636 1479 4703 hamam,

335 4708 469 4770 AEqua
489 4708 655 4760 darent
676 4715 836 4778 superi
858 4731 948 4780 pro
966 4716 1143 4782 pietate
1167 4728 1268 4769 tua.

281 4784 399 4835 Nune
418 4787 643 4843 homicida
660 4793 757 4844 mei
781 4811 891 4845 cum
916 4814 992 4847 me
1012 4798 1185 4851 tellure
1206 4802 1433 4851 recondas
1448 4839 1463 4863 ,

338 4870 463 4929 Quod
484 4873 621 4941 facis,
645 4879 907 4943 optandum
933 4891 1005 4931 est
1024 4918 1039 4945 ,
1074 4892 1127 4933 ut
1158 4883 1243 4933 tibi
1272 4883 1352 4933 fiat
1375 4884 1516 4938 idem.

1831 261 1841 290 ¹
1944 256 2120 306 oculus
2147 257 2359 307 sustitiae
2379 271 2506 320 pers1
2523 257 2608 308 icit
2630 258 2868 321 quidquid
2889 259 2958 308 fit.

2473 403 2580 448 3³8.
2631 410 2666 449 A
2676 409 2730 450 Ll
2739 410 2820 450 UD
2831 439 2844 452 .

2526 505 2576 546 ln
2596 503 2808 548 eundem.

1879 617 2110 669 Occidisti
2129 655 2142 679 ‚
2170 619 2284 670 dein
2313 633 2394 670 me
2412 621 2606 684 sepelis,
2639 623 2875 686 sceleste,
2905 623 3132 674 manibus
3151 623 3245 675 illis

1940 705 2122 767 quibus
2148 719 2227 756 me
2251 706 2567 758 intersecet-as
2587 729 2598 758 :
2619 721 2680 758 ne
2693 711 2744 759 tc
2762 710 2912 760 lateat
2935 711 3182 761 Nemesis!

2477 857 2583 902 359.
2630 861 2847 906 Alaun.

2513 959 2562 998 ln
2587 955 2797 1000 eundem.

1880 1074 1931 1122 Si
1963 1085 2042 1121 me
2070 1075 2318 1122 mortuum
2338 1075 2642 1138 sepelivisses
2661 1077 2826 1125 visum
2851 1078 3150 1127 misericordi
3163 1079 3324 1128 animo
3337 1117 3350 1141 ‚

1943 1158 2148 1209 haberes
2165 1158 2228 1208 ab
2245 1161 2602 1212 immortalibus
2617 1163 2874 1226 praemium
2894 1164 2956 1214 ob
2971 1163 3206 1227 pietatem
3229 1186 3242 1214 ι

1879 1259 2010 1296 nunc
2021 1249 2186 1296 autem
2205 1248 2432 1310 quoniam
2455 1250 2648 1300 tumulo
2673 1264 2752 1300 me
2769 1253 2990 1301 occultas
3008 1254 3066 1301 tu
3084 1252 3442 1315 qui-occidisti,

1949 1335 2119 1386 eadem
2141 1349 2334 1387 mecum
2361 1339 2563 1390 sortiare
2581 1353 2695 1403 quze
2717 1339 2837 1390 mihi
2866 1344 3085 1404 praestas.

2482 1485 2586 1529 360.
2633 1491 2736 1532 AL!
2747 1493 2780 1534 U
2790 1493 2848 1534 D.

2523 1588 2574 1629 ln
2595 1585 2804 1630 eundem

1883 1693 2109 1744 Manibus
2127 1695 2465 1758 ubi-occidisti,
2481 1698 2732 1748 tumulum
2752 1699 2995 1761 struxisti,
3009 1714 3105 1749 non
3124 1702 3181 1750 ut
3200 1701 3446 1763 sepelires,

1948 1785 2036 1834 sed
2063 1788 2119 1835 ut
2147 1799 2224 1836 me
2251 1787 2552 1837 occultares:
2573 1787 2702 1837 idem
2728 1801 2874 1851 porro
2899 1790 2950 1839 et
2976 1789 3040 1839 de
3071 1791 3123 1840 te
3143 1787 3260 1839 niet!

2443 1928 2549 1976 361.
2596 1932 2872 1976 melum.

1888 2060 2010 2110 Filio
2025 2063 2163 2124 pater
2179 2060 2272 2110 hoe
2294 2065 2669 2113 monumentum
2694 2065 2894 2115 struxit
2914 2080 2933 2116 :
2951 2067 3002 2114 at
3020 2064 3315 2115 contrarium
3345 2068 3451 2116 erat

1949 2148 2041 2198 suit
2059 2151 2223 2198 autem
2238 2149 2432 2210 justitia
2449 2149 2635 2200 invidia
2655 2151 2869 2202 celerior.
3185 2153 3402 2216 [justum
3433 2167 3446 2195 ι

2137 2294 2244 2340 362.
2281 2291 2554 2340 PHILIPPI
2586 2292 3196 2343 THESSALONlCENSlS.

1886 2425 1980 2474 Hic
2007 2438 2202 2475 sacrum
2227 2429 2376 2490 caput
2392 2427 2586 2479 loculus
2611 2429 2704 2479 iste
2735 2429 2989 2480 abscondit

1948 2514 2071 2563 Aetli
2097 2514 2212 2564 boui
2229 2553 2242 2577 ‚
2267 2517 2473 2567 oratoris
2491 2517 2798 2568 excellentis:
3270 2518 3462 2584 [parm

1885 2599 2019 2649 Abiit
2050 2603 2218 2650 autem
2253 2601 2319 2651 ad
2351 2602 2606 2653 Plutonem
2622 2617 2825 2667 corpus,
2853 2604 3048 2655 animus
3077 2618 3190 2656 vero
3207 2604 3259 2656 in
3287 2607 3450 2670 Olym·

1888 2813 2177 2827 .......
2204 2777 2298 2826 Sed
2316 2778 2640 2829 immortalem

1946 2878 2036 2915 nec
2055 2864 2212 2915 oratio
2231 2864 2388 2916 facere
2414 2879 2507 2917 nec
2531 2865 2656 2917 deus
2684 2869 2859 2931 potest.

2433 3012 2539 3056 363.
2586 3018 2906 3060 amomon.

1887 3180 2125 3196 ......
2149 3144 2228 3194 hic
2247 3146 2473 3196 tumulus
2493 3144 2828 3209 bene-sculpto
2853 3146 3108 3196 e-metallo

1883 3233 2048 3284 herois
2078 3234 2242 3297 magni
2263 3234 2446 3284 mortui
2473 3248 2653 3297 corpus
2681 3234 2938 3285 abscondit

1884 3319 2149 3379 Zenodoti3
2173 3320 2366 3370 animus
2383 3323 2546 3371 autem
2566 3321 2617 3369 in
2645 3321 2769 3371 coelo
2785 3360 2797 3383 ,
2829 3322 2915 3370 ubi
2942 3321 3194 3384 Orpbeus,

1888 3409 1974 3457 ubi
1995 3410 2132 3457 Plato
2147 3446 2160 3469 ‚
2182 3422 2372 3458 sacram
2392 3408 2798 3472 deos-capientem
2820 3410 2985 3460 sedem
3003 3411 3203 3461 invenit.

1884 3499 2046 3559 Eques
2067 3496 2196 3547 enim
2223 3500 2326 3547 erat
2343 3497 2684 3560 imperatorius
2714 3498 2908 3547 validus
2925 3498 3005 3547 hic
3019 3536 3032 3561 ,

1885 3586 2072 3647 chrm,
2096 3584 2312 3636 disertus
2327 3623 2340 3646 ‚
2361 3585 2664 3645 deo-similis3
2685 3586 2736 3634 in
2762 3586 3068 3637 sermonibus
3083 3588 3248 3636 autem

1886 3673 2096 3724 Socratis
2125 3673 2337 3723 aemulus
2354 3672 2488 3737 apud
2503 3673 2744 3722 Ausonios
2774 3672 2896 3731 suit3

1888 3760 2054 3823 pueris
2083 3774 2200 3809 vero
2226 3760 2502 3822 relinquens
2526 3762 2754 3823 paternas
2781 3760 2946 3810 felices
2973 3771 3108 3826 opes,

2473 3920 2587 3969 360.
2620 3934 2817 3969 meant
2833 3955 2847 3981 ,

2518 3998 2578 4047 de
2604 3998 2783 4049 eodem.

1889 4100 1986 4147 Das
2014 4097 2292 4146 interfector
2315 4098 2552 4149 tumulum
2579 4097 2725 4155 mihi,
2745 4115 2844 4148 non
2869 4109 2922 4148 ut
2946 4098 3112 4149 humes
3137 4114 3242 4159 me,

1961 4184 2069 4247 Ipse
2089 4180 2170 4230 sed
2199 4190 2251 4229 ut
2273 4180 2420 4229 lateas
2443 4197 2456 4231 :
2486 4180 2546 4230 sil
2567 4181 2655 4230 tibi
2680 4197 2780 4230 sors
2798 4182 2980 4230 eadem.

2477 4282 2566 4329 361
2581 4318 2594 4331 .
2638 4298 2862 4331 tuctu-n.

1888 4376 1992 4423 Hoc
2012 4372 2132 4435 tibi,
2155 4381 2291 4430 nate,
2319 4380 2474 4437 pater.
2503 4374 2682 4423 Contra
2707 4371 2798 4422 fuit
2815 4372 2996 4421 aeuuius
3025 4385 3244 4437 :nquam

1959 4455 2048 4504 Sed
2069 4453 2310 4503 festinanti
2331 4468 2430 4504 non
2457 4453 2613 4519 placet
2635 4452 2842 4505 invidia.

2239 4556 2352 4605 362.
2381 4570 2595 4603 parumn
2621 4570 3096 4605 rumanomcxusu.

1888 4643 2016 4693 Aetii
2038 4652 2252 4693 sanctum
2270 4654 2413 4710 caput
2430 4643 2522 4694 hac
2553 4645 2725 4694 tellure
2744 4653 2951 4703 tenetur,

1952 4725 2047 4788 Qui
2079 4724 2254 4782 bonus,
2286 4734 2337 4775 et
2362 4726 2530 4777 rhetor
2548 4743 2664 4777 voce
2687 4728 2890 4777 disertus
2915 4738 3038 4778 erat.

1887 4808 2070 4873 Corpus
2093 4807 2292 4859 humum
2311 4844 2326 4870 ,
2346 4824 2480 4859 mens
2504 4820 2630 4859 astra
2657 4811 2776 4876 petit
2810 4826 2822 4858 :
2851 4820 3076 4875 prtestare
3103 4812 3284 4863 solutos

1955 4894 2114 4942 Morte
2140 4908 2228 4943 nec
2245 4894 2488 4959 eloquium
2505 4932 2520 4959 ,
2541 4909 2632 4945 nec
2651 4897 2780 4945 Deus
2807 4894 2906 4962 ipse
2925 4904 3098 4961 potest.
