3829 5747
428 209 544 270 116
581 167 588 174 ’

337 357 360 392 b
425 343 514 399 καὶ
537 339 738 420 σοὸαρὴ
765 340 1050 420 θεράπαινα
1077 340 1244 406 πύλας
1273 341 1532 422 σφίγξασα
1558 343 1816 419 μελάθρου

503 430 642 488 κεῖτο
664 428 972 507 χαλικρήτῳ
999 427 1195 503 νάματι
1226 428 1525 508 βριθομένη.

423 517 643 596 Ἔμπης
669 517 728 577 οὗ
758 517 812 592 μ’
840 515 1124 594 ἐφόὸησαν·
1150 516 1263 576 ἐπεὶ
1292 521 1590 596 στρεπτῆρα
1615 517 1854 595 θυρέτρου

499 607 678 686 χερσὶν
707 607 1014 678 άδουπῆτοις
1045 607 1190 684 βαιὸν
1216 605 1536 685 ἀειράμενος,

421 692 672 775 φρυκτοὺς
697 695 1030 760 αἰθαλόεντας
1059 697 1188 768 ἐμῆς
1217 694 1498 774 ῥιπίσμασι
1521 693 1700 764 λώπης

319 805 368 845 10
501 783 720 843 ἔσὸεσα·
752 783 842 842 καὶ
872 783 1047 850 διαδὺς
1071 781 1277 862 λέχριος
1300 785 1352 840 ἐν
1383 781 1602 860 θαλάμῳ

419 897 450 930 τ
475 896 514 944 ,ν
539 872 747 952 φύλακα
775 868 1110 932 κνώσσουσαν
1137 869 1449 949 ὑπέκφυγον·
1469 862 1573 942 ἦκα
1599 869 1652 948 δὲ
1683 869 1894 948 λέκτρου

498 962 672 1042 νέρθεν
699 960 798 1020 ὑπὸ
823 958 1049 1038 σχοίνοις
1072 959 1286 1040 γαστέρι
1309 958 1617 1037 συρόμενος,

420 1049 693 1129 ὠρθούμην
717 1047 854 1108 κατὰ
885 1048 1051 1128 βαιὸν,
1079 1047 1182 1118 ὅπη
1217 1047 1372 1126 βατὸν
1401 1046 1586 1106 ἔπλετο
1615 1051 1813 1126 τεῖχος·

501 1135 626 1215 ἄγχι
651 1135 705 1195 δὲ
728 1141 821 1206 τῆς
848 1137 1034 1215 κούρης
1057 1135 1264 1212 στέρνον
1287 1135 1636 1214 ἐρεισάμενος,

317 1245 365 1282 ιε
421 1223 612 1303 μαζοὺς
640 1224 734 1314 μὲν
764 1223 1094 1304 κρατέεσκον·
1125 1221 1454 1302 ὓπεθρύφθην
1475 1220 1530 1280 δὲ
1558 1221 1848 1301 προσώπῳ,

499 1313 746 1390 μάστακα
777 1311 997 1372 πιαίνων
1024 1311 1222 1390 χείλεος
1249 1309 1456 1390 εὗαφίῃ.

419 1390 528 1460 Ἦν
551 1399 596 1458 δ’
621 1399 722 1480 ἄρα
748 1423 837 1478 μοι
861 1399 928 1458 τὰ
948 1399 1157 1479 λάφυρα
1177 1398 1336 1457 καλὸν
1359 1397 1552 1472 στόμα,
1579 1397 1670 1456 καὶ
1691 1395 1751 1456 τὸ
1771 1393 1972 1476 φίλημα

500 1479 759 1565 σύμὸολον
789 1486 1026 1566 ἐννυχίης
1053 1477 1193 1565 εἶχον
1223 1483 1554 1558 ἅεθλοσύνης.

418 1575 588 1637 Οὔπω
611 1577 656 1635 δ’
682 1575 985 1644 ἐξαλάπαξα
1015 1573 1166 1654 φίλης
1193 1573 1456 1652 πύργωμα
1481 1573 1710 1653 κορείης,

309 1682 364 1721 m
499 1666 616 1723 ἀλλ’
645 1663 718 1722 ἔτ’
744 1662 975 1742 ἀδηρίτω
1005 1661 1278 1740 σφίγγεται
1307 1661 1558 1740 ἀμὸολίῃ.

416 1750 636 1829 Ἔμπης
661 1751 723 1822 ἢν
749 1749 942 1830 ἑτέροιο
973 1749 1133 1826 μόθου
1161 1747 1437 1826 στήσωμεν
1466 1751 1670 1826 ἀγῶνα,

494 1839 581 1898 ναὶ
608 1839 748 1917 τάχα
776 1837 1023 1916 πορθήσω
1047 1837 1224 1916 τείχεα
1255 1835 1562 1916 παρθενίης,

411 1931 476 1987 οὗ
505 1931 550 1986 δ’
579 1925 656 1986 ἔτι
685 1950 752 2003 με
777 1925 1059 2006 σχήσουσιν
1090 1924 1346 1993 ἐπάλξιες.
1373 1923 1478 1984 Ἢν
1503 1922 1558 1982 δὲ
1579 1919 1830 2000 τυχήσω,

497 2015 777 2092 στέμματα
802 2014 884 2074 σοὶ
909 2012 1110 2086 πλέξω,
1135 2011 1313 2092 Κύπρι
1332 2009 1693 2091 τροπαιοφόρε.

891 2216 1025 2266 295.
1073 2205 1479 2266 ΛΕΟΝΤΙΟΥ.

417 2376 580 2434 Ψαῢε
610 2371 966 2453 μελισταγέων
991 2372 1294 2448 στομάτων,
1325 2370 1512 2436 δέπας·
1542 2361 1712 2447 εὗρες,
1745 2367 1972 2444 ἅμελγε·

497 2468 554 2522 οὐ
583 2464 808 2544 φθονέω,
837 2461 933 2535 τὴν
959 2461 1054 2533 σὴν
1085 2459 1134 2519 δ’
1153 2460 1340 2533 -ἤθελον
1367 2451 1520 2519 αἶσαν
1549 2456 1706 2536 ἔχειν.

799 2669 932 2720 296.
963 2657 1298 2718 ΑΓΑΘΙΟΥ
1351 2656 1570 2716 ΣΧΟΛ.

415 2831 594 2903 Ἐξότε
621 2831 902 2912 τηλεφίλου
925 2828 1341 2908 πλαταγήματος
1369 2825 1537 2905 ἠχέτα
1565 2822 1760 2905 βόμὸος

495 2920 724 3000 γαστέρα
755 2918 994 2996 μαντῴου
1025 2916 1230 2995 μάξατο
1251 2912 1550 2985 κισσυὸίου,

415 3011 575 3087 ἔγνων
601 3013 672 3075 ὣς
700 3008 888 3089 φιλέεις
918 3030 983 3085 με
999 3005 1096 3063 ’τὸ
1120 3007 1163 3062 δ’
1189 3002 1400 3082 ἅτρεκὲς
1425 3000 1612 3061 αὐτίκα
1641 2999 1834 3067 πείσεις

499 3100 644 3168 εὐνῆς
675 3096 938 3175 ἡμετέρης
961 3093 1221 3171 πάννυχος
1249 3090 1542 3167 ἁπτομένη.

412 3183 588 3245 {roffi-6
616 3205 676 3241 σε
701 3181 801 3261 γὰρ
831 3180 979 3247 δείξει
1003 3178 1336 3251 παναληθέα·
1360 3177 1479 3243 τοὺς
1512 3177 1564 3237 δὲ
1597 3172 1853 3252 μεθυστὰς

483 3269 763 3349 καλλείψω
791 3268 1029 3345 λατάγων
1053 3268 1318 3345 παίγμασι
1341 3264 1702 3344 τερπομένους.

934 3466 1034 3516 297
1049 3502 1060 3517 .
1097 3468 1217 3512 ΤΟΥ
1252 3466 1460 3512 ΑΥΤΟΥ.

417 3631 637 3696 Ἠϊθέοις
665 3631 758 3687 οὐκ
783 3628 896 3686 ἔστι
921 3626 1068 3693 τόσος
1091 3626 1270 3697 πόνος,
1295 3622 1521 3689 ὁππόσος
1547 3626 1673 3697 ἡμῖν

493 3729 607 3785 ταῖς
631 3714 980 3795 ἃταλόψύχοις
1005 3713 1164 3794 ἔχραε
1195 3710 1518 3789 θηλυτέραις.

413 3809 535 3874 Τοῖς
565 3806 658 3882 μὲν
688 3806 792 3885 γὰρ
813 3802 1071 3883 παρέασιν
1095 3800 1365 3877 ὁμήλικες,
1389 3790 1464 3867 οἷς
1489 3798 1555 3857 τὰ
1583 3794 1839 3875 μερίμνης

495 3894 659 3968 ἄλγεα
689 3897 968 3969 μυθεῧνται
999 3889 1254 3972 φθέγματι
1284 3884 1554 3966 θαρσαλέῳ
1574 3929 1590 3956 ,

416 3980 632 4060 παίγνιά
658 3985 705 4038 τ’
735 3978 1054 4059 άμφιέπουσι
1082 3976 1383 4055 παρήγορα,
1407 3974 1495 4033 καὶ
1523 3972 1635 4031 κατ’
1667 3966 1850 4045 ἀγυιὰς

498 4072 524 4095 “
553 4068 833 4137 πλάζονται
855 4065 1117 4147 γραφίδων
1145 4062 1392 4143 χρώμασι
1419 4058 1754 4141 ρεμὸόμενοι·

413 4163 542 4235 ἡμῖν
573 4159 617 4216 δ’
642 4156 757 4216 οὐδὲ
785 4157 912 4237 φάος
939 4152 1172 4213 λεύσσειν
1202 4151 1377 4228 θέμις,
1402 4146 1538 4208 ἀλλὰ
1566 4144 1838 4225 μελάθροις

493 4244 854 4325 κρυπτόμεθα,
882 4246 1116 4321 ζοφεραῖς
1148 4237 1382 4320 φροντίσι
1411 4235 1714 4312 τηκόμεναι.

1547 205 2053 266 ANTHoLofiLE
2100 207 2501 268 PALA'rlNAE

2067 351 2135 396 Ac
2163 350 2297 397 ferox
2326 349 2509 399 famula
2523 388 2535 410 ,
2564 349 2747 400 foribus
2767 350 3037 401 constrictis
3054 350 3279 412 cubiculi,

2122 435 2316 498 ,iacebat
2338 450 2530 486 meraco
2546 437 2735 500 liquore
2758 441 2972 501 gravata.

2066 527 2289 575 Attamen
2308 539 2501 575 nonme
2518 529 2735 576 terruere
2763 547 2774 574 ι
2802 540 2913 576 nam
2938 526 3133 577 cardine
3148 527 3311 588 jauuae

2126 614 2350 664 manibus
2366 614 2907 678 strepitum-vitantibus
2922 616 3179 678 paululum
3197 614 3451 666 sublevato
3463 654 3477 673 ‚
3554 669 3565 680 ο

2065 705 2199 769 ignes
2217 705 2441 755 ardentes
2459 707 2507 769 (l
2511 707 2789 768 acernam)
2825 706 2922 755 mei
2946 705 3259 757 ventilatione
3275 705 3405 768 pallii

2126 793 2357 854 exstinxi;
2383 796 2433 843 et
2456 797 2713 858 penetrans
2738 793 2969 856 obliquus
2990 793 3039 843 in
3068 793 3351 844 cubiculum

2066 881 2321 932 custodem
2346 881 2666 932 dormientem
2684 881 2835 946 effugi
2848 920 2860 942 ,
2885 881 3107 944 clamque
3124 881 3235 931 lecti

2126 970 2330 1020 inferius
2350 971 2445 1020 sub
2470 969 2651 1020 institis
2676 973 2846 1020 ventre
2874 982 3071 1032 repens,

2063 1059 2403 1123 erigebam-me
2428 1057 2663 1122 paulatim
2687 1072 2787 1120 qua
2811 1057 3012 1122 pervius
3038 1060 3145 1108 erat
3172 1070 3371 1116 murus;

2124 1151 2175 1198 et
2200 1147 2397 1211 propior
2418 1147 2593 1211 puellae
2616 1146 2867 1210 aid-peetus
2892 1146 3104 1206 enitens,

2062 1249 2301 1287 mammas
2324 1235 2708 1300 prehendebam‚
2736 1237 2787 1284 et
2811 1233 3115 1284 luxuriabam
3133 1232 3182 1282 in
3208 1245 3310 1293 ore,

2124 1322 2470 1373 labium-virile
2486 1335 2693 1387 pascens
2718 1322 2831 1372 labii
2860 1319 3177 1371 mollitudine.

2062 1413 2177 1461 Erat
2203 1411 2373 1474 utique
2388 1410 2511 1460 mihi
2534 1409 2742 1473 spolium
2765 1409 3027 1473 pulchrum
3044 1421 3118 1469 os,
3141 1411 3193 1458 et
3210 1407 3399 1457 basium

2128 1499 2305 1564 pignus
2331 1499 2560 1549 nocturni
2585 1497 2823 1547 habebam
2842 1495 3137 1547 certaminis,

2062 1587 2290 1636 Nondum
2308 1589 2469 1637 autem
2497 1585 2674 1650 diripui
2701 1597 2829 1635 caras
2854 1583 3271 1648 propugnaculum
3294 1581 3623 1646 virginitatis,

2126 1675 2215 1725 sed
2236 1674 2398 1726 adbuc
2422 1673 2957 1738 proelium-repudiante
2983 1670 3226 1722 clauditur
3244 1670 3492 1720 dilatione.

2064 1765 2291 1813 Attamen
2314 1763 2355 1812 si
2378 1763 2503 1812 alius
2524 1775 2699 1826 pugnoe
2724 1761 2955 1811 inibimus
2975 1761 3219 1810 certamen
3236 1797 3249 1820 ,

2124 1864 2203 1900 uae
2229 1851 2327 1901 cito
2350 1851 2552 1900 vastabo
2576 1863 2743 1900 muros
2766 1848 3073 1912 virginitatis,
3324 1845 3493 1910 [cutus
3518 1857 3633 1904 ero,

2062 1953 2222 2002 neque
2257 1953 2339 1990 me
2367 1939 2574 2002 amplius
2599 1939 2833 1988 arcebunt
2856 1936 3169 1986 munimenta.
3208 1931 3259 1986 Si
3286 1937 3455 1984 autern
3480 1945 3629 1982 asse-

2129 2040 2329 2077 coronas
2350 2025 2439 2077 tibi
2464 2028 2672 2090 plectam
2684 2065 2697 2088 ‚
2726 2025 2873 2090 Cypri
2889 2026 3307 2088 tropaea-portans.

2634 2214 2740 2258 295.
2776 2208 3041 2257 LEONTII.

2062 2373 2224 2434 Tange
2246 2369 2477 2420 melliflua
2500 2382 2586 2418 ora
2600 2404 2612 2427 ,
2632 2367 2888 2430 poculum!
2909 2364 3155 2429 reperisti,
3184 2375 3305 2427 suge
3338 2377 3351 2406 ε

2124 2472 2220 2509 non
2238 2455 2459 2518 invidam
2489 2455 2577 2506 sed
2596 2455 2699 2519 ipse
2725 2457 2863 2504 tuam
2888 2453 3061 2503 vellem
3082 2455 3263 2502 sortem
3286 2449 3483 2499 babere.

2402 2683 2509 2728 296.
2531 2677 2823 2724 AGATHIAE
2856 2672 3271 2722 scnoLAsTlcl.

2062 2823 2135 2870 Ex
2152 2833 2251 2884 quo
2266 2819 2377 2868 vini
2396 2815 2755 2879 sicut-telephili
2772 2813 3053 2878 crepitantis
3068 2810 3307 2862 stridulus
3324 2808 3566 2870 strepitus

2122 2912 2343 2959 ventrem
2363 2905 2547 2957 fatidici
2570 2904 2731 2968 tetigit
2756 2902 2947 2967 poculi,
3340 2896 3601 2959 [suadebis
3616 2932 3632 2952 ‚

2062 2997 2176 3046 novi
2213 2999 2263 3045 te
2304 2994 2635 3044 esse-amicam
2677 2990 2811 3041 mihi.
2843 2989 2987 3048 Quod
3012 3002 3184 3039 verum
3216 2987 3279 3037 sit
3308 2986 3472 3035 statim
3506 2998 3634 3048 per-

2124 3083 2297 3133 cubilis
2320 3082 2471 3131 nostri
2497 3080 3055 3143 integrm-per-noctem
3082 3075 3342 3140 particeps

2061 3173 2121 3222 Id
2143 3174 2192 3222 te
2218 3171 2349 3221 enim
2372 3167 2663 3219 monstrabit
2700 3166 3150 3216 omnino-veracem.
3187 3164 3300 3213 lllos
3338 3164 3505 3212 autem
3542 3176 3636 3224 po·

2122 3263 2317 3313 mittam
2340 3257 2843 3311 laticum-cadentium
2872 3256 2986 3305 lusu
3001 3253 3395 3303 oblectantes-se.
3416 3250 3639 3314 [tatores

2614 3465 2721 3512 297.
2768 3470 3070 3513 mosol-211.

2059 3617 2331 3668 Juvenibus
2358 3628 2455 3665 non
2476 3616 2554 3665 est
2573 3615 2741 3662 tantus
2770 3612 2935 3660 ammi
2954 3608 3106 3669 labor,
3133 3608 3347 3669 quantus
3372 3604 3515 3653 nobis
3535 3643 3548 3662 ‚

2121 3704 2340 3755 delicatis
2364 3702 2650 3753 mulieribus
2665 3738 2678 3759 ‚
2707 3697 2894 3749 incidit.

2060 3795 2159 3846 Illis
2179 3795 2307 3845 enim
2327 3792 2505 3842 adsunt
2522 3788 2735 3851 aequales
2748 3825 2760 3848 ,
2788 3786 2967 3849 quibus
2993 3796 3126 3834 curae

2120 3882 2313 3932 dolores
2338 3882 2533 3929 narrant
2565 3876 2746 3927 fidente
2772 3874 2987 3925 oratione
3002 3910 3015 3932 ,

2058 3974 2111 4022 et
2134 3969 2320 4020 ludicra
2343 3968 2556 4017 tractant
2572 3962 2773 4013 solantia
2786 4001 2798 4022 ‚
2820 3963 2871 4011 et
2892 3974 2979 4023 per
3002 3958 3109 4007 vias
3162 4019 3167 4025 .

2120 4058 2423 4108 delectantur
2437 4053 2737 4117 picturarum
2757 4048 3001 4098 coloribus
3021 4048 3253 4109 vagantes
3285 4064 3297 4092 ε

2058 4147 2197 4198 nobis
2214 4158 2331 4195 vero
2356 4156 2417 4192 ne
2440 4142 2604 4191 lucem
2624 4138 2820 4201 quidem
2842 4136 3008 4186 videre
3024 4135 3099 4184 sas
3126 4136 3199 4182 est
3214 4172 3227 4193 ,
3244 4131 3334 4182 sed
3358 4128 3637 4179 in—aedibus

2119 4231 2437 4290 occultamur,
2458 4225 2679 4276 obscuris
2715 4220 3120 4273 sollicitudinibus
3144 4217 3630 4269 nos—consumentes.

417 4396 3613 4451 .--....---.---————--·————-—-—-—---—--

1009 4542 1104 4605 295
1115 4577 1128 4591 .
1165 4556 1386 4589 ιιοιιτη.

413 4690 572 4749 Tange
590 4684 712 4733 calix
733 4698 786 4732 os
815 4682 953 4731 dulce
980 4680 1088 4728 savo
1107 4678 1251 4742 magis
1277 4694 1290 4726 :
1318 4692 1379 4725 en
1407 4674 1518 4738 tibi,
1551 4688 1663 4737 suge
1690 4687 1703 4719 ι

483 4770 592 4818 Non
611 4766 828 4831 equidem
847 4763 1065 4816 invideo,
1090 4762 1192 4821 sed,
1212 4760 1338 4825 quod
1354 4776 1423 4821 es,
1451 4772 1550 4805 eme
1577 4754 1720 4802 velini

863 4918 973 4964 αρτ.
1016 4914 1250 4949 aaaron!
1280 4912 1530 4947 ons-roais.

415 5041 532 5094 Non
557 5038 676 5089 tanti
694 5040 920 5105 juvenum
943 5034 1164 5084 divexant
1183 5032 1324 5083 corda
1347 5028 1532 5078 labores

2124 4529 2232 4573 Heu
2249 4520 2415 4587 quanti
2444 4518 2636 4566 miseras
2660 4530 2745 4564 nos
2762 4512 2998 4561 muliebre
3018 4526 3181 4573 genus.

2058 4610 2177 4657 Sunt
2203 4604 2297 4653 illis
2322 4616 2524 4667 aequreva
2550 4596 2742 4657 cohors,
2778 4610 2977 4660 quorum
3002 4592 3145 4641 audet
3170 4591 3217 4639 in
3242 4606 3377 4639 aures

2124 4689 2298 4738 Libera
2326 4702 2417 4734 vox
2450 4698 2583 4732 curas
2604 4695 2865 4731 exonerare
2888 4693 3011 4735 suas;

2059 4776 2177 4823 Sunt
2201 4769 2317 4818 varii
2348 4768 2475 4816 lusus
2498 4782 2509 4814 :
2540 4772 2587 4812 et
2606 4776 2733 4813 nunc
2758 4776 2845 4825 per
2874 4756 3079 4823 compita
3100 4765 3307 4807 cursam.

2130 4856 2269 4902 Nunc
2294 4848 2479 4897 animos
2506 4845 2565 4893 ad
2583 4860 2633 4893 se
2651 4843 2777 4909 picta
2796 4840 2971 4891 tabella
3001 4848 3157 4887 vocat.

2064 4934 2211 4985 Nobis
2229 4948 2317 4981 nec
2346 4932 2496 4979 luoem
2523 4924 2591 4975 fas
2618 4938 2813 4973 cernere
2842 4940 2853 4971 ε
2878 4920 3129 4971 condimur
3159 4918 3285 4966 intra

2130 5016 2345 5067 Claustra
2368 5013 2551 5070 domus,
2584 5006 2713 5057 tabes
2737 5020 2822 5053 nos
2846 5003 2928 5053 ubi
2952 5018 3072 5051 coeca
3102 5009 3256 5049 vorat.
