3829 5747
1335 176 1406 234 IN
1452 176 1698 237 CAPUT
1741 179 1786 237 V
1830 178 2283 267 ANNOTATIO.

3287 195 3304 249 1
3320 193 3396 251 23

233 306 379 353 Pietas
415 302 484 351 al
495 306 563 353 la
591 306 856 353 cervice
891 306 1168 365 εαῃαηίιιν.
1203 306 1324 355 Vide
1365 311 1416 357 et
1446 322 1558 369 quae
1587 308 1755 371 collegi
1842 322 1889 373 p.
1922 316 1981 360 32
2009 325 2109 373 seq.
2142 313 2409 361 Meinelsius
2438 327 2483 377 p.
2520 322 2607 367 208
2634 316 2859 365 ἄπλουτον
2882 319 3040 375 πενίην
3062 319 3307 380 (quocum
3334 323 3393 371 0.

226 375 304 423 alia
327 372 384 421 ad
409 372 636 423 Philostr.
667 373 819 436 Epist.
861 378 938 433 08,
965 386 1012 436 p.
1059 378 1160 424 177.
1197 375 1333 425 Adde
1369 390 1445 440 ep.
1476 384 1586 427 300.
1627 398 1649 421 »ι
1689 382 1750 427 Β.

1841 380 2165 432 Schneiderus
2192 388 2440 447 comparat
2470 386 2693 449 ἀκτήμων
2715 387 2851 436 πενίκ
2870 386 3075 437 Theocr.
3106 392 3236 449 xvl,
3276 392 3390 451 33).

225 450 326 493 -4,
339 465 358 485 «ι
375 446 574 507 Ταρσῶν
588 444 650 493 de
659 443 868 507 pedibus
886 443 1069 506 accipio
1081 458 1193 493 eum
1214 447 1395 496 Grotio.
1417 448 1570 497 Pedes
1588 450 1752 497 autem
1842 452 2058 502 Piccolos
2072 460 2139 517 τῷ
2158 456 2359 517 πλούτῳ.
2383 455 2715 507 Mehlhornius
2739 457 2803 506 ad
2822 463 2992 507 Anat-r.
3018 473 3065 522 p.
3088 464 3174 511 170
3190 462 3229 509 ὼ
3247 463 3389 511 πλοῦ-

223 517 262 561 et
285 528 415 563 crura
447 514 610 563 aureis
649 512 852 563 armillis
881 515 930 561 et
955 514 1140 563 catellis
1177 529 1374 565 ornasse
1419 518 1648 567 mulieres
1673 532 1756 565 no·

222 590 324 631 tum.
349 586 498 633 ulae.
523 609 585 620 --
602 591 630 633 5
649 592 844 647 πενιχρῄ
865 585 1135 641 Beckerus3
1155 588 1346 647 πενιχρή
1373 586 1635 649 legebatur.
1659 591 1752 637 De-

221 654 312 702 inde
333 654 470 703 Plan.
497 656 621 714 κόμη
653 654 697 702 τ’
717 657 792 703 ἐπὶ
823 660 939 703 πᾶσι
965 657 1164 716 βραχεῖα
1182 692 1194 712 ,
1221 656 1491 705 Brunckius
1516 658 1592 706 ἐπὶ
1604 660 1749 708 ποσσὶ

219 728 386 787 βραχεῖα
403 763 416 785 ,
447 724 706 773 Jacohsius
729 727 832 787 περὶ
869 726 1013 773 ποσσί
1041 742 1090 773 τε
1118 726 1264 789 τρύχη
1282 763 1296 785 ,
1327 746 1350 767 «ι
1377 727 1536 789 pedes
1550 732 1750 791 pannis

218 794 444 853 involuti,
469 794 556 855 qui
580 798 896 857 opponuntur
919 801 976 857 τῇ
997 796 1272 857 χρυσοςόρῳ
1294 798 1508 859 cautem
1534 800 1747 861 σοὸαρῶν

217 871 396 924 ταρσῶν.
431 885 456 907 ›-
490 864 626 913 ldem
656 868 824 927 postea
849 868 952 925 περὶ
982 868 1126 913 ποσσὶ
1161 872 1360 929 παχεῖα,
1386 870 1640 919 conserens
1665 876 1748 918 Ar-

217 933 396 982 chilochi
425 948 625 983 versum
643 949 722 998 ap.
745 936 896 984 schol.
927 936 1172 998 Aristoph.
1204 940 1293 985 Av.
1331 943 1448 988 1619
1479 942 1618 1001 ιπερὶ
1639 958 1747 1003 σφυ-

217 1008 280 1067 ρὸν
299 1013 470 1067 παχεῖα
497 1010 672 1068 μισητὴ
699 1010 814 1067 γυνή
833 1046 846 1069 ,
875 1007 1040 1056 suidoe
1066 1008 1305 1071 glossam,
1337 1010 1566 1072 Μυσὰχνη
1599 1012 1744 1071 stop-07³2

213 1076 278 1121 καὶ
293 1081 481 1138 παχεῖα,
506 1080 557 1125 et
573 1078 874 1139 παχύκνημος
894 1077 1072 1138 Arist01
1089 1077 1139 1125 11.
1161 1078 1292 1127 Plut.
1322 1084 1431 1137 560,
1447 1081 1744 1140 παχυσκελὴς

215 1146 306 1193 Plut
345 1148 470 1194 Mor.
490 1160 540 1209 p.
577 1151 712 1206 1101,
746 1150 812 1207 F,
847 1146 910 1195 ad
939 1146 1211 1195 convicium
1242 1148 1412 1196 formai
1439 1148 1584 1198 dicta.
1620 1153 1740 1198 Pro-

215 1213 284 1261 bat
304 1215 502 1265 Meinek.
534 1216 596 1264 ad
624 1216 804 1265 Cratini
833 1217 889 1266 sr.
922 1216 1014 1263 inc.
1043 1219 1122 1275 78,
1150 1229 1206 1279 p.
1241 1221 1350 1275 203,
1389 1216 1476 1265 sed
1504 1220 1606 1281 περὶ
1642 1220 1739 1268 πό-

214 1285 299 1337 δις
321 1286 499 1347 requiri
525 1286 754 1334 observat
777 1286 978 1334 Hecker.
1007 1286 1103 1341 Qui
1131 1288 1262 1333 recte
1287 1284 1410 1335 vidit
1437 1289 1562 1348 παρὰ
1576 1288 1738 1350 ποσσί,

216 1354 316 1399 aitte
331 1353 490 1413 pedes
519 1354 538 1416 (
552 1356 682 1415 esse)
701 1390 714 1415 ‚
739 1356 1039 1415 {nimium-e,
1065 1356 1292 1416 instare,
1321 1360 1490 1419 aptum
1517 1370 1624 1405 esse
1659 1371 1737 1407 se-

213 1424 352 1483 quetui
381 1425 578 1483 versui3
606 1426 878 1489 corrigebat
901 1429 1068 1475 autem
1112 1431 1192 1474 νῦν
1219 1433 1415 1489 πενιχρῇ
1456 1429 1642 1490 ψαφαρή
1685 1445 1734 1476 τε

213 1494 342 1553 niun,
369 1495 498 1555 παρὰ
525 1494 674 1543 ποσσί
702 1494 763 1554 τ’,
791 1494 956 1555 ἀχρεῖοι
987 1494 1046 1557 (ο
1072 1495 1282 1557 stulta),
1317 1495 1492 1544 deinde
1521 1498 1738 1558 praetulit

213 1570 276 1612 νῦν
300 1572 488 1628 πενιχρῇ
530 1568 724 1627 ψαφαρῇ
766 1583 818 1613 τε
845 1566 996 1626 κόμην
1028 1568 1152 1628 παρὰ
1192 1569 1383 1623 ποσσὶν,
1415 1567 1604 1629 ἀχρεία,
1640 1571 1732 1616 etc.

213 1634 306 1684 1111111
326 1636 620 1685 librariusin
653 1636 804 1683 alium
821 1648 1018 1685 versum
1046 1635 1345 1684 aberravisse
1373 1636 1568 1684 videtur
1584 1640 1632 1685 et
1659 1650 1740 1685 ex-

213 1705 358 1755 cidisse
399 1704 673 1762 distichom
701 1718 816 1754 nam
847 1719 958 1767 quae
983 1718 1131 1753 versu
1163 1714 1190 1753 5
1216 1710 1547 1755 memorantur
1572 1706 1739 1756 brevia

211 1775 328 1823 nimis
352 1778 402 1824 et
439 1775 607 1825 tenuia
643 1788 752 1824 esse
793 1778 1022 1837 apparet,
1051 1775 1093 1823 si
1129 1776 1427 1835 clausulam,
1457 1781 1651 1824 ταῦτα
1676 1778 1736 1825 τὰ

211 1846 386 1904 τέρματα
399 1858 652 1907 compares
675 1857 788 1892 eum
816 1843 1140 1893 distichorum
1158 1858 1270 1905 quae
1289 1858 1382 1906 pm
1391 1844 1574 1894 cedunt
1601 1844 1736 1893 uber-

213 1916 308 1961 tate.
341 1912 680 1963 Boissonadins
728 1910 835 1961 haec
865 1912 1126 1975 scripserat
1152 1934 1162 1960 :
1187 1933 1210 1955 ιι
1243 1914 1474 1962 Vaticana
1491 1914 1736 1976 scriptura

211 1983 333 2031 variis
360 1983 452 2031 t'uit
487 1982 648 2030 modis
689 1984 902 2041 tentata,
942 1982 1028 2030 sed
1063 1981 1180 2030 nihil
1216 1981 1466 2031 inventurn
1508 1982 1642 2044 quod
1673 1983 1736 2031 sit

209 2051 328 2101 valde
349 2052 611 2114 probabile.
641 2054 810 2113 Neque
837 2064 982 2101 sensu
1013 2052 1207 2101 omnino
1226 2056 1360 2101 caret
1389 2067 1400 2095 ι
1429 2067 1568 2101 coma
1585 2066 1732 2115 squa-

209 2118 288 2167 lida
311 2124 357 2169 et
379 2134 548 2183 aspera
562 2121 695 2169 circa
713 2120 863 2183 pedes
881 2121 1082 2183 pendet,
1103 2134 1218 2183 quse
1241 2121 1352 2169 olim
1373 2122 1533 2170 mollis
1550 2160 1562 2181 ,
1577 2122 1732 2183 laevis,

211 2194 442 2255 unguentis
455 2190 674 2241 delibuta
699 2194 750 2240 et
775 2191 1076 2253 elegantibus
1101 2191 1309 2239 ccercita
1336 2191 1495 2250 vittis,
1517 2190 1734 2240 humeris

210 2268 248 2310 et
271 2262 404 2311 dorso
427 2262 636 2324 pendula
660 2261 968 2321 involitabat3
999 2274 1128 2309 nunc
1155 2259 1306 2322 pedes
1330 2261 1462 2323 ipsos
1488 2260 1729 2322 inelegan-

209 2334 272 2380 ter
293 2334 457 2396 tangit:
495 2333 563 2381 ita
597 2336 656 2381 ut
683 2332 966 2394 capillorum
999 2330 1282 2393 longitudo,
1313 2344 1424 2392 quae
1468 2330 1563 2380 suit
1595 2331 1733 2392 prius

213 2408 465 2451 ornamento
478 2441 492 2463 ,
521 2404 624 2466 jam
654 2402 718 2451 sit
743 2401 972 2451 dedecori
997 2404 1048 2451 et
1080 2400 1349 2451 sit-(litatem
1375 2403 1568 2463 augeat.
1599 2421 1622 2443 υ
1647 2428 1654 2437 -

261 2548 448 2594 XXVIII.
473 2546 672 2593 Lemma
710 2542 894 2607 duplex
917 2563 928 2591 :
949 2544 1012 2597 εἰς
1049 2543 1298 2605 μειράκιον.
1327 2542 1389 2590 Et
1422 2562 1434 2589 :
1463 2543 1528 2596 sie,
1560 2540 1730 2603 πόρνην

211 2618 449 2677 γηράσασαν
491 2618 570 2663 καὶ
609 2620 706 2669 τοῖς
748 2615 959 2676 ἐρασταῖς
1012 2612 1492 2661 ὑποκαταὸαίνουσαν.
1533 2611 1731 2659 Exoleto

211 2686 360 2735 melius
383 2685 629 2734 convenire
652 2696 804 2746 quam
829 2680 1276 2744 meretricijudicat
1289 2681 1492 2729 Brunek.
1518 2684 1574 2730 ln
1593 2680 1725 2729 Plan.

213 2755 468 2817 eJigramma
484 2758 560 2803 est
583 2755 858 2801 ἀδέσποτον.
877 2777 937 2785 -
955 2758 998 2799 2.
1026 2769 1050 2792 ιι
1079 2750 1339 2811 Λειότερον.
1363 2752 1434 2797 De
1456 2762 1608 2812 puero
1633 2749 1726 2811 agi,

212 2836 258 2870 σι
281 2824 358 2872 boc
380 2824 642 2887 praesertim
670 2820 937 2881 vocabule,
967 2822 1017 2868 et
1044 2832 1100 2867 ex
1127 2818 1186 2867 iis
1209 2832 1324 2882 quae
1351 2832 1466 2867 mox
1503 2818 1564 2868 de
1591 2832 1730 2867 coma

212 2895 356 2944 abrasa
390 2895 623 2950 dicentur,
653 2891 904 2955 probabile
933 2891 1002 2939 tit.
1034 2893 1156 2938 Nam
1183 2893 1300 2946 >stoc
1331 2889 1394 2938 de
1417 2890 1583 2952 pueris
1612 2903 1728 2952 pro-

211 2965 367 3024 prium,
393 2978 599 3028 querum
635 2975 784 3026 genas
827 2961 1043 3010 nondum
1092 2960 1245 3009 barba
1283 2960 1558 3009 obumbrat.
1584 2989 1646 3018 -‚-
1677 2963 1722 3008 3.

214 3035 364 3096 [phebi
381 3048 552 3092 comas,
571 3047 697 3096 quas
713 3032 852 3096 pueri
867 3031 1199 3091 nutriverant,
1219 3031 1424 3080 tondere
1441 3030 1674 3079 solebant.
1701 3050 1723 3073 ,ι

215 3107 307 3152 Jac.
332 3105 412 3161 Qui
431 3109 606 3168 praeter
621 3104 716 3152 alia
733 3102 916 3166 optime
941 3115 1054 3151 cum
1079 3099 1158 3150 his
1185 3104 1433 3161 comparat
1459 3101 1541 3150 illa
1563 3099 1721 3150 Theo-

215 3177 317 3234 witi,
335 3177 455 3238 ldyfl.
483 3179 546 3236 V,
575 3181 638 3226 90
659 3195 673 3224 ι

313 3301 415 3360 iii-,ps
434 3301 522 3361 γὰρ
543 3301 570 3346 ὁ
597 3297 823 3360 Κρατίὸοις
846 3297 924 3345 τὸν
949 3296 1148 3358 ποιμένα
1168 3298 1321 3349 λεῖος
1349 3297 1616 3343 ὑπαντῶν

312 3371 496 3432 ἐκμαίνει
510 3387 523 3398 ·
545 3370 720 3430 λιπαρὰ
741 3368 792 3416 δὲ
805 3365 912 3430 παρ’
929 3367 1104 3428 αὐχένα
1123 3366 1258 3414 σείετ“
1280 3365 1443 3428 ἔθειρα.

219 3500 314 3541 -5.
343 3494 571 3552 Μετὲωρε,
612 3491 741 3540 conf.
772 3503 849 3552 ep.
873 3493 926 3538 21
933 3526 952 3550 ‚
980 3497 1024 3538 5.
1050 3515 1110 3523 —
1128 3495 1172 3538 6.
1209 3507 1232 3528 «t
1265 3485 1444 3542 Eadem
1473 3486 1610 3549 ῥόδου
1640 3487 1720 3534 καὶ

221 3564 328 3620 βάτου
346 3563 570 3626 oppositio
595 3561 807 3611 habetur
833 3562 913 3621 XI,
934 3572 1008 3622 ep.
1032 3562 1108 3607 53.
1133 3577 1156 3600 ‘³
1182 3561 1237 3606 Β.

267 3706 392 3754 ΗΠ.
421 3706 530 3754 sine
556 3702 750 3752 nomine
775 3705 933 3764 poetae
959 3713 1038 3762 ap.
1061 3697 1256 3746 suidam
1278 3711 1325 3744 v.
1351 3699 1516 3752 Βινεῐν,
1535 3697 1587 3744 τὸ
1606 3713 1718 3744 συν-

221 3777 413 3825 ουσιάζειν.
443 3793 466 3815 κ
497 3773 570 3822 Ad
587 3775 696 3834 αἰτῇ
719 3771 881 3820 forsan
901 3767 1288 3818 subaudiendum
1313 3777 1574 3827 pronomen
1589 3803 1601 3824 ,
1621 3778 1717 3813 non

223 3843 390 3905 illepide,
409 3849 454 3893 et
472 3843 576 3892 sine
604 3843 780 3891 lacuna
813 3861 824 3889 ;
854 3838 1058 3896 Quando
1084 3838 1176 3888 ille
1197 3836 1274 3886 vel
1300 3837 1394 3885 illa
1415 3835 1571 3898 poscit
1599 3849 1712 3884 aera.

225 3915 262 3960 lit
283 3915 386 3962 suini
409 3916 565 3976 potest
590 3913 738 3962 etiam
767 3910 830 3959 ab
859 3911 1071 3968 αἰτέομαι
1104 3929 1115 3956 :
1144 3907 1350 3964 Quando
1379 3905 1564 3966 flagitas
1595 3918 1712 3954 asra.

225 3985 400 4034 011111101-
431 3984 788 4034 meretriculam
831 3979 1108 4042 alloquitur.
1157 3977 1236 4026 Sic
1270 3979 1324 4034 ἢν
1362 3977 1401 4023 δ’
1438 3977 1566 4035 αἰτῇς
1601 3988 1716 4022 mox

226 4067 278 4115 ep.
300 4061 361 4104 32.
395 4078 416 4098 n
447 4061 636 4105 B.-—2.
660 4052 884 4103 Catullus
915 4051 1074 4110 XCIX,
1101 4053 1154 4098 13
1188 4069 1199 4095 :
1239 4044 1548 4096 Suaee‘olum
1575 4047 1711 4094 tristi

227 4127 376 4174 tristius
397 4126 672 4175 hetteborn.

267 4266 374 4313 XXX.
403 4269 589 4314 Lemma
610 4285 621 4312 ι
643 4265 714 4312 ὅτι
741 4263 906 4320 πόρναι
931 4261 1008 4307 τὸν
1029 4260 1198 4320 χρυσὸν
1225 4258 1395 4316 μᾶλλον
1421 4257 1451 4312 ἢ
1477 4257 1579 4309 τοὺς
1607 4256 1710 4315 ἐρα-

227 4335 307 4384 σιὰ.
327 4337 602 4392 ἀπάξοντας.
625 4355 648 4374 ιι
667 4331 862 4381 Gallicis
879 4329 1103 4380 versibus
1121 4325 1330 4375 reddidit
1343 4327 1716 4386 Longopetraeus

227 4403 450 4454 adTlieocr.
467 4421 512 4468 p.
531 4409 640 4455 445.
662 4405 789 4452 Sunt
805 4413 918 4463 quae
949 4398 1128 4448 saciant
1143 4396 1207 4445 ad
1232 4393 1588 4458 epigrammatis
1602 4405 1713 4441 sen-

227 4474 378 4524 tentiam
399 4477 444 4525 in
459 4475 660 4537 Duporti
679 4471 989 4532 Gnomologia
1006 4481 1054 4530 p.
1078 4471 1185 4516 274.
1211 4487 1235 4508 υ
1261 4471 1315 4514 Β.
1340 4492 1401 4501 --
1418 4471 1445 4513 2
1466 4463 1714 4525 μαιωνίδας

226 4545 422 4595 coa-:3
440 4547 506 4595 sic
535 4546 690 4600 Plau.·,
710 4545 854 4604 φέρεις
882 4539 1000 4589 cod.
1030 4539 1256 4600 Χάραγμα
1273 4575 1287 4598 ,
1311 4536 1343 4584 ἰ.
1366 4549 1408 4584 e.
1430 4537 1483 4582 τὸ
1522 4549 1717 4610 nexura-

224 4617 366 4676 τμένη,
387 4619 618 4665 monetam
633 4652 645 4675 ,
667 4623 861 4662 numos,
880 4607 1183 4659 Conferenda
1201 4621 1314 4655 cum
1339 4604 1416 4653 liis
1446 4601 1715 4680 Tibulliana

227 4688 270 4741 ll,
286 4687 334 4734 el.
347 4693 388 4744 4,
402 4693 456 4738 29
471 4699 623 4748 seqq,
644 4696 756 4745 quoe
771 4684 874 4730 lac.
897 4680 1028 4731 citat.
1045 4703 1108 4714 ——
1122 4686 1150 4726 5
1166 4681 1192 4726 ὁ
1219 4677 1433 4738 Κὲρὸερος
1447 4709 1460 4734 ,
1483 4673 1648 4734 repete
1668 4687 1714 4718 εν

225 4757 415 4814 twinam
444 4757 630 4804 δέδεται.
660 4779 722 4788 -
748 4760 776 4801 6
802 4754 846 4800 οἱ
868 4750 1068 4798 πλούτου
1105 4748 1259 4804 Plan.;
1289 4749 1332 4793 οἱ
1369 4745 1557 4792 πλοῦτοι
1571 4777 1586 4799 ,
1621 4739 1716 4789 hac

225 4824 504 4874 terminatione
528 4839 556 4874 a
581 4825 854 4873 eoi-rectore
891 4820 941 4868 in
985 4835 1036 4867 ον
1073 4817 1148 4866 vel
1191 4834 1244 4865 ου
1283 4816 1498 4873 mutata,
1533 4809 1710 4860 Codex.

1838 537 1932 576 τος.
1972 522 2058 573 His
2082 524 2307 575 omnibus
2352 525 2644 588 probabilior
2674 526 2959 577 Jacohsiana
2986 529 3294 579 emendatio:
3328 531 3395 579 οὐ

1837 591 2054 651 πλοῦτον,
2080 596 2237 651 πενίην
2260 596 2301 645 δ’
2322 594 2433 657 (hoc
2452 595 2513 644 de
2530 610 2624 645 suo
2636 595 2789 657 addit)
2810 600 2871 651 ὡς
2890 597 3087 647 ἀδικεῖτε
3102 636 3117 658 ,
3139 620 3163 642 «ι
3190 602 3391 662 qua-nia

1839 661 2044 723 injuria
2072 662 2285 727 afficitis
2310 680 2417 715 non
2442 668 2555 715 {am
2576 666 2792 716 divilias
2818 665 2957 727 (dum
2984 668 3160 717 divites
3185 668 3391 730 pecunia

1837 734 2122 796 emungitis)
2140 748 2301 798 quam
2320 740 2725 799 paupertatem,
2742 750 2890 798 quam
2914 738 2975 787 ab
3002 738 3139 788 aditu
3164 738 3386 801 prohibe·

1835 800 1912 849 tis.
1936 821 1958 843 »
1980 802 2172 859 Quibus
2190 804 2323 853 addit
2340 806 2491 854 BoisS.
2519 826 2530 855 :
2555 826 2576 847 «ι
2600 808 2705 854 Non
2720 809 2909 868 poterat
2925 808 3119 857 omnino
3138 810 3269 870 μόνοι
3301 810 3388 867 (sic

1836 871 1957 920 eod.
1980 875 2030 922 et
2062 873 2194 935 edd.)
2224 876 2431 935 servari,
2459 890 2615 937 quum
2639 878 2905 924 πλεονέκται
2942 877 3040 926 sint
3068 878 3249 940 nepveu..
3282 879 3387 925 Hor.

1833 940 1978 991 dicit:
2010 946 2051 992 Ο
2080 957 2239 994 ενοι-ιο
2266 948 2315 995 et
2341 946 2531 1009 cupidae
2560 946 2752 995 feminae
2770 984 2781 1005 ‚
2806 960 2900 995 non
2926 946 3147 1004 divitiaS,
3175 960 3387 1009 pauper-

1832 1014 1983 1061 tatem
2010 1016 2201 1064 tantum
2226 1019 2409 1076 quanta
2440 1016 2635 1065 allicitis
2668 1016 2869 1079 injuria!
2910 1016 2995 1065 Bis
3020 1016 3386 1079 intelligendum

1831 1082 2029 1132 ἀδικεῖτε
2070 1103 2080 1132 :
2114 1086 2168 1134 οὗ
2196 1087 2392 1134 πλοῦτον
2418 1087 2613 1135 ἀδικεῖτε
2641 1089 2701 1141 ὡς
2736 1088 2915 1155 πενίαν-
2931 1088 3131 1136 ἀδικεῖτε
3169 1087 3324 1150 μόνον.
3358 1107 3382 1130 ιι

1831 1152 2069 1202 Nimirum
2088 1155 2129 1203 δ’
2146 1153 2283 1204 haud
2300 1156 2617 1216 admittebat,
2636 1170 2734 1218 quo
2760 1166 2889 1218 aegre
2912 1169 3077 1205 careas
3100 1156 3147 1204 in
3174 1156 3385 1205 Jacobsii

1829 1222 2087 1283 scriptura.
2109 1223 2435 1274 Schneiderus
2451 1238 2647 1287 quoque
2666 1226 2803 1286 μόνον
2830 1224 3147 1275 desiderabat.
3163 1226 3385 1286 Denique

1828 1294 2051 1355 Ungerus
2074 1296 2326 1354 Beitra’qe
2347 1309 2393 1357 p.
2421 1300 2483 1345 36
2510 1315 2522 1343 ε
2544 1299 2586 1343 οἱ
2606 1295 2791 1355 πλούτῳ
2815 1296 2972 1352 πενίην
3000 1298 3063 1349 ὡς
3078 1296 3275 1344 ἀδικεῖτε
3296 1294 3386 1355 μό·

1827 1379 1914 1411 νοι.
1944 1362 2133 1420 Quibus
2158 1364 2489 1426 explicationis
2502 1364 2685 1425 aliquid
2702 1364 2943 1426 adjectum
2954 1364 3107 1413 velles
3123 1364 3183 1413 ab
3202 1365 3385 1426 optimo

1825 1432 1947 1481 viro.
1978 1437 2051 1481 An
2069 1432 2432 1496 intelligendum
2464 1454 2476 1482 :
2510 1433 2692 1483 divitiis
2718 1433 2780 1482 ad
2800 1432 3151 1482 sublevandam
3171 1446 3286 1495 paul·
3304 1446 3380 1482 er·

1825 1504 1979 1551 tatem
2010 1503 2217 1552 aliorum
2242 1504 2399 1566 natis,
2427 1506 2667 1566 quantum
2692 1516 2783 1554 vos
2810 1503 2901 1553 soli
2918 1503 3178 1553 abutimini
3214 1502 3277 1552 ad
3305 1502 3385 1551 dc·

1824 1571 2155 1635 primendam!

1883 1703 2041 1751 XXXI.
2078 1704 2275 1751 Lemma
2303 1722 2315 1749 :
2346 1702 2413 1750 ὅτι
2443 1702 2596 1757 πάσας
2633 1702 2715 1757 τὰς
2756 1703 2866 1757 ὔλας
2896 1704 2927 1758 ἡ
2962 1702 3102 1759 ἡδονὴ
3128 1700 3381 1756 ἀσπάζεται

1823 1773 1902 1819 καὶ
1925 1773 2064 1834 χωρὶς
2091 1778 2265 1834 χρυσοῦ
2287 1773 2445 1835 ἑταίρα
2462 1773 2549 1835 οὐχ
2572 1772 2827 1820 ἁλίσκεται.
2846 1789 2871 1813 α
2900 1770 3268 1833 Epigrammatis
3280 1772 3383 1819 ἰδέα

1823 1844 1937 1891 nata
1962 1840 2158 1890 videt-ur
2184 1854 2239 1889 ex
2267 1840 2481 1904 epitheto
2506 1840 2753 1889 homerico
2772 1840 2973 1889 Veneris
2990 1878 3002 1900 ,
3022 1840 3196 1903 χρυσέη
3211 1876 3225 1899 ,
3245 1838 3381 1901 quod

1823 1911 2042 1972 diverso,
2071 1926 2219 1974 quam
2245 1926 2275 1961 a
2301 1916 2442 1974 poeta
2462 1912 2555 1961 suit
2580 1911 2817 1973 positum,
2839 1923 2985 1959 sensu
3012 1911 3273 1971 acceptum
3301 1909 3375 1958 et·-

1825 1982 1938 2032 t'ecit
1962 1987 2019 2031 ut
2044 1982 2189 2032 etiam
2208 1981 2269 2032 de
2288 1985 2487 2045 ἀργυρέᾳ
2508 1985 2558 2031 et
2577 1984 2754 2043 χαλκέᾳ
2776 1984 2964 2031 Venere
2988 1980 3297 2043 cogitaretur.
3316 2006 3378 2014 —

1821 2058 1866 2103 3.
1897 2056 2112 2114 Χρυσοῦν
2146 2054 2289 2113 ἄνδρα
2317 2052 2378 2101 de
2414 2052 2537 2101 bene
2572 2054 2825 2100 nummato
2862 2051 3053 2113 accipe,
3081 2063 3239 2112 quum
3264 2047 3379 2097 alibi

1821 2123 1919 2173 sint
1951 2121 2074 2171 bene
2111 2122 2286 2171 morati
2306 2158 2319 2181 ,
2347 2122 2518 2183 quales
2557 2120 2755 2169 suerunt
2781 2120 2950 2169 saeculi
2977 2118 3112 2168 aurei
3137 2117 3373 2167 homiues.

1821 2220 1882 2229 --
1902 2201 1948 2243 5.
1974 2196 2156 2241 Sensus
2187 2212 2199 2241 :
2228 2192 2419 2242 Nestori
2444 2192 2614 2241 similis
2651 2190 2887 2241 hodierna
2910 2193 3078 2239 Venus
3095 2228 3108 2251 ,
3136 2203 3249 2251 quae
3276 2193 3377 2238 tres

1820 2264 1991 2311 oetates
2030 2265 2079 2310 et
2121 2260 2253 2323 ipsa,
2290 2275 2515 2322 auream,
2542 2264 2749 2311 ferream
2788 2264 3161 2325 argenteamque
3179 2300 3191 2319 ‚
3231 2260 3377 2309 simul

1821 2331 2170 2393 com1.lectitur.
2194 2358 2255 2367 -
2274 2340 2319 2381 6.
2340 2333 2531 2380 Danaes
2560 2331 2775 2380 fabulam
2794 2332 2844 2379 in
2862 2330 3071 2379 eundem
3088 2329 3287 2378 modum
3308 2330 3376 2379 in-

1818 2404 2148 2465 terpretantur
2172 2401 2401 2450 Horatius
2424 2403 2583 2451 carm.
2606 2404 2693 2459 111,
2714 2400 2795 2449 od.
2821 2405 2893 2458 16,
2914 2402 2964 2449 et
2982 2400 3185 2449 Ovidius
3212 2405 3372 2450 Amor.

1818 2475 1907 2532 111,
1934 2473 1997 2521 el.
2026 2478 2073 2533 8,
2090 2476 2168 2521 3ο.
2192 2492 2216 2515 u
2242 2474 2357 2521 Jac.
2379 2472 2516 2521 Cous.
2547 2485 2622 2534 ep.
2654 2476 2733 2533 33,
2760 2472 2973 2531 343xl1,
2999 2477 3104 2521 219.
3129 2474 3187 2521 Β.

1877 2617 2058 2664 XXXII.
2096 2614 2297 2663 Lemma
2328 2634 2340 2662 ι
2371 2615 2433 2669 εἷς
2456 2614 2695 2663 Μέὶισσαν
2721 2614 2804 2669 τήν
2828 2612 3024 2674 ἑταίραν.
3046 2609 3190 2659 Ludit
3206 2609 3256 2679 in
3282 2623 3371 2658 no-

1817 2685 1947 2734 mine
1972 2684 2160 2734 amicae.
2178 2710 2238 2718 —
2254 2688 2301 2733 4.
2332 2683 2456 2733 Vide
2481 2696 2557 2746 ep.
2588 2689 2665 2734 29.
3089 2685 3096 2692 ’

1877 2842 2083 2890 XXXIII.
2116 2838 2423 2902 Παρμενίονος
2466 2838 2586 2888 cod.
2620 2864 2681 2875 -—-
2718 2842 2738 2888 1
2781 2838 2862 2894 Et<
2897 2836 3031 2887 Plan.
3054 2861 3113 2871 -—
3140 2842 3189 2885 2:
3223 2854 3245 2878 (ε
3288 2837 3371 2894 Μὴ

1813 2914 1971 2974 τρέσῃ.
2006 2917 2091 2974 Ap.
2119 2911 2317 2960 Lucian.
2339 2913 2399 2959 D.
2422 2909 2553 2960 deor.
2590 2917 2617 2959 2
2649 2907 2965 2972 conqueritur
2989 2907 3211 2970 Juppiter
3236 2905 3371 2968 quod

1813 2983 2043 3032 mulieres
2080 2981 2335 3041 mortales,
2364 2993 2487 3042 quas
2524 2981 2681 3039 amat,
2709 2980 2789 3026 τὸν
2823 2978 2905 3039 μὲν
2936 2983 3100 3038 ταῦρον
3136 2979 3165 3034 ἢ
3197 2979 3366 3026 κύκνον

1815 3055 2042 3117 φιλοῦσιν,
2071 3052 2152 3113 ἐμὲ
2178 3051 2227 3098 δὲ
2252 3053 2308 3108 ἢν
2325 3051 2492 3111 ἴδωσι,
2512 3051 2721 3098 τεθνᾶσιν
2743 3049 2837 3097 ὑπὸ
2862 3052 2945 3096 τοῦ
2972 3049 3117 3102 δέους.
3143 3066 3165 3089 υ
3192 3049 3303 3096 lae.

1873 3194 2080 3243 XXXIV.
2117 3194 2315 3240 Lemma
2336 3210 2347 3240 :
2367 3195 2450 3240 τοῦ
2469 3190 2610 3240 αὐτοῦ
2630 3190 2806 3253 ὅμοιον.
2818 3215 2881 3226 -
2896 3193 2936 3238 1.
2953 3189 3142 3251 Χρυσοῦ
3155 3224 3168 3247 ,
3186 3187 3370 3237 scilicet

1810 3265 1926 3328 εἶχε.

1869 3408 2048 3456 XXXV.
2085 3409 2283 3455 Lemma
2310 3425 2321 3454 :
2352 3407 2415 3461 εἰς
2438 3403 2634 3467 πόρνοις,
2656 3403 2965 3464 ἀναίσχυντον
2981 3402 3060 3449 καὶ
3085 3401 3260 3462 σαπρὸν
3287 3401 3371 3447 καὶ

1807 3478 1914 3526 ὅλον
1944 3479 2083 3538 γέμον
2114 3476 2364 3525 ἀναίδειαν.
2386 3494 2409 3518 «ι
2439 3475 2779 3524 Recentiorum
2798 3476 2873 3522 est
2892 3473 2973 3521 illa
2992 3471 3210 3534 syntaxis
3231 3469 3365 3519 verbi

1806 3549 1979 3610 γέμειν.
2003 3545 2266 3609 Georgides
2305 3545 2443 3595 initio
2486 3543 2785 3606 Gnomologii
2826 3556 2856 3591 a
2896 3555 2974 3590 me
3008 3540 3126 3590 editi
3156 3560 3167 3588 ι
3194 3546 3365 3599 γνῶσιν

1806 3619 1965 3680 γέμον.
2005 3617 2145 3666 conf.
2177 3615 2355 3665 lemma
2385 3619 2497 3673 116,
2534 3621 2639 3662 255.
2674 3633 2696 3654 υ
2734 3616 2789 3661 Β.
2820 3610 2996 3659 Similis
3026 3611 3088 3660 de
3129 3621 3364 3672 pigarum

1804 3687 2085 3752 praestantia
2106 3685 2381 3735 certaminis
2406 3684 2696 3734 mentionem
2722 3683 2938 3731 fecerunt
2966 3681 3226 3730 Athenaeus
3248 3681 3331 3728 xl!
3347 3715 3361 3736 ,

1805 3771 1853 3820 p.
1885 3761 1994 3815 554,
2016 3759 2071 3816 Ο,
2092 3757 2144 3804 et
2162 3753 2418 3816 Alciphron
2439 3759 2477 3812 l,
2498 3767 2573 3816 ep.
2600 3758 2675 3801 39.
2697 3756 2815 3801 Jac.
2836 3749 2911 3799 Ad
2933 3748 3211 3800 Choricium
3231 3763 3277 3810 p.
3299 3751 3359 3796 44

1804 3825 1914 3874 baec
1941 3826 2104 3872 narrat
2131 3822 2479 3872 Boissonadius
2508 3842 2518 3870 :
2544 3841 2567 3862 «
2591 3823 2695 3869 Hoc
2722 3820 3015 3882 epigramma
3048 3817 3231 3866 Gallico
3258 3829 3363 3874 ser·

1805 3909 1947 3944 mone
1973 3907 2265 3944 conversum
2286 3892 2379 3941 suit
2405 3906 2433 3940 a
2462 3891 2703 3951 Larchero
2731 3891 2794 3940 ad
2822 3890 3130 3940 Charitonem
3156 3902 3203 3950 p.
3239 3893 3357 3945 1533

1803 3966 1948 4027 cuius
1966 3963 2244 4028 petulantiae
2269 3975 2423 4023 quum
2452 3961 2610 4010 serius
2635 3960 2873 4023 optimum
2900 3959 3061 4007 tirum
3086 3959 3357 4018 preniteret,

1803 4037 1961 4085 noluit
1986 4039 2151 4084 notam
2184 4033 2331 4096 paulo
2372 4031 2720 4093 proterviorem
2754 4030 2805 4078 in
2843 4031 2993 4079 altera
3031 4027 3243 4076 editione
3280 4041 3359 4075 re-

1803 4107 1929 4169 peti,
1958 4118 2071 4167 quae
2120 4105 2285 4152 lucem
2319 4101 2442 4151 vidit
2478 4115 2607 4150 anno
2646 4105 2781 4159 1797,
2811 4102 2862 4149 et
2894 4099 3089 4160 scripsit
3128 4096 3357 4157 misitque

1802 4174 2223 4225 commentationis
2266 4171 2450 4233 aliquid
2496 4185 2653 4220 novoe.
2714 4169 2809 4220 Sed
2849 4168 2935 4230 qui
2975 4168 3106 4216 illam
3156 4167 3359 4215 curabat

1803 4247 1997 4296 Chai-(lo
2020 4243 2337 4302 RochettiuS,
2360 4243 2505 4289 homo
2527 4241 2761 4289 librorum
2792 4239 2853 4288 ab
2883 4237 3013 4286 omni
3040 4235 3357 4285 obscwnitate

1802 4321 2171 4382 expurgatorum
2192 4329 2320 4372 osor,
2346 4312 2581 4375 pudorem
2595 4310 2861 4360 senet-ionis
2892 4308 2998 4356 risit
3024 4305 3357 4356 meticulosio-

1803 4391 1870 4438 ris
1887 4429 1899 4450 ‚
1930 4394 1980 4440 et
2008 4386 2323 4451 posteriorem
2340 4386 2467 4431 notae
2496 4381 2824 4431 recensionem
2844 4417 2856 4437 ,
2891 4391 3037 4440 quam
3064 4377 3188 4425 dixit
3220 4375 3279 4424 ad
3300 4389 3356 4425 so

1803 4461 2013 4510 delatam
2047 4456 2206 4505 serius
2227 4492 2239 4512 ,
2264 4452 2515 4516 appendici
2552 4451 2789 4510 inseruit3
2817 4463 2917 4512 qua
2943 4447 3139 4510 quidem
3178 4459 3355 4508 appen-

1801 4531 1907 4581 dice
1926 4525 2217 4588 exemplaria
2238 4526 2403 4572 carent
2432 4521 2655 4584 plurima.
2689 4541 2711 4562 ιι
2734 4547 2793 4555 -
2824 4526 2840 4568 1
2878 4517 3011 4566 αὐταί
3050 4517 3349 4570 Branchum

1802 4601 1936 4650 αὗτιι
1972 4597 2090 4646 Cod.
2126 4623 2187 4635 -
2229 4599 2275 4641 3.
2312 4611 2333 4634 «ι
2366 4591 2491 4639 ilinc
2530 4589 2704 4638 Suidas
2742 4605 2754 4631 :
2789 4589 3079 4643 Γελοισίνοις,
3122 4590 3354 4647 γραμμαῖς

1801 4678 1899 4725 rai:
1945 4671 1997 4716 ἐκ
2029 4673 2111 4716 τοῦ
2161 4668 2296 4727 γελᾷν
2331 4663 2605 4722 γινομέναις.
2654 4662 2803 4708 Erant
2845 4659 2939 4706 illae
2984 4655 3207 4715 sossulae,
3257 4667 3353 4702 nen

1801 4743 1852 4790 in
1875 4738 2033 4801 geniS,
2054 4736 2207 4786 sedin
2224 4732 2435 4782 natibuS.
2461 4751 2483 4774 υ
2512 4733 2575 4780 B.
2596 4731 2736 4778 Cont'.
2757 4725 3166 4778 Pseudo-Lucian.
3189 4731 3350 4774 Amor.

1803 4826 1844 4860 c.
1877 4797 1946 4858 14'.
1964 4835 2025 4844 -
2042 4812 2067 4856 4
2092 4807 2161 4855 sic
2189 4801 2480 4859 Salmasiu83
2507 4802 2648 4856 λευκὴ
2671 4803 2721 4848 et
2746 4799 2932 4860 εὐαφίην
2961 4797 3081 4845 eod.
3098 4799 3145 4844 et
3162 4793 3349 4843 Suidas.

229 4891 324 4939 ltine
355 4895 574 4944 lleckerus
609 4897 654 4942 ot
693 4893 910 4949 πλοῦτοι,
945 4888 1080 4950 quod
1116 4901 1203 4949 pro
1238 4890 1282 4935 ct
1313 4887 1636 4941 πλουτοῦντες,
1668 4883 1714 4930 ot
1805 4907 1866 4914 -
1885 4886 1929 4926 5.
1958 4899 1978 4919 ·‹
2011 4879 2247 4926 Rosarum
2274 4885 2391 4952 cum·
2412 4870 2523 4919 nive
2550 4869 2828 4949 conjunctio
2853 4867 3036 4952 passim
3060 4862 3349 4950 occurrit-in

232 4959 400 5012 τιλούσιοι
432 4963 521 5012 dici
565 4962 805 5027 persuasit
835 4959 926 5010 sibi
966 4957 1194 5020 exemplis
1239 4955 1434 5004 minime
1477 4951 1712 5002 similibus
1806 4948 1962 4998 tlon-idi
1979 4947 2151 4996 celcris
2164 4945 2501 5004 descriptione.
2522 4943 2596 4988 Sic
2611 4941 3084 4999 Musae1v.5s:axpoe
3102 4937 3355 4998 δε·(ιο·.εων
