3829 5747
459 206 540 267 82
1559 202 2061 263 ANTHOLOGIAE
2105 202 2503 264 PALATINAE

689 344 818 395 127.
865 335 1180 395 ΜΑΡΚΟΥ
1224 334 1773 393 Apri-:Numen

459 466 722 547 Παρθένον
741 466 1032 535 Ἀλκίππην
1057 464 1260 545 ἐφίλουν
1286 464 1448 542 μέγα,
1471 463 1564 523 καί
1586 488 1712 524 ποτε
1733 463 1919 531 πείσας

537 554 698 624 αὐτὴν
726 553 1000 631 λαθριδίως
1028 542 1167 629 εἶχον
1197 552 1284 607 ἐπὶ
1311 550 1504 627 κλισίῃ.
1641 610 1650 619 ,

455 640 783 720 Ἀμφοτέρων
813 639 869 697 δὲ
900 639 1103 717 στέρνον
1129 640 1409 707 ἐπάλλετο,
1439 638 1512 713 μή
1538 660 1613 704 τις
1642 636 1829 715 ἐπέλθῃ
1846 680 1862 709 ,

535 730 608 806 μή
631 751 706 793 τις
731 727 815 803 ἴδῃ
835 726 900 784 τὰ
933 726 1104 785 πόθων
1129 726 1334 804 κρυπτὰ
1351 723 1754 805 περισσοτέρων.

457 820 676 896 Μητέρα
708 817 751 873 δ’
781 818 875 875 οὖκ
906 813 1082 873 ἔλαθεν
1111 816 1140 845 ²*
1161 815 1332 884 κείνης
1351 814 1538 872 λάλον·
1561 814 1678 871 ἀλλ’
1707 812 1947 871 ἐσιδοῦσα

533 904 798 977 ἐξαπίνης,
825 930 850 957 ι
873 902 1074 981 Ἑρμῆς
1103 902 1266 967 κοινός
1297 928 1350 972 ι,
1380 899 1478 978 ἔφη
1495 943 1512 971 ,
1534 928 1560 951 ι
1587 900 1806 976 θύγατερ
1827 924 1874 957 ¹».

965 1038 1084 1088 128.
1123 1039 1240 1085 ΤΟΥ
1275 1040 1487 1086 ΑΥΤΟΥ.

456 1158 654 1237 Στέρνα
682 1155 804 1235 περὶ
831 1154 1057 1235 στέρνοις
1073 1200 1088 1226 ,
1121 1158 1307 1232 μαστῷ
1326 1153 1379 1213 δ’
1413 1152 1500 1212 ἐπὶ
1537 1152 1733 1230 μαστὸν
1759 1150 1957 1231 ἐρείσας
1978 1194 1996 1225 ,

533 1244 712 1325 χείλεά
733 1267 792 1303 τε
820 1245 1084 1322 γλυκεροῖς
1111 1242 1310 1321 χείλεσι
1337 1241 1630 1317 συμπιέσας

454 1333 770 1408 Ἀντιγόνης,
799 1330 892 1390 καὶ
917 1334 1099 1411 χρῶτα
1128 1328 1307 1388 λαὸὼν
1347 1329 1476 1408 πρὸς
1499 1333 1710 1409 χρῶτα,
1738 1327 1805 1387 τὰ
1841 1328 1998 1387 λοιπὶ

534 1426 691 1499 σιγῶ,
722 1420 921 1499 μάρτυς
949 1420 1030 1499 ἐφ’
1055 1410 1128 1485 οἷς
1151 1418 1334 1499 λύχνος
1363 1419 1700 1497 ἐπεγράφετο.

817 1570 944 1620 129.
988 1559 1634 1620 ΑΥΤΟΜΕΔΟΝΤΟΣ.

452 1692 564 1763 Τὴν
595 1692 699 1751 ἀπὸ
723 1696 813 1762 τῆς
837 1692 1009 1763 Ἀσίης
1035 1688 1355 1769 ὀρχηστρίδα
1373 1734 1391 1761 ,
1421 1690 1517 1761 τὴν
1545 1688 1877 1766 κακοτέχνοις

534 1780 800 1860 σχήμασιν
827 1779 879 1847 ἐξ
905 1781 1120 1839 ἁπαλῶν
1153 1776 1431 1853 κινυμένην
1453 1774 1680 1853 ὀνύχων,

456 1868 612 1926 αἰνέω
627 1912 643 1939 ,
662 1868 761 1946 οὐχ
784 1866 864 1925 ὅτι
888 1866 1063 1925 πάντα
1092 1864 1432 1933 παθαίνεται,
1460 1863 1566 1919 οὐδ’
1587 1858 1667 1918 ὅτι
1697 1860 1879 1939 βάλλει

533 1954 624 2019 τὰς
651 1952 855 2019 ἁπαλὰς
887 1953 1102 2017 ἁπαλῶς
1129 1942 1229 2009 ὧδε
1257 1950 1348 2007 καὶ
1373 1940 1474 2007 ὧδε
1500 1945 1683 2027 χέρας·

455 2043 571 2099 ἁλλ’
592 2040 672 2098 ὅτι
693 2039 781 2097 καὶ
808 2039 1052 2118 τρίΰακον
1079 2039 1198 2117 περὶ
1236 2036 1507 2095 πάσσαλον
1532 2035 1856 2114 ὀρχήσασθαι

533 2117 663 2197 οἶδε,
694 2127 782 2184 καὶ
808 2128 867 2183 οὗ
897 2126 1072 2203 φεύγει
1091 2123 1352 2203 γηραλὲας
1376 2122 1601 2203 ῥυτίδας.

454 2215 500 2273 Γ
501 2215 762 2285 λωττίζει,
783 2213 968 2284 κνίζει,
987 2211 1392 2291 περιλαμὸάνει·
1415 2209 1478 2280 ἢν
1499 2209 1543 2267 δ’
1572 2208 1786 2287 ἐπιρίψῃ

534 2302 594 2358 τὸ
623 2298 806 2365 σκέλος
824 2346 840 2377 ‚
871 2298 922 2365 ἐξ
953 2300 1077 2377 ᾅδου
1105 2298 1201 2369 τὴν
1237 2297 1454 2377 κορύνην
1483 2296 1682 2373 ἀνάγει.

961 2440 1096 2490 130.
1141 2430 1491 2490 ΜΑΙΚΙΟΥ.

452 2564 524 2623 Τί
546 2562 772 2640 στυγνῆς
794 2563 845 2620 τί
869 2564 924 2621 δὲ
951 2568 1116 2621 ταῦτα
1145 2562 1312 2637 κόμης
1343 2562 1514 2620 εἰκαῖα
1531 2604 1548 2633 ,
1575 2559 1796 2620 Φιλαινὶ
1814 2602 1832 2634 ,

533 2649 848 2728 σκύλματα,
881 2650 969 2709 καὶ
1004 2655 1223 2729 νοτερῶν
1260 2648 1508 2730 σύγχυσις
1533 2646 1839 2725 ὀμματίων;

451 2739 528 2813 μὴ
557 2740 642 2797 τὸν
667 2738 889 2818 ἐραστὴν
919 2729 1048 2803 εἶδες
1066 2736 1233 2817 ἔχονθ’
1267 2738 1579 2798 ὖποκόλπιον
1605 2735 1799 2810 ἄλλην;

529 2826 674 2887 εἰπὸν
704 2826 846 2905 ἐμοί·
876 2826 1044 2899 λύπης
1071 2826 1307 2908 φάρμακ’
1333 2825 1676 2901 ἐπιστάμεθα.

449 2915 736 2995 Δακρύεις,
761 2919 818 2972 οὗ
843 2914 943 2994 φὴς
979 2913 1038 2972 δέ
1060 2938 1072 2951 ·
1105 2914 1278 2990 μάτην
1307 2915 1528 2994 ἀρνεῖσθ’
1557 2912 1846 2990 ἐπιὸάλλῃ·

529 3002 787 3082 ὀφθαλμοὶ
816 3000 1060 3079 γλώσσης
1088 3000 1512 3081 ἀξιοπιστότεροι.

897 3142 1031 3193 131.
1075 3132 1545 3192 ΦΙΛΟΔΗΜΟΥ.

451 3272 686 3352 Ψαλμὸς
702 3318 719 3347 ‚
745 3274 836 3332 καὶ
863 3271 1018 3344 λαλιὴ
1038 3315 1055 3346 ‚
1090 3270 1180 3329 καὶ
1215 3270 1431 3328 κωτίλον
1453 3269 1604 3346 ὄμμα
1623 3313 1642 3345 ‚
1666 3268 1754 3326 καὶ
1779 3265 1889 3348 ᾠδὴ

529 3361 875 3432 Ξανθίππης,
900 3360 991 3417 καὶ
1027 3363 1132 3438 πῦρ
1155 3358 1273 3437 ἄρτι
1301 3359 1716 3438 καταρχόμενον,
1830 3419 1844 3427 η

441 3439 494 3508 J,
521 3448 700 3530 ψυχὴ,
731 3447 902 3528 φλέξει
927 3466 1012 3505 σε·
1047 3447 1108 3503 τὸ
1130 3445 1178 3503 δ’
1207 3446 1266 3503 ἐκ
1295 3442 1464 3518 τίνος,
1487 3444 1522 3514 ἢ
1550 3442 1706 3516 πότε,
1729 3440 1819 3499 καὶ
1849 3444 1991 3513 πῶς,

529 3539 622 3595 οὐκ
645 3527 790 3594 οἶδα·
813 3535 990 3611 γνώσῃ
1005 3578 1023 3606 ,
1046 3534 1268 3612 δύσμορε
1283 3579 1298 3604 ,
1319 3531 1599 3613 τυφομένη.

959 3671 1075 3721 182.
1119 3672 1236 3718 ΤΟΥ
1271 3670 1484 3716 ΑΥΤΟΥ.

445 3801 520 3862 Ὦ
551 3803 729 3871 ποδὸς,
754 3797 798 3858 ὦ
821 3799 1050 3876 κνήμης,
1073 3795 1117 3856 ὣ
1144 3801 1246 3856 τῶν
1275 3797 1522 3857 ἀπόλωλα
1541 3793 1750 3860 δικαίως

887 4033 1003 4076 127.
1041 4031 1194 4063 nauci
1227 4027 1550 4061 ARGENTARH.

447 4145 654 4208 Virginis
671 4142 892 4209 Alcippes
918 4143 1108 4191 insanus
1125 4155 1304 4194 amore,
1333 4146 1551 4204 precatus

513 4227 687 4287 Multa,
706 4226 801 4275 tori
819 4225 982 4274 furtim
1010 4233 1146 4290 pane
1172 4230 1389 4286 receptus
1415 4235 1565 4270 eram.

447 4312 621 4360 Nostra
637 4309 782 4359 duum
809 4309 996 4374 trepido
1017 4306 1249 4356 saliebant
1269 4313 1457 4370 pectora
1485 4311 1637 4362 motu,

513 4396 728 4441 Arcanus
753 4407 814 4440 ne
835 4407 932 4454 quo
965 4398 1084 4439 teste
1103 4396 1290 4454 pateret
1318 4403 1473 4436 amor.

445 4474 648 4524 Gari-ula
673 4480 826 4522 mater
841 4471 999 4532 adest,
1015 4470 1426 4535 inter-pellensque
1446 4468 1658 4533 jacentes
1681 4483 1691 4494 ·

512 4554 812 4615 Communis,
838 4553 976 4615 dixit,
1001 4553 1112 4608 faia.
1139 4551 1420 4600 Mercurius.

1065 4687 1173 4732 130.
1207 4699 1376 4732 macir.

443 4823 575 4886 Quid
599 4823 800 4870 moeres?
823 4829 902 4869 tua
935 4834 1020 4867 cur
1042 4817 1262 4882 lacrymis
1286 4814 1504 4873 confusa,
1529 4813 1745 4872 Philaeni,

516 4903 747 4954 Lumina?
770 4916 855 4950 cur
883 4900 1058 4950 laceras
1081 4897 1166 4947 has
1193 4911 1276 4960 ego
1297 4911 1442 4946 cerno
1469 4899 1662 4944 comas?

449 4989 554 5050 Dic,
579 4983 818 5050 gremione
837 4982 998 5031 roseus
1019 4980 1160 5028 aliam
1175 4978 1272 5027 -tibi
1301 4977 1424 5026 visus
1440 4985 1624 5026 amator

2480 364 2581 411 127.
2618 362 2813 413 MARCI
2846 364 3240 441 ARGENTARII.

2089 474 2330 537 Virginem
2358 474 2590 538 Alcippen
2610 474 2854 525 -amabam
2881 474 3050 535 valde;
3078 478 3131 525 et
3165 474 3424 537 aliquando
3457 490 3625 541 quum

2146 562 2418 612 clanculum
2448 576 2555 612 eam
2576 562 2725 612 habui
2756 563 2805 611 in
2832 563 2976 612 lecto.
3224 561 3633 627 [persuasissem.

2086 648 2349 699 Amborum
2373 652 2537 699 autem
2560 652 2733 713 pectus
2762 650 3052 713 palpitabat,
3072 664 3133 699 ne
3153 650 3265 715 quis
3290 650 3573 711 accederet,

2147 749 2209 785 ne
2234 736 2345 799 quis
2366 736 2555 786 videret
2579 734 2929 787 desideriorum
2955 740 3143 787 secreta
3170 738 3505 788 maximorum.

2085 824 2291 871 Matrem
2308 826 2473 873 tamen
2498 836 2595 872 non
2619 822 2801 872 latebat
2816 822 2933 872 lecti
2954 836 3130 882 sonus;
3162 823 3251 873 sed
3266 822 3507 883 ubi-vidit,

2149 910 2313 959 statim
2346 931 2357 959 :
2380 930 2404 952 «
2428 910 2713 961 Communis
2744 910 3015 961 Mercurius
3036 932 3059 954 υ
3080 949 3093 972 ,
3118 912 3303 973 inquit,
3332 930 3358 954 κ
3398 926 3431 959 o
3448 910 3568 961 fllia.
3610 933 3633 954 n

2628 1054 2732 1101 128.
2778 1060 3084 1103 mosmin-

2088 1174 2266 1222 Pectus
2288 1172 2351 1222 ad
2380 1177 2553 1236 pectus
2567 1213 2579 1234 ‚
2602 1186 2961 1236 mammemque
2978 1174 3043 1223 ad
3068 1188 3330 1224 mammam
3348 1174 3599 1239 applicans

2150 1260 2372 1323 labiaque
2388 1260 2617 1311 dulcibus
2640 1260 2780 1311 labiis
2802 1262 3077 1325 apprimens

2086 1352 2337 1414 Antigonae
2352 1390 2365 1411 ‚
2386 1354 2436 1401 et
2461 1363 2641 1413 corpus
2667 1350 2945 1413 contingens
2963 1346 3164 1413 corpore
3184 1363 3197 1393 ι
3218 1352 3381 1399 cetera

2146 1442 2286 1488 taceo
2301 1476 2313 1499 ‚
2339 1439 2479 1489 testis
2508 1438 2571 1488 ad
2595 1452 2709 1501 quie
2729 1438 2927 1487 lucerna
2944 1436 3310 1487 inscribebatur.

2543 1585 2644 1630 129.
2680 1578 3184 1628 AUTOMEDONTIS.

2086 1701 2344 1751 Asiaticam
2369 1700 2663 1750 saltatricem
2676 1738 2689 1761 ‚
2706 1699 3192 1750 nefarie-artificiosis

2151 1788 2319 1851 liguris
2340 1802 2402 1837 ex
2424 1789 2605 1838 teneris
2626 1790 2973 1838 moventem-se
3000 1786 3303 1851 unguiculis,

2085 1875 2233 1926 laudo
2246 1912 2259 1935 ,
2278 1888 2375 1924 non
2392 1874 2528 1939 quod
2543 1888 2712 1925 omnes
2736 1874 3214 1937 affectus-exprimat,
3232 1887 3322 1924 nec
3334 1874 3467 1937 quod
3484 1874 3633 1937 jactet

2148 1964 2317 2013 molles
2340 1962 2550 2013 molliter
2573 1961 2675 2013 huc
2696 1966 2747 2013 et
2772 1962 2889 2013 illuc
2916 1976 3121 2021 manus3

2088 2050 2175 2101 sed
2199 2050 2334 2114 quod
2359 2054 2409 2101 et
2442 2064 2711 2115 pannosum
2736 2050 2865 2101 circa
2894 2050 3091 2100 clavum
3112 2049 3287 2099 saltare

2148 2139 2309 2199 novit,
2333 2140 2383 2188 et
2404 2152 2501 2188 non
2526 2138 2651 2201 sugit
2664 2136 2839 2188 seniles
2854 2150 3019 2201 rugas.

2086 2225 2619 2290 Lingua-nectit-basia‚
2630 2225 2839 2285 vellicat,
2858 2224 3190 2287 amplectitur3
3210 2226 3249 2273 si
3263 2238 3380 2273 vero
3398 2226 3637 2288 appi-imai

2152 2314 2329 2375 femur,
2358 2328 2413 2363 ex
2438 2328 2552 2363 orco
2575 2314 2763 2363 clavam
2790 2312 2996 2363 reducit.

2684 2456 2788 2502 130.
2822 2452 3035 2502 MAECH.

2088 2594 2219 2652 Quid
2236 2594 2419 2643 afflicta
2444 2606 2497 2643 es
2548 2590 2671 2655 quid
2692 2590 2787 2641 sibl
2810 2590 2997 2641 volunt
3014 2602 3169 2639 comae
3184 2588 3265 2639 hae
3286 2590 3483 2639 inutiles
3498 2628 3512 2649 ,
3528 2589 3635 2638 Phi-

2148 2682 2490 2743 lacerationes,
2516 2684 2567 2730 et
2589 2678 2800 2729 udorum
2824 2677 3041 2729 turbatio
3063 2677 3356 2727 ocellorum?
3474 2676 3605 2739 [laeni
3620 2718 3633 2739 ‚

2086 2772 2159 2817 An
2181 2771 2447 2819 amatorem
2472 2766 2639 2817 vidisti
2670 2765 2933 2817 habentem
2952 2766 3130 2815 in-sinu
3154 2763 3298 2815 aliam
3315 2770 3336 2813 ἓ

2146 2856 2227 2908 dic
2249 2855 2373 2908 mihi
2401 2878 2414 2906 ι
2444 2854 2625 2907 doloris
2650 2854 2863 2905 remedia
2893 2854 3091 2905 scimus,

2087 2946 2330 2995 Lacrimas
2344 2983 2357 3006 ,
2377 2958 2471 2996 nec
2490 2944 2613 2995 dicis
2636 2964 2648 2995 :
2669 2944 2854 2993 frustra
2874 2955 3049 3006 negare
3066 2942 3253 2992 conaris
3282 2963 3294 2990 :

2151 3031 2279 3082 oculi
2306 3032 2469 3096 lingua
2489 3033 2605 3080 sunt
2630 3027 3011 3092 fide-digniores.

2611 3167 2713 3210 131.
2750 3161 3111 3238 PuiLonmn.

2084 3278 2285 3330 cithara
2310 3280 2361 3327 et
2390 3288 2549 3326 sermo
2574 3278 2625 3324 et
2650 3276 2855 3337 argutus
2876 3274 3051 3324 oculus
3074 3277 3126 3324 et
3146 3277 3320 3324 cantus

2146 3364 2438 3428 xanthippes
2462 3365 2515 3412 et
2535 3361 2658 3426 ignis
2680 3360 2828 3410 modo
2852 3361 3111 3424 incipiens,

2086 3469 2117 3504 o
2143 3453 2333 3512 anima,
2358 3453 2467 3500 uret
2484 3452 2535 3500 te
2566 3448 2688 3500 :sed
2704 3461 2761 3500 ex
2782 3461 2908 3512 quo,
2928 3452 3015 3498 aut
3040 3449 3263 3510 quando,
3284 3453 3335 3500 et
3356 3451 3633 3514 quomodo,

2144 3541 2311 3604 ignoro
2340 3559 2351 3587 ;
2374 3536 2521 3587 scibis
2538 3575 2551 3598 ,
2572 3535 2733 3585 infelix
2752 3573 2765 3596 ‚
2790 3534 3116 3586 dum-ureris.

2628 3679 2731 3724 132.
2784 3683 3087 3726 nsusnmt.

2084 3808 2126 3854 0
2144 3805 2317 3867 pedem
2331 3839 2344 3858 ,
2366 3817 2397 3851 o
2422 3804 2601 3861 femur,
2620 3815 2649 3850 o
2666 3799 2847 3864 quibus
2871 3799 3045 3849 merito
3066 3799 3185 3863 perii

2148 4015 2230 4062 Est
2250 4014 2392 4060 tuus?
2426 4009 2475 4058 in
2498 4007 2635 4058 nobis
2658 4017 2730 4057 est
2753 4007 2985 4056 medicina
3014 4007 3144 4058 mali.

2082 4096 2185 4146 Fles
2206 4093 2419 4158 dicisque
2437 4091 2557 4141 nihil
2580 4107 2593 4140 ε
2614 4090 2787 4140 frustra
2816 4090 2949 4155 cupis
2967 4089 3067 4156 ipsa
3082 4106 3253 4155 negare
3278 4106 3292 4140 ε

2147 4180 2301 4238 Quam
2330 4173 2498 4238 lingua.-
2522 4182 2591 4221 est
2618 4171 2767 4222 oculis
2784 4171 2936 4236 major
2955 4170 3174 4220 habenda
3196 4171 3330 4222 fides.

2634 4311 2689 4356 13
2703 4326 2743 4358 r.
2784 4324 3074 4358 tartonam.

2080 4447 2173 4492 Ars
2198 4441 2381 4502 fidium,
2408 4449 2594 4500 cantus,
2624 4447 2675 4487 et
2692 4455 2802 4502 vox,
2824 4439 3046 4504 oculique
3062 4438 3282 4504 loquaces

2146 4521 2462 4588 Xanthippes,
2484 4531 2533 4572 et
2550 4537 2655 4587 quaa
2670 4519 2770 4585 jam
2793 4535 2915 4569 nova
2936 4519 3127 4569 flamma
3150 4519 3299 4584 subit,

2081 4609 2125 4654 0
2149 4604 2333 4666 anime,
2360 4603 2617 4653 incendent
2634 4602 2735 4652 haec
2756 4611 2823 4652 te.
2857 4604 2986 4664 Quo,
3010 4601 3248 4667 quomodo
3264 4635 3279 4658 .
3302 4603 3493 4667 quando

2148 4689 2346 4748 Nescio,
2367 4696 2419 4737 tu
2446 4703 2557 4736 vero
2578 4695 2729 4736 tactus
2754 4685 2817 4735 ab
2832 4686 2939 4750 igne
2956 4685 3087 4734 scies.

2668 4855 2685 4885 ι
2698 4841 2773 4887 3α.
2818 4853 3049 4886 :suanu-

2079 4975 2123 5020 O
2146 4988 2312 5028 crura,
2341 4981 2483 5036 atque
2508 4971 2663 5037 pedes,
2692 4979 2739 5018 et
2764 4985 2876 5035 quo,
2896 4970 3119 5037 sedjure,
3146 4967 3378 5034 peribam.
