3829 5747
444 139 560 198 100

437 273 580 343 Τῆλε
607 270 956 350 διαθρέξωμεν
978 271 1084 343 ὅπη
1111 271 1300 338 σθένος·
1329 275 1381 330 ἐν
1409 272 1461 331 δὲ
1485 275 1690 353 γαλήνῃ

517 361 744 438 νηφάλια
769 358 965 417 σπείσω
989 357 1220 436 Κύπριδι
1243 361 1515 440 Μειλιχίῃ.

358 461 384 500 t·
437 448 503 506 Εἰ
532 447 576 506 δ’
601 447 704 525 ἄρα
734 470 836 505 που
861 444 952 504 καὶ
979 450 1109 504 κεῖθι
1131 445 1456 525 κατάσχετος
1479 449 1702 525 ἔσσομαι
1729 449 1954 530 οἴστρῳ,

513 534 713 610 γίνεσθε
733 537 963 612 κρυεροῖς
987 533 1210 610 δάκρυσι
1239 535 1518 609 μυδαλέοι,

435 622 635 681 ἔνδικον
669 624 976 694 ὄτλήσοντες
998 621 1079 678 ἀεὶ
1105 619 1280 679 πόνον·
1301 620 1354 688 ἐξ
1388 623 1561 698 ὑμέων
1587 622 1710 702 γὰρ,

515 714 611 788 φεῦ
628 755 645 784 ,
673 710 834 789 πυρὸς
855 713 903 776 ἐς
926 709 1117 781 τόσσην
1147 709 1376 786 ἤλθομεν
1405 712 1671 790 ἐργασίην.

697 859 832 909 227.
873 851 980 907 MA
993 849 1388 910 ΚΗΔΟΝΙΟΥ
1433 849 1534 909 ΥΠ
1544 850 1767 909 ΑΤΟΥ.

433 984 724 1065 Ἦμερίδας
749 987 1038 1066 τρυγόωσιν
1067 987 1306 1063 ἐτήσιον,
1333 987 1449 1048 οὐδέ
1477 1012 1553 1055 τις
1583 990 1753 1048 αὐτῶν

511 1077 626 1144 τοὺς
649 1077 856 1154 ἕλικας,
877 1077 1086 1136 κόπτων
1114 1076 1301 1156 βότρυν
1323 1119 1340 1148 ,
1370 1076 1771 1158 ἀποστρέφεται.

433 1164 592 1226 Ἀλλά
613 1189 671 1225 σε
699 1165 793 1237 τὴν
825 1167 1140 1245 ῥοδόπηχυν,
1163 1166 1294 1241 έμῆς
1325 1165 1568 1240 ἀνάθημα
1602 1161 1876 1246 μερίμνης,

516 1255 667 1333 ὑγρὸν
694 1253 961 1322 ἔνιπλέξας
985 1251 1196 1329 ἅμματι
1227 1253 1416 1330 δεσμὸν
1440 1253 1580 1332 ἔχω,

433 1339 524 1399 καὶ
551 1341 755 1419 τρυγόω
775 1340 864 1398 τὸν
892 1339 1080 1417 ἔρωτα·
1103 1341 1193 1398 καὶ
1211 1341 1272 1398 οὗ
1291 1341 1452 1420 Θέρος,
1481 1341 1575 1398 οὐκ
1604 1339 1697 1418 ἔαρ
1727 1339 1855 1399 ἄλλο

515 1419 629 1487 οἶδα
661 1428 855 1504 μένειν,
884 1426 966 1485 ὅτι
998 1451 1087 1504 μοι
1114 1435 1264 1486 πᾶσα
1293 1427 1472 1504 γέμεις
1498 1426 1750 1507 χαρίτων.

433 1506 566 1577 ἲὨδιε
592 1516 682 1574 καὶ
709 1516 966 1588 ἡὸήσειας
985 1517 1102 1575 ὅλον
1124 1515 1328 1596 χρόνον·
1360 1518 1406 1573 εἷ
1435 1515 1491 1574 δέ
1511 1538 1588 1580 τις
1611 1514 1738 1594 ἔλθῃ

513 1603 660 1674 λοξὸς
692 1603 800 1672 ἕλιξ
831 1603 1049 1686 ῥυτίδων
1067 1649 1084 1682 ,
1113 1602 1378 1680 τλήσομαι
1405 1607 1475 1670 ὡς
1514 1603 1728 1683 φιλέων.

661 1756 794 1806 228.
837 1746 1148 1805 namot·
1193 1745 1762 1805 ΣΙΛΕΝΤῙΑΡΙΟΥ.

433 1886 569 1950 Εἰπὲ
588 1887 691 1947 τίνι
717 1886 922 1955 πλέξεις
949 1886 1026 1944 ἔτι
1049 1885 1364 1965 βόστρυχον,
1392 1884 1426 1954 ἢ
1461 1884 1564 1944 τίνι
1605 1896 1786 1966 χεῖρας

511 1977 832 2060 φαιδρυνέεις
846 2023 862 2050 ,
889 1977 1108 2054 ὀνύχων.
1125 1971 1440 2053 ἀμφιτεμὼν
1470 1973 1626 2033 ἀκίδα
1644 1997 1662 2047 3

431 2069 485 2135 ές
511 2067 563 2126 τί
590 2066 645 2125 δὲ
666 2065 951 2140 κοσμήσεις
975 2062 1211 2122 ἃλιανθέϊ
1231 2060 1399 2142 φάρεα
1426 2061 1626 2143 κόχλῳ,

513 2152 700 2229 μηκέτι
723 2157 815 2222 τῆς
837 2154 1006 2222 καλῆς
1033 2149 1180 2229 ἐγγὺς
1201 2146 1291 2208 ἰὼν
1321 2147 1609 2220 Ῥοδόπηςς

431 2239 713 2317 Ὅμμασιν
737 2231 810 2304 οἷς
837 2238 1099 2310 Ῥοδόπην
1124 2239 1181 2296 οὗ
1209 2237 1490 2316 δέρκομαι,
1521 2235 1636 2294 οὐδὲ
1667 2241 1883 2314 φαεινῆς

511 2327 700 2409 φέγγος
719 2327 842 2385 ἰδεῖν
874 2325 1034 2385 ἐθέλω
1067 2324 1289 2404 χρύσεον
1321 2323 1628 2402 Ἥριπόλης.

679 2478 814 2528 229.
865 2465 1377 2526 ΜΑΚΗΔΟΝΙΟΥ
1419 2463 1750 2524 ΥΠΑΤΟΥ.

432 2607 549 2679 Τὴν
573 2606 778 2678 Νιόὸην
807 2605 1088 2666 κλαίουσαν
1112 2602 1235 2663 ἰδών
1260 2625 1390 2662 ποτε
1425 2601 1668 2681 βουκόλος
1700 2601 1830 2680 ἀνὴρ

511 2694 738 2772 θάμὸεεν
762 2738 778 2765 ,
807 2697 854 2752 εἰ
871 2691 1066 2752 λείὸειν
1097 2692 1322 2768 δάκρυον
1361 2679 1468 2747 οἶδε
1497 2689 1651 2754 λίθος·

433 2784 600 2862 αὐτὰρ
625 2783 718 2860 ἐμὲ
745 2781 1066 2859 στενάχοντα
1093 2780 1248 2850 τόσης
1275 2777 1412 2836 κατὰ
1441 2776 1616 2842 νυκτὸς
1645 2775 1870 2856 ὁμίχλην

511 2872 733 2950 ἔμπνοος
763 2867 1003 2941 Εὗίππης
1031 2870 1124 2927 οὗκ
1147 2867 1349 2946 ἐλέαιρε
1377 2865 1536 2931 λίθος.

429 2960 611 3027 Αἴτιος
641 2959 1003 3037 ἀμφοτέροισιν
1033 2958 1195 3037 ἔρως,
1221 2956 1470 3035 ὀχετηγὸς
1501 2951 1646 3024 ἀνίης

509 3053 576 3126 τῇ
604 3046 779 3125 Νιόὸῃ
807 3045 1017 3118 τεκέων,
1043 3044 1209 3121 αὐτὰρ
1232 3043 1348 3119 ἐμοὶ
1377 3040 1608 3101 παθέων.

658 3196 796 3247 230.
850 3187 1161 3245 namot·
1213 3183 1771 3243 ΣῙΛΕΝΤΙΑΡΙΟΥ.

432 3332 646 3410 Χρυσῆς
669 3326 952 3406 εἷρύσσασα
985 3325 1108 3401 μίαν
1141 3323 1300 3403 τρίχα
1327 3324 1496 3400 Δωρὶς
1517 3320 1713 3401 ἑθείρης
1731 3366 1747 3397 ,

508 3410 595 3476 ὀἶα
623 3414 950 3495 δορικτήτους
973 3417 1126 3485 δῆσεν
1157 3416 1282 3487 ἐμεῦ
1309 3410 1559 3487 παλάμας
1578 3430 1591 3444 ·

435 3506 602 3585 αὖτὰρ
631 3502 735 3583 ἐγὼ
762 3502 822 3561 τὸ
849 3503 970 3581 πρὶν
1003 3501 1096 3575 μὲν
1127 3501 1400 3579 ἐκάγχασα
1422 3544 1438 3571 ,
1475 3497 1647 3573 δεσμὰ
1670 3496 1871 3567 τινάξαι

510 3595 740 3676 Δωρίδος
767 3596 981 3672 ἱμερτῆς
1006 3588 1229 3669 εὐμαρὲς
1257 3588 1514 3664 οἰόμενος·

433 3845 561 3909 Quin
587 3843 744 3909 potius
769 3842 937 3904 louge,
967 3844 1195 3903 quantum
1232 3834 1309 3883 via
1337 3831 1496 3892 ducit,
1525 3848 1717 3893 eamus,

496 3932 648 3977 Tutus
671 3925 756 3974 ubi
779 3923 957 3973 Veneri
976 3920 1134 3971 sobria
1158 3934 1289 3968 sacra
1323 3917 1491 3966 feram.

425 4011 482 4061 si
509 4020 668 4059 tamen
697 4009 790 4058 hoc
817 4016 1036 4062 ‹usti-um,
1069 4004 1234 4053 vadam
1252 4014 1569 4066 quocumque,
1587 4006 1831 4063 sequetur,

498 4100 601 4144 Vos
622 4108 809 4158 semper
827 4089 1039 4140 madidos
1062 4086 1254 4135 fletibus
1285 4098 1384 4132 esse
1405 4084 1516 4131 volo
1544 4098 1556 4131 z

431 4182 565 4238 floec,
589 4175 748 4237 oculi,
775 4191 855 4222 vos
879 4189 1015 4239 poena
1039 4178 1201 4220 manet
1219 4165 1503 4234 justissima,
1545 4181 1630 4232 per
1653 4180 1770 4229 quos

501 4274 601 4321 Nos
631 4279 728 4319 tam
760 4266 944 4317 difficili
968 4272 1107 4315 vexat
1125 4262 1186 4312 ab
1215 4262 1321 4325 igne
1343 4260 1500 4323 labor.

895 4399 1010 4448 228.
1037 4411 1184 4444 mnu
1212 4410 1533 4445 szunruan.

433 4535 527 4585 Cui
548 4534 648 4599 jam
674 4531 921 4597 dispositos
955 4540 1088 4580 certo
1118 4530 1236 4595 regis
1257 4528 1376 4578 orbe
1400 4528 1594 4594 capillos
1611 4530 1634 4577 ἓ

505 4616 709 4665 Absecto
731 4612 904 4661 nitidas
927 4612 1006 4661 cui
1032 4612 1146 4663 sacis
1165 4627 1322 4676 ungue
1341 4625 1507 4659 manus
1523 4613 1546 4658 ἓ

431 4700 528 4751 'Cui
548 4701 646 4765 jam
665 4696 858 4747 Sidonio
885 4712 1022 4744 curas
1037 4706 1296 4761 praetexere
1319 4704 1499 4743 vestem

505 4781 716 4835 Murice,
751 4778 956 4827 formosa
978 4787 1077 4827 tam
1105 4776 1272 4843 procul
1294 4793 1322 4826 a
1343 4774 1615 4840 Rhodope?

434 4862 644 4928 Quando
669 4860 817 4910 oculis
841 4856 1090 4924 pulchram
1117 4858 1384 4923 Rhodopen
1409 4856 1526 4905 mihi
1557 4870 1752 4903 cernere
1775 4870 1869 4903 non
1901 4860 1991 4914 est,

497 4949 615 4996 Jam
635 4960 723 4993 nec
747 4958 832 5007 ego
852 4944 1050 4991 Auroroe
1069 4955 1266 4989 cernere
1283 4954 1409 4987 curo
1432 4936 1595 5003 jubar.

1568 143 2075 204 ANTHOLOGIAE
2122 143 2522 204 PALATINAE

2084 283 2367 349 Longinqua
2383 287 2778 348 cursu-petamus
2798 287 2983 348 quanta
3011 286 3085 336 vis
3114 286 3260 338 nohis
3282 290 3352 336 es!
3362 308 3382 346 ,·
3406 290 3457 338 iu
3476 287 3671 349 quiete
3776 303 3778 334 ε

2148 373 2467 423 sobria-sacra
2488 371 2648 423 libabo
2670 373 2869 436 cypridi
2898 373 3119 423 Placidoe.

2086 459 2272 518 Quodsi
2291 460 2439 510 etiam
2462 460 2581 521 illic,
2602 461 2771 510 nescio
2793 475 2909 524 qua,
2930 459 3133 510 tenebor
3156 466 3305 511 oestro
3319 500 3332 514 .

2144 561 2236 596 vos
2260 547 2390 597 fiatis
2406 546 2593 611 frigidis
2610 548 2823 598 lacrimis
2844 548 3051 610 humidi,

2083 636 2315 686 meritum
2339 649 2531 700 semper
2548 637 2779 700 perlaturi
2800 637 3017 687 laborem
3046 657 3058 685 :
3080 651 3167 700 per
3187 651 3277 688 vos
3302 640 3431 688 enim
3447 677 3463 700 ,

2147 724 2275 774 heu!
2298 723 2551 774 intantum
2574 725 2698 788 ignis
2720 725 2981 776 incidimus
3007 725 3269 775 officinam.

3458 375 3671 439 [autem

2442 870 2548 916 227.
2596 867 2945 916 Mam-:noxit
2981 868 3283 916 CONSULlS

2084 997 2223 1046 Vites
2243 996 2541 1048 vindemiant
2558 998 2837 1060 quotannis,
2866 1011 3027 1061 neque
3052 998 3311 1061 quisquam
3330 1012 3509 1048 eorum

2145 1085 2412 1147 capreoloS,
2440 1097 2590 1134 uvam
2612 1097 2800 1146 secans,
2827 1084 3137 1148 dedignatur.

2084 1170 2183 1220 Sed
2204 1184 2295 1234 ego
2312 1173 2362 1222 te
2380 1173 2745 1234 roseam-ulnas,
2769 1185 2894 1223 mem
2916 1173 3068 1225 decus
3093 1187 3226 1224 curae
3240 1213 3253 1237 ,

2142 1260 2331 1311 lentum
2352 1260 2574 1311 intexens
2589 1259 2717 1311 nodo
2740 1260 3010 1322 vinculum,
3039 1262 3209 1322 teneo,

2085 1361 2145 1397 ac
2161 1347 2407 1400 vindemio
2434 1361 2648 1398 amorem
2664 1365 2679 1407 ς
2702 1363 2757 1398 ac
2775 1363 2873 1398 non
2890 1353 3132 1410 aestatem,
3157 1362 3253 1399 non
3272 1355 3360 1398 ver
3387 1351 3525 1400 aliud

2146 1435 2260 1484 novi
2279 1437 2580 1498 exspectare,
2614 1435 2749 1500 quod
2778 1439 2834 1486 tu
2860 1436 2981 1486 mihi
3000 1439 3103 1487 tota
3118 1437 3346 1500 plena-es
3360 1437 3656 1501 gratianum.

2084 1523 2165 1572 Sic
2190 1523 2336 1572 etlam
2361 1524 2761 1587 juventa-floreas
2782 1537 2869 1587 per
2891 1537 3037 1574 omne
3066 1525 3287 1588 tempus!
3314 1525 3355 1574 si
3387 1539 3508 1575 vero
3537 1527 3661 1587 quis

2147 1609 2337 1673 crispus
2352 1611 2605 1674 capmolus
2620 1624 2871 1674 rugarum,
2886 1611 3035 1661 seram
3050 1615 3107 1662 ut
3124 1612 3408 1675 qui-amem.
3438 1613 3661 1675 [venerit

2489 1756 2596 1801 228.
2624 1755 2811 1802 PAULI
2852 1752 3237 1802 SILENTIARH.

2086 1885 2175 1934 Dic
2198 1885 2280 1934 cui
2299 1885 2483 1948 plectes
2503 1886 2664 1935 adhuc
2680 1886 2973 1946 cincinnum,
3002 1889 3087 1935 aut
3104 1887 3183 1935 cui
3206 1901 3379 1936 manus

2148 1972 2410 2024 mundabis
2426 2011 2439 2033 ,
2458 1974 2697 2036 unguium
2713 1974 2913 2023 resectis
2936 1973 3269 2024 acuminibus?

2084 2063 2135 2110 et
2156 2074 2245 2110 cur
2268 2061 2463 2110 ornabis
2480 2075 2725 2125 purpurea
2747 2065 2911 2112 vestes
2929 2061 3112 2111 concha
3131 2100 3143 2121 ,

2146 2162 2305 2212 quum
2330 2149 2657 2212 non-amplius
2672 2149 2733 2198 ad
2748 2149 2999 2213 pulchram
3024 2150 3231 2200 accedas
3246 2150 3513 2214 Rhodopen
3530 2155 3555 2200 ?

2082 2237 2276 2293 Quibus
2298 2238 2453 2287 oculis
2471 2236 2733 2300 Rhodopen
2758 2237 2894 2287 haud
2914 2238 3175 2300 euspicio,
3193 2236 3274 2288 his
3292 2251 3353 2288 ne
3372 2239 3653 2302 splendidae

2142 2323 2301 2372 lucem
2330 2322 2495 2373 videre
2524 2323 2639 2372 volo
2668 2337 2869 2372 auream
2900 2331 3113 2373 Aurorae.
3420 2325 3655 2388 [quidem

2424 2469 2531 2514 229.
2569 2466 2925 2514 MACEDONH
2966 2467 3283 2514 CONSULIS.

2084 2604 2269 2653 Nioben
2295 2605 2491 2654 flentem
2511 2607 2637 2656 sorte
2663 2605 2835 2655 videns
2863 2607 2939 2654 vir
2958 2605 3204 2656 bubulcus

2144 2692 2582 2744 valde-mirabatur
2600 2693 2641 2743 si
2668 2694 2847 2742 stillare
2865 2695 3111 2742 lacrimam
3146 2694 3289 2742 sciret
3310 2695 3434 2757 lapis
3459 2714 3473 2743 ι

2083 2782 2133 2828 at
2156 2793 2261 2841 me,
2288 2784 2557 2843 gementem
2574 2783 2849 2844 tam-longae
2876 2781 3031 2830 noctis
3052 2794 3139 2843 per
3164 2781 3389 2831 tenebras
3402 2820 3415 2843 ,

2146 2867 2333 2931 spirans
2356 2867 2601 2932 Euhippes
2617 2883 2713 2919 non
2742 2867 3064 2918 miserabatur
3084 2882 3269 2919 saxum.

2082 2954 2247 3005 Causa
2266 2956 2486 3018 utrisque
2508 2969 2645 3005 amor
2661 2994 2673 3015 ,
2696 2955 3035 3005 sollicitudinis
3060 2954 3301 3005 adducto:-

2148 3044 2315 3094 Niobae
2342 3044 2600 3094 ob-liberos
2616 3083 2628 3107 ,
2656 3048 2708 3094 at
2736 3042 2855 3093 mihi
2883 3044 3219 3094 ob-al'l'ectum.

2482 3200 2601 3259 230„
2626 3196 2811 3243 PAULI
2846 3194 3235 3243 sILENTlARII.

2080 3338 2255 3385 Aureae
2282 3335 2456 3385 evulso
2483 3349 2580 3384 uno
2608 3335 2738 3385 crine
2758 3334 2899 3384 Doris
2925 3335 3143 3385 caesariei

2140 3423 2279 3473 velut
2302 3422 2625 3485 bello-captas
2649 3422 2815 3485 ligavit
2840 3423 3026 3485 palmas
3054 3436 3214 3479 measz

2080 3514 2131 3561 at
2154 3525 2241 3575 ego
2264 3511 2473 3574 primum
2500 3512 2695 3574 quidem
2725 3511 3003 3561 cachinnavi
3018 3549 3030 3571 ,
3054 3512 3244 3561 vincula
3270 3515 3501 3562 excutere

2140 3596 2350 3647 Doridos
2378 3597 2599 3647 amabilis
2626 3598 2765 3647 facile
2794 3598 3100 3659 existimans3

2512 3850 2623 3899 229.
2652 3850 2885 3885 mnemon
2894 3852 2934 3884 11
2961 3852 3208 3887 consuma-

2080 3970 2154 4018 Ad
2178 3969 2365 4019 Nioben
2384 3980 2545 4035 pastor
2572 3973 2839 4036 plorantem
2866 3972 3081 4022 substitit
3112 3974 3246 4035 olim,

2145 4054 2353 4103 Miratus
2376 4064 2530 4119 posset
2553 4054 2591 4103 si
2618 4054 2883 4119 lacrymare
2902 4056 3035 4119 lapis.

2089 4144 2156 4188 At
2181 4137 2302 4187 nihil
2328 4138 2508 4203 Evippe
2533 4148 2631 4187 tota
2650 4154 2727 4187 me
2750 4148 2890 4187 nocte
2918 4148 3134 4203 gemente

2147 4222 2395 4281 Flectitur,
2419 4222 2599 4287 Evippe
2621 4222 2735 4286 quid
2754 4221 2842 4269 nisi
2859 4220 2963 4270 viva
2992 4222 3106 4270 silex
3127 4225 3149 4269 Ρ

2076 4308 2229 4355 Causa
2254 4320 2389 4353 amor
2410 4313 2481 4353 est
2504 4304 2695 4369 utrique
2716 4320 2728 4353 :
2754 4303 2909 4352 fluunt
2936 4303 3029 4351 hoc
3056 4304 3189 4351 toute
3211 4302 3419 4369 dolores,

2146 4391 2277 4451 Quos
2304 4386 2471 4437 Niobae
2494 4387 2652 4453 proles
2675 4387 2789 4436 fecit
2806 4422 2821 4446 ,
2843 4387 2994 4435 antica
3019 4384 3157 4435 mihi.

2534 4546 2648 4593 230.
2688 4558 2827 4591 mun
2870 4557 3187 4591 stass-riam.

2080 4682 2308 4728 Traxerat
2330 4679 2577 4729 aureolum
2596 4677 2737 4727 Doris
2754 4678 2813 4725 de
2842 4676 2997 4725 fronte
3017 4674 3270 4741 capillum;

2148 4765 2253 4811 Hoc
2271 4760 2389 4810 mihi
2413 4760 2645 4826 captivam
2667 4758 2859 4808 strinxit
2882 4767 3133 4822 utramque
3148 4770 3361 4805 manum.

2082 4844 2323 4910 Principio
2348 4844 2449 4905 risi,
2478 4844 2626 4893 nodos
2652 4842 2879 4893 divellere
2904 4840 3115 4907 pulchrae

2150 4926 2353 4976 Doridos
2382 4928 2429 4975 in
2448 4925 2574 4975 facili
2602 4925 2717 4973 dum
2746 4938 2857 4972 reor
2879 4938 2979 4971 esse
3002 4920 3117 4970 mihi
3152 4910 3191 4969 τ’
