3829 5747
155 809 172 843 5
211 793 318 852 013·
343 793 427 849 οὐκ
445 790 580 866 ἀμφ’
599 792 760 867 αἰγῶν
785 790 1168 866 μεμελημένοι,
1193 789 1328 848 ἀλλὰ
1341 789 1462 871 περὶ
1490 788 1683 871 σφέων,

141 1252 174 1287 10

976 161 1224 222 CAPUT
1267 163 1368 223 v1.
1412 163 1967 226 EPIGRAMMATA
2008 164 2537 226 DEDICATORIA.

643 301 778 354 221.
829 293 1234 356 ΛΕΩΝΙΔΟΥ.

211 435 452 516 Χειμερίην
477 433 564 494 διὰ
589 434 771 510 νύκτα,
789 435 1124 516 χαλαζήεντοί
1145 459 1202 497 τε
1222 435 1417 514 συρμὸν

269 525 344 584 καὶ
364 526 560 604 νιφετὸν
585 525 789 605 φεύγων
816 522 905 583 καὶ
933 523 1182 602 κρυόεντα
1211 523 1395 600 πάγον,

211 614 483 694 μουνολὲων,
500 614 592 673 καὶ
613 612 678 686 δὴ
698 613 1063 690 κεκακωμένος
1101 613 1262 694 ἀθρόα
1293 621 1435 692 γυῖα,

271 695 372 773 ἦλθε
399 702 760 783 φιλοκρήμνων
791 694 938 761 αὖλιν
965 704 1013 768 ἐς
1044 702 1350 779 αἰγινόμων.

271 879 390 938 εἵατο
416 883 628 958 σωτῆρα
655 881 783 948 Ζῆν’
806 878 1220 952 ἐπικεκλόμενοι.

209 968 350 1042 Χεῖρα
372 967 422 1025 δὲ
447 965 542 1044 θὴρ
572 967 770 1042 μείνας,
799 965 896 1045 θὴρ
925 964 1154 1040 νύκτιος,
1183 965 1300 1027 οὔτε
1327 967 1428 1026 τιν’
1457 968 1656 1047 ἀνδρῶν

270 1054 368 1114 οὔτε
401 1058 560 1134 βοτῶν
593 1053 797 1135 βλάψας
813 1099 828 1127 ,
859 1053 1016 1136 ᾤχετ’
1056 1054 1439 1122 ἄπαυλόσυνος.

211 1143 264 1200 Οἱ
287 1142 332 1200 δὲ
355 1143 517 1213 πάθης
544 1141 690 1221 ἔργον
719 1141 830 1200 τόδ’
856 1141 1108 1221 ἐῦγραφὲς
1137 1142 1456 1223 ἀκρολοφίτα

273 1233 389 1291 Πανὶ
411 1230 532 1309 παρ’
559 1229 832 1310 εὖπρέμνῳ
856 1231 973 1308 τᾷδ’
1005 1228 1242 1288 ἀνέθεντο
1272 1226 1401 1308 δρυΐ.

625 1379 764 1430 222.
792 1370 1240 1431 ΘΕΟΔΩΡΙΔΑ.

213 1521 470 1597 Μυριόπουν
491 1517 878 1594 σκολόπενδραν
902 1520 992 1577 ὕπ’
1013 1517 1228 1595 Ὠρίωνι
1258 1515 1498 1590 κυκηθεὶς

270 1609 426 1675 πόντος
447 1605 710 1683 Ἰαπύγων
733 1605 914 1685 ἔδρασ’
939 1606 1026 1663 ἐπὶ
1054 1607 1352 1671 σκοπέλους·

211 1695 280 1752 καὶ
298 1696 390 1754 τόδ’
413 1693 518 1753 ἀπὸ
539 1697 792 1772 βλοσυροῦ
813 1691 1068 1772 σελάχευς
1094 1693 1230 1770 μέγα
1252 1692 1476 1772 πλευρὸν
1507 1693 1712 1771 ἀνῆψαν

271 1781 460 1858 δαίμοσι
491 1781 786 1862 βουφόρτων
812 1779 1041 1860 κοίρανοι
1064 1779 1358 1860 εἶκοσόρων.

602 1930 734 1982 223.
776 1921 1284 1981 ΑΝΤΙΠΑΤΡΟΥ.

212 2063 423 2143 Ati-{mov
451 2061 810 2143 ἄμφίκλαστον
835 2061 1145 2129 ἃλιπλανέος
1170 2061 1550 2142 σκολοπένδρης

271 2157 401 2210 τοῦτο
423 2155 543 2210 κατ’
581 2150 888 2232 εὗψαμάθου
928 2150 1165 2226 κείμενον
1195 2149 1366 2222 ἠϊόνος
1383 2193 1400 2221 ,

211 2239 380 2296 δισσᾶκι
396 2237 746 2319 τετρόργυιον,
779 2237 918 2297 ἅπαν
949 2237 1342 2317 πεφορυγμένον
1368 2237 1537 2316 ἀφρῷ,

271 2326 418 2384 πολλὰ
446 2325 746 2404 Θαλασσαίῃ
768 2323 948 2393 ξανθὲν
971 2326 1072 2385 ὑπὸ
1097 2325 1336 2396 σπιλάδι,

210 2412 442 2494 Ἑρμῶναξ
479 2415 740 2495 ἐκίχανεν,
760 2411 848 2473 ὅτε
871 2409 1106 2494 γριπηΐδι
1138 2413 1296 2493 τέχνῃ

269 2494 386 2562 εἷλκε
402 2503 497 2562 τὸν
518 2505 576 2562 ἐκ
592 2502 849 2580 πελάγους
873 2503 1144 2582 ἰχθυόεντα
1176 2504 1348 2581 βόλον·

213 2587 346 2668 εὓρὼν
367 2591 406 2649 δ’
424 2589 650 2670 ἧέρτησι
670 2591 982 2667 Παλαίμονι
1009 2590 1158 2650 παιδὶ
1187 2591 1276 2650 καὶ
1305 2589 1449 2660 Ἰνοῖ,

277 2679 492 2754 δαίμοσιν
519 2680 760 2745 εἷναλίοις
790 2677 906 2744 δοὺς
933 2675 1087 2758 τέρας
1105 2678 1326 2738 εἰνάλιον
1342 2719 1355 2733 .

631 2828 770 2880 224.
803 2819 1263 2881 ΘΕΟΔΩΡῙΔΑ.

211 2955 388 3012 Εἰνάλιε
411 2954 691 3034 λαὸύρινθε
705 2998 724 3029 ,
748 2954 812 3015 τύ
839 2978 928 3033 μοι
960 2953 1082 3034 λέγε
1129 2952 1207 3021 τίς
1233 2953 1283 3014 σ’
1313 2956 1562 3030 ἀνέθηκεν

275 3042 498 3122 ἅγρίμιον
521 3044 711 3109 πολιᾶς
747 3041 801 3111 ἔξ
829 3041 952 3109 ἁλὸς
975 3041 1282 3121 εὖρόμενος;
1309 3076 1392 3089 -

211 3128 426 3204 Παίγνιον
447 3130 713 3210 ἀντριοίσιν
743 3129 1009 3195 Διονύσιος
1040 3128 1221 3189 ἄνθετο
1245 3131 1488 3211 Νύμφαις

277 3219 447 3296 (δῶρον
475 3221 522 3277 δ’
553 3217 606 3285 ἐξ
632 3220 776 3299 ἱερᾶς
793 3217 902 3293 εἰμὶ
925 3218 1326 3297 Πελωριάδος,)

212 3303 300 3370 υἱὸς
317 3306 659 3386 Πρωτάρχου·
684 3306 892 3371 σκολιὸς
919 3306 964 3363 δ’
995 3302 1240 3375 ἐξέπτυσα
1261 3306 1512 3385 πορθμὸς,

271 3394 371 3473 ὄφρ’
392 3394 496 3467 εἴην
520 3396 760 3473 λιπαρῶν
797 3392 1034 3471 παίγνιον
1065 3391 1392 3473 Ἀντριοίδων.

620 3534 756 3585 225.
803 3524 1300 3586 ΝΙΚΑΙΝΕΤΟΥ.

209 3652 446 3733 Ἡρῷσσαι
473 3655 711 3731 [leffium
744 3656 862 3736 ὄρος
881 3655 907 3680 '¹
928 3656 1138 3735 ἄκριτον
1167 3654 1276 3715 αἵτε
1297 3654 1509 3733 νέμεσθε
1525 3702 1542 3729 ,

274 3742 416 3819 αἰγίδι
441 3744 536 3803 καὶ
565 3745 834 3824 στρεπτοῖς
861 3744 1159 3821 ζωσάμεναι
1184 3744 1436 3815 θυσάνοις,

207 3826 336 3886 τέκνα
357 3836 479 3890 θεῶν
497 3877 514 3905 ,
548 3831 757 3900 δέξασθε
776 3832 1062 3904 Φιλήτιδος
1084 3831 1200 3912 ἱερὰ
1229 3838 1391 3891 ταῦτα

273 3918 534 3993 δράγματα
557 3920 648 3980 καὶ
665 3920 896 3999 χλωροὺς
922 3922 981 3979 ἐκ
1007 3920 1253 3995 καλάμης
1275 3919 1580 4000 στεφάνους,

211 3998 307 4061 ἅσς’
334 4008 430 4066 ἀπὸ
454 4010 717 4083 λικμητοῗὲ
741 4008 1086 4068 δεκατεύεται·
1113 4009 1249 4069 ἀλλὰ
1276 4008 1367 4068 καὶ
1397 4008 1558 4075 οὕτως

269 4094 493 4173 ἡρῷσσαι
520 4093 733 4154 Λιὸύων
763 4095 977 4175 χαίρετε
1007 4095 1323 4163 δεσπότιδες.

680 4238 814 4288 226.
859 4226 1216 4289 ΛΕΩΝΙΔΑ.

204 4352 336 4409 Τοῦτ’
385 4356 604 4438 [ὀλίγον]
640 4358 930 4425 Κλείτωνος
958 4357 1223 4433 ἐπαῦλιον,
1249 4357 1286 4430 ἥ
1317 4362 1365 4415 τ’
1383 4355 1638 4435 ὀλιγῶλαξ

774 4566 834 4598 22
845 4568 864 4598 1
874 4588 887 4601 0
925 4567 1163 4601 LEOEUDAE.

204 4679 310 4725 Dum
332 4679 444 4745 fugit
461 4680 670 4733 hiberna
687 4683 858 4734 l'oedam
879 4684 958 4733 leo
983 4684 1210 4749 grandine
1241 4694 1430 4734 noctem
1451 4722 1466 4747 ,

259 4762 312 4807 Et
325 4762 506 4811 nivium
523 4764 668 4815 villos
688 4774 740 4815 et
751 4766 946 4831 glaciale
963 4767 1086 4831 gelu.

205 4841 254 4887 Ei
270 4844 383 4893 male
405 4847 620 4895 tractatis
641 4848 846 4898 latebras
869 4865 896 4898 a
920 4848 1091 4913 frigore
1105 4850 1276 4915 quaerit

261 4925 487 4987 Arlubus,
517 4929 579 4977 ad
603 4930 812 4996 pendens
830 4948 949 4999 rupe
977 4932 1154 4998 caprile
1184 4933 1330 4981 venit.

3236 168 3352 225 199

2355 315 2462 362 221.
2496 311 2800 360 LEONLDAE.

1805 448 2066 498 Hibernam
2085 463 2173 514 per
2199 451 2411 512 noctem,
2438 451 2858 514 grandineumque
2880 453 3095 500 tractum

1864 540 1916 588 et
1937 539 2074 589 nives
2096 539 2283 602 fugiens
2304 539 2585 601 stiriamque
2612 539 2877 602 glacialem,

1803 626 2141 677 leo-solitarius
2156 665 2169 687 ,
2188 627 2286 690 jam
2302 627 2405 690 jam
2424 625 2639 676 afflictus
2660 626 2833 676 validis
2866 625 3113 685 membris,

1864 715 2062 766 int-ravit
2092 714 2757 764 alta-cacumina-amantium
2780 714 2975 764 stabula
3006 713 3355 775 caprei-iorum.

1806 801 1880 852 llli
1899 805 2080 862 autem,
2104 814 2202 850 non
2224 802 2352 851 circa
2378 813 2550 865 capras
2576 801 2796 862 solliciti,
2822 800 2910 850 sed
2936 800 2999 850 de
3020 799 3224 862 se-ipsis,

1865 889 2102 940 sedebant
2128 891 2426 940 servatorem
2452 891 2625 938 Jovem
2652 889 2954 938 invocantes,

1810 978 1872 1026 At
1889 976 2346 1040 rera‚tempestatem
2361 975 2489 1026 dum
2504 977 2659 1026 abeat
2674 977 2975 1038 exspectans,
2988 975 3088 1024 scra
3105 975 3360 1032 nocturna,
3412 1005 3417 1008 -

1864 1076 1957 1114 nec
1974 1077 2205 1128 pecorum
2218 1065 2321 1114 ullo
2338 1065 2473 1125 laeso,
2497 1063 2614 1114 ahili
2636 1078 2666 1113 a
2694 1063 2898 1114 stabulo.
2931 1102 2935 1104 .
3011 1062 3120 1125 [nec
3147 1060 3363 1109 virorum

1805 1151 1882 1201 Illi
1903 1150 2460 1215 eius-quod-passi-sunt
2474 1153 2716 1214 picturam
2742 1149 2870 1200 hanc
2896 1151 3070 1199 bonam
3093 1148 3363 1199 cacumina·

1870 1239 1991 1290 Pani
2011 1240 2142 1303 apud
2168 1239 2381 1290 validam
2406 1239 2534 1289 hanc
2558 1253 2796 1302 quercum
2813 1237 3117 1288 dedicarunt.
3162 1236 3362 1296 [tenenti

2298 1387 2405 1430 222.
2434 1381 2873 1429 THEODORIDAE.

1807 1521 2103 1584 Millipedam
2128 1520 2493 1584 scolopendram
2521 1519 2618 1570 sub
2636 1519 2812 1569 Orione
2830 1515 3148 1568 conturbatus

1868 1611 2052 1673 pontus
2075 1611 2309 1671 Iapygum
2336 1607 2479 1669 ejecit
2502 1608 2553 1657 in
2582 1607 2845 1670 scopulos;

1808 1699 1859 1748 et
1875 1697 1971 1746 hoc
1987 1696 2050 1747 de
2068 1697 2269 1747 terribili
2286 1696 2453 1746 bellua
2472 1709 2702 1759 magnum
2728 1695 2859 1745 latus
2877 1693 3136 1744 aflixerunt

1870 1785 1965 1836 diis
1991 1785 2319 1836 onerariarum
2346 1783 2529 1834 domini
2548 1784 2939 1848 vigintiremium.

2333 1929 2445 1976 223.
2481 1925 2831 1974 ANTIPATRI.

1809 2067 2055 2132 Reliquias
2074 2068 2441 2119 circumlaceras
2466 2067 2726 2130 marivagae
2744 2062 3074 2128 scolopendrae

1871 2157 2019 2208 hasce
2040 2156 2091 2206 in
2115 2169 2317 2206 arenoso
2330 2157 2548 2219 jacentes
2566 2155 2730 2205 littore
2747 2193 2760 2215 ‚

1809 2245 1886 2296 bis
1910 2244 2445 2309 quatuor-mmmmm,
2462 2247 2592 2294 totas
2620 2242 2826 2293 foedatas
2852 2253 3048 2305 spuma,

1870 2333 2138 2398 plurimum
2163 2334 2354 2383 marino
2385 2333 2657 2396 discerptas
2688 2331 2782 2382 sub
2804 2333 3018 2395 scopulo,

1811 2422 2090 2472 Hermonax
2104 2422 2288 2472 invenit
2302 2461 2316 2485 ,
2343 2436 2498 2485 quum
2524 2421 2783 2485 piscatoria
2812 2423 2919 2472 arte

1870 2509 2089 2562 traheret
2107 2524 2165 2560 ex
2186 2511 2355 2575 pelago
2382 2511 2627 2574 piscosum
2650 2512 2781 2570 rete3

1812 2611 1870 2648 ac
1894 2601 2111 2662 repertas
2128 2598 2383 2662 suspendit
2408 2598 2667 2648 Palaemoni
2693 2611 2847 2660 puero
2872 2600 2923 2647 et
2950 2597 3105 2658 Inoni,

1875 2685 1969 2736 diis
1992 2685 2190 2736 marinis
2214 2685 2337 2736 dans
2358 2688 2632 2735 monstrum
2652 2685 2912 2734 marinum.

2294 2829 2405 2878 224.
2430 2826 2873 2877 THEODORIDAE.

1812 2970 1998 3021 Marine
2018 2968 2306 3031 labyrintbe,
2333 2972 2391 3019 tu
2411 2967 2530 3018 mihi
2546 2968 2693 3019 dicito
2721 2968 2833 3031 quis
2860 2971 2911 3019 te
2928 2968 3201 3027 dedicavit,

1873 3060 2127 3121 capturam
2153 3070 2275 3107 cano
2300 3070 2362 3107 ex
2380 3058 2502 3106 mari
2525 3056 3012 3121 postquam-reperit?
3030 3085 3091 3097 —

1817 3144 2085 3196 Ludicmm
2107 3144 2421 3196 Antriadibus
2452 3146 2715 3208 Dionysius
2742 3145 2927 3195 dicavit
2952 3143 3191 3207 Nymphis

1877 3232 2094 3297 (donum
2112 3236 2277 3283 autem
2304 3233 2367 3283 de
2394 3246 2535 3283 sacra
2554 3247 2664 3283 sum
2693 3233 2964 3293 Peloride,)

1814 3319 1947 3370 filius
1973 3318 2225 3370 Protarchi
2254 3342 2267 3370 z
2298 3334 2508 3370 curvum
2532 3334 2650 3371 vero
2672 3333 2758 3370 me
2776 3323 2973 3385 exspuit
3002 3324 3201 3385 fretum,

1879 3410 1938 3460 ut
1964 3407 2116 3459 forem
2132 3408 2394 3459 nitentium
2419 3408 2669 3459 ludicrum
2689 3409 2993 3460 Antriadum.

2342 3554 2450 3598 225.
2481 3548 2811 3598 NICAENETI.

1814 3687 2043 3737 Heroinae
2057 3686 2280 3758 Libyam,
2309 3691 2526 3739 montem
2548 3688 2843 3738 immensum
2872 3688 2930 3752 (Ρ)
2950 3702 3064 3752 quae
3080 3688 3309 3752 ἰηοοιίίίε,

1875 3774 2031 3839 aegide
2056 3788 2115 3825 ac
2135 3777 2277 3825 tortis
2300 3776 2526 3826 incinctae
2552 3776 2697 3838 νὶΙΙὶε,

1814 3864 1944 3912 natae
1963 3862 2069 3913 deis
2082 3900 2095 3924 ,
2121 3864 2323 3927 accipite
2346 3864 2599 3913 Philetidis
2622 3878 2785 3914 sacros
2802 3864 2951 3915 hosce

1874 3950 2149 4015 manipulos
2165 3952 2216 4002 et
2240 3951 2423 4003 virides
2446 3966 2507 4001 ex
2526 3952 2713 4001 calamo
2744 3953 2967 4013 corollaS‚

1816 4052 1929 4103 quae
1952 4038 2015 4089 de
2032 4038 2321 4089 vannatione
2340 4038 2671 4089 sua-decimat.
2689 4040 2785 4089 Sed
2811 4041 2888 4090 vel
2914 4042 2982 4091 sic

1876 4126 2101 4178 Heroinoe
2125 4125 2333 4190 Libyum
2352 4128 2511 4177 valete
2537 4125 2766 4176 dominae.

2356 4256 2463 4301 226.
2498 4252 2807 4301 LEONIDAE.

1816 4366 1937 4414 Haec
1966 4366 2039 4413 est
2063 4377 2216 4427 parva
2238 4364 2440 4414 clitonis
2470 4364 2667 4425 villula,
2692 4368 2742 4413 et
2772 4363 3119 4427 angusti-sulci

1817 4528 2031 4573 Pastores
2054 4538 2143 4589 pro
2169 4539 2236 4581 se,
2269 4540 2367 4573 non
2397 4539 2483 4589 pro
2500 4538 2655 4588 grege,
2682 4540 2801 4574 saeva
2821 4525 3043 4576 timentes

1884 4605 2043 4655 Exilia
2066 4605 2323 4672 implorant
2345 4605 2559 4673 supplice
2587 4622 2703 4657 voce
2720 4610 2907 4658 Jovem.

1817 4690 1884 4737 At
1911 4686 2009 4736 l'era
2030 4702 2139 4737 mox
2163 4687 2335 4736 coelum
2359 4703 2469 4737 cum
2497 4687 2771 4750 desaeviret,
2799 4688 2978 4750 abivit,

1883 4772 1995 4820 Non
2022 4768 2273 4820 hominum
2298 4770 2519 4836 cuiquam
2544 4771 2685 4821 noxia
2704 4808 2718 4833 ‚
2741 4788 2837 4821 non
2858 4774 3015 4838 pecori
3044 4790 3057 4825 ε

1821 4852 1947 4901 Hinc
1969 4862 2192 4901 montana
2208 4850 2381 4903 cohors
2403 4854 2493 4903 islo
2522 4852 2611 4903 sub
2640 4854 2849 4904 culmine
2872 4872 3073 4920 quercus

1889 4932 2103 4999 Effigiem
2136 4950 2367 4986 memores
2396 4934 2518 4986 lianc
2542 4946 2747 4987 statuere
2770 4937 2898 4987 Jovi.
