3829 5747
363 192 478 252 ΗΞ.
1464 185 1968 247 ANTHOLOG1AE
2012 184 2412 245 PALATINAE

342 317 528 404 Ἄμφω
555 325 600 383 δ’
621 322 982 403 ἀπροφάσιστα
1012 320 1098 379 τὸν
1120 320 1294 379 οἶκαδε
1321 318 1502 377 νόστον
1527 317 1736 399 ἀφέντες

421 415 617 477 οἰωνοῖς
647 410 870 469 θανᾶτου
897 408 1145 484 λείπομεν
1175 405 1440 485 ἀγγελίαν.

811 559 941 609 722.
969 546 1421 607 ΘΕΟΔΩΡΙΔΑ.

343 688 637 769 Δηρίφατον
659 687 827 746 κλαίω
853 685 1146 763 Τιμοσθὲνη
1160 728 1179 757 ,
1200 676 1287 744 υἷα
1313 682 1591 744 Μολόσσου
1605 729 1622 762 ,

425 777 582 846 ξεῖνον
610 777 697 836 ἐπὶ
723 775 858 854 ξείνῃ
884 774 1153 855 Κεκροπία
1178 772 1446 854 φθίμενον.

839 930 940 981 723
950 964 963 976 .
1015 930 1408 977 ΔΔΕΣΠΟΤΟΝ.

349 1059 408 1119 Ἃ
431 1058 594 1137 πάρος
620 1058 852 1135 ἄδμητος
879 1055 970 1116 καὶ
997 1056 1316 1134 ἁνέμὸατος,
1345 1044 1390 1113 ὦ
1415 1055 1766 1131 Λακεδαῖμον,

425 1145 622 1204 καπνὸν
652 1147 734 1203 ἐπ’
762 1143 985 1225 Εὐρώτα
1009 1144 1217 1223 δέρκεαι
1237 1142 1492 1220 Ὠλένιον,

349 1234 525 1301 ἄσκιος
540 1256 554 1270 ·
577 1232 748 1293 οἰωνοὶ
772 1232 826 1291 δὲ
854 1232 990 1292 κατὰ
1017 1232 1199 1312 χθονὸς
1226 1230 1365 1290 οἷκία
1389 1231 1557 1295 θέντες

430 1319 704 1401 μύρονται*
735 1319 916 1397 μήλων
945 1320 989 1378 δ’
1015 1320 1110 1378 οὐκ
1138 1318 1308 1377 ἅΐουσι
1333 1316 1502 1377 λύκοι.

559 1453 563 1457 ’
633 1472 765 1522 724.
807 1462 1108 1522 ΑΝΥΤΗΣ
1149 1459 1623 1520 ΜΕΛΟΠΟΙΟΥ.

348 1592 424 1662 ’Ἦ
458 1606 522 1680 ῥα
549 1600 700 1677 μένος
725 1622 784 1659 σε
802 1644 819 1675 ,
844 1598 1108 1679 Πρόαρχ’,
1131 1597 1270 1657 ὅλεσ’
1298 1598 1350 1655 ἐν
1381 1591 1496 1667 δαῒ,
1539 1594 1691 1670 δῶμά
1724 1616 1780 1652 τε
1799 1617 1899 1652 πα-

432 1689 624 1750 Φειδία
653 1690 705 1746 ἐν
733 1688 962 1768 δνοφερίζ»
988 1685 1163 1745 πένθει
1185 1683 1300 1743 ἔθου
1330 1682 1587 1764 φθίμενος·
1764 1680 1903 1761 [τρὸς

352 1778 488 1837 ἀλλὰ
511 1775 668 1835 καλόν
696 1798 774 1835 τοι
798 1776 1013 1852 ὕπερθεν
1043 1774 1163 1839 ἔπος
1192 1770 1305 1832 τόδε
1329 1770 1514 1851 πέτρος
1535 1770 1695 1829 ἀείδει
1712 1816 1729 1847 ,

431 1868 501 1931 ὥς
522 1864 696 1929 ἔθανες
717 1860 819 1940 πρὸ
842 1860 993 1940 φίλας
1017 1858 1344 1939 μαρνάμενος
1360 1860 1625 1939 πατρίδος.

775 2011 910 2063 725.
946 2001 1472 2073 κΑΛΛιΜΑΧοΥ.
1517 2068 1539 2081 ,

355 2169 410 2207 α.
437 2144 614 2215 Αἴνιε,
636 2144 726 2203 καὶ
755 2142 817 2202 σὺ
842 2143 944 2221 γὰρ
974 2133 1104 2214 ὧδε,
1127 2141 1484 2222 Μενέκρατες,
1503 2142 1598 2199 οὐκ
1625 2139 1711 2199 ἐπὶ
1737 2136 1902 2197 πουλὺ

435 2225 568 2305 ἦσθα
584 2255 600 2270 ·
626 2232 678 2291 τί
706 2256 763 2291 σε
780 2278 797 2305 ,
821 2231 997 2300 ξείνων
1026 2233 1224 2311 λῷστε,
1249 2228 1663 2309 κατειργάσατο;

354 2306 390 2393 ἦ
417 2324 483 2401 ῥα
510 2322 570 2381 τὸ
592 2320 681 2379 καὶ
709 2320 1003 2398 Κένταυρον
1018 2322 1115 2464 ,iq
1153 2317 1229 2378 'O
1260 2342 1348 2395 μοι
1379 2314 1722 2395 πεπρωμένος
1748 2312 1904 2379 ὕπνος

434 2400 610 2481 ἦλθεν,
633 2411 662 2466 ὁ
693 2406 746 2466 δὲ
777 2404 988 2495 τλήμων
1018 2430 1046 2466 ο
1069 2428 1150 2472 νος
1178 2402 1288 2483 ἔχει
1313 2404 1594 2484 πρόφασιν.

860 2555 990 2605 726.
1042 2543 1398 2603 ΛΕΩΝῙΔΑ.

359 2684 640 2765 Ἕσπέριον
667 2686 836 2763 κῆῷον
868 2682 1118 2741 ἀπώσατο
1138 2682 1386 2748 πολλάκις
1408 2682 1566 2741 ὕπνον

438 2777 472 2843 ἡ
501 2778 661 2852 γρῆὓς
688 2770 868 2841 πενίην
902 2771 1133 2836 Πλατθὶς
1154 2766 1453 2845 ἀμυνομένη
1469 2790 1483 2804 ·

361 2860 452 2921 καί
475 2884 526 2918 τι
551 2860 678 2939 πρὸς
702 2859 974 2931 ἠλακάτην
1002 2858 1093 2918 καὶ
1120 2859 1206 2918 τὸν
1235 2856 1492 2937 συνέριθον
1519 2855 1774 2936 ἄτρακτον

440 2949 632 3023 ἤεισεν,
652 2949 834 3006 πολιοῦ
861 2945 1064 3025 γήραοςί
1081 2943 1370 3024 ἀγχίθυρος,

283 3069 310 3104 5
363 3039 484 3097 κᾶτι
508 3035 831 3116 παριστίδιος
862 3032 1132 3110 δινευμένη
1165 3033 1315 3112 ἄχρις
1343 3031 1424 3092 ἐπ’
1451 3035 1569 3104 ἠοῦς

439 3130 604 3180 κεῖνον
635 3120 904 3193 Ἀθηναίης
932 3117 1023 3178 σὺν
1053 3119 1274 3198 Χάρισιν
1303 3118 1534 3198 δόλιχον,

362 3209 396 3279 ἢ
421 3213 568 3290 ῥικνῇ
595 3211 764 3288 ῥικνοῦ
791 3209 910 3286 περὶ
937 3203 1182 3284 γούνατος
1205 3205 1383 3283 ἄρκιον
1411 3208 1539 3284 ἱστῷ

440 3295 577 3375 χειρὶ
604 3294 1008 3374 στρογγύλλουσ’
1032 3292 1311 3372 ἱμερόεσσα
1342 3292 1555 3371 κρόκην.

366 3381 806 3461 Ὀγδωκονταέτις
828 3383 875 3439 δ’
899 3379 1223 3460 Ἀχερούσιον
1244 3377 1471 3454 ηὔγασεν
1499 3379 1636 3458 ὕδωρ

265 3501 314 3539 10
445 3476 477 3543 ἡ
502 3469 641 3530 καλὰ
662 3473 687 3494 *
707 3469 797 3528 καὶ
820 3472 993 3534 καλῶς
1015 3467 1247 3534 Πλατθὶς
1273 3466 1595 3546 ὑφηναμένη.

817 3619 953 3670 727.
998 3607 1464 3668 ΘΕΑΙΤΗΤΟΥ.

367 3754 418 3812 Τ
421 3750 482 3809 ὰν
509 3747 722 3828 γνώμαν
751 3745 916 3807 ἐδόκει
943 3745 1146 3812 Φιλίας
1171 3747 1228 3804 οὗ
1253 3742 1484 3825 δεύτερος
1512 3744 1675 3803 ἄλλου

450 3828 612 3913 εἶμεν·
640 3840 668 3895 ὁ
695 3835 750 3894 δὲ
778 3833 1013 3916 φθονερὸς
1039 3832 1266 3892 κλαιίτω
1292 3831 1411 3892 ἔσκε
1440 3831 1588 3911 θάνῃ.

373 3925 510 3985 Ἀλλ’
539 3924 708 4002 ἔμπας
737 3922 886 3991 δόξας
911 3921 1060 3980 κενεὰ
1083 3920 1262 4002 χάρις·
1288 3922 1361 3979 εἰν
1386 3915 1507 4002 ἀΐδα
1529 3920 1628 3999 γὰρ

454 4011 604 4072 Μίνω
627 4009 887 4090 Θερσίτας
911 4006 1056 4068 οὐδὲν
1086 4006 1404 4088 ἀτιμότερος.

789 4149 926 4200 728.
975 4139 1495 4200 ΚΑΛΛΙΜΑΧΟΥ.

375 4276 541 4386 Ἱεργέη
571 4275 850 4358 Δήμητρος
871 4275 974 4354 ἐγώ
1002 4297 1160 4347 ποτε,
1179 4273 1269 4333 καὶ
1295 4273 1454 4333 πάλιν
1484 4272 1779 4352 Καὸείρων,

450 4386 582 4442 ωνερ
598 4408 616 4436 ,
641 4364 730 4422 καὶ
761 4362 1039 4438 μετέπειτα
1067 4360 1424 4437 Δινδυμήνης,

375 4457 410 4524 ἦ
437 4455 600 4531 γρῆῦς
627 4451 871 4529 γενόμην,
896 4454 930 4521 ἡ
951 4454 1039 4508 νῦν
1062 4450 1228 4523 κόνις,
1255 4453 1349 4520 ἡνο
1363 4448 1392 4480 ⁴*
1409 4447 1432 4472 '¹'
1449 4447 1474 4472 *

379 4616 583 4681 Projeeti
608 4615 790 4666 reditus
807 4617 976 4666 animis
1002 4631 1014 4665 :
1043 4631 1152 4682 pars
1180 4623 1388 4681 utraque
1409 4621 1550 4664 testes

446 4702 518 4747 De
546 4706 674 4747 tanta
694 4698 818 4747 solas
841 4697 976 4748 clade
1001 4696 1198 4762 reliquit
1226 4711 1352 4746 aves.

975 4824 1088 4884 723.
1124 4837 1342 4870 ructa-n.

385 4949 430 4996 Ο
457 4943 576 4996 bene
601 4947 727 4995 cuna
753 4946 834 4995 diu
853 4945 991 4995 telius
1019 4945 1456 4995 invictaLaconnm

1978 325 2134 374 Ambo
2159 338 2295 387 vero,
2318 337 2518 389 prorsus
2546 322 2735 385 abjecto
2756 323 2804 373 in
2820 322 3025 386 patriam
3046 321 3225 383 reditu,

2042 412 2213 463 avibus
2234 413 2402 463 mortis
2420 414 2609 463 nostr-m
2634 410 2924 461 mandamus
2946 410 3193 461 nuncium.

2473 554 2579 601 722.
2619 552 3055 600 THEODORIDAE.

1984 692 2225 753 In-pugna
2246 690 2553 741 intersectum
2578 689 2721 754 lugeo
2736 688 3123 751 Timosthenem‚
3144 688 3296 738 filium
3318 683 3607 742 Molossi,

2046 780 2262 827 exterum
2282 778 2332 828 in
2356 779 2524 829 extera
2541 777 2773 841 cecropia
2800 776 3107 831 exstinctum,

2492 922 2599 969 723.
2648 927 3029 970 Anommtm.

1987 1068 2110 1123 Quae
2131 1066 2266 1130 prins
2288 1078 2397 1116 eras
2413 1064 2648 1115 indomita
2666 1068 2715 1116 et
2736 1065 3007 1127 inaccessa,
3029 1078 3060 1113 o
3080 1063 3421 1114 Lacedaemon
3442 1100 3458 1121 ,

2052 1154 2243 1203 sumum
2262 1166 2410 1217 super
2435 1154 2614 1202 Eurota
2637 1152 2871 1216 prospieis
2894 1150 3119 1201 Olenium
3148 1150 3501 1215 (Achaicum
3518 1148 3567 1207 )‚

1988 1242 2319 1295 nulla-umbra
2346 1244 2753 1307 arborum3aves
2777 1246 2942 1294 autem
2956 1243 3007 1293 in
3024 1246 3155 1293 terra
3176 1240 3304 1292 nidis
3328 1239 3553 1305 positis

2048 1334 2401 1391 larneniantur3
2429 1335 2577 1395 atque
2598 1346 2716 1383 oves
2735 1346 2831 1383 non
2854 1330 3062 1382 audiunt
3080 1330 3199 1395 lupi.

2434 1479 2539 1525 724.
2570 1475 2803 1523 ·ANYTAE
2834 1474 3098 1524 LYmcAE.

1994 1614 2215 1666 Profecto
2224 1612 2516 1664 fortitudote
2528 1577 2898 1674 manebat-che,
2910 1609 3122 1674 perdidit
3132 1610 3181 1659 in
3190 1622 3309 1672 aene,
3321 1608 3466 1658 dom
3472 1622 3599 1657 um—

2054 1702 2239 1753 Phidiae
2262 1702 2311 1751 in
2334 1704 2439 1751 atro
2457 1701 2596 1750 luctu
2618 1698 2913 1749 eonstituisti
2932 1699 3219 1754 exstinctum
3256 1696 3374 1759 [que
3399 1694 3601 1759 patris

1996 1792 2083 1843 sed
2106 1790 2357 1855 pulchram
2383 1803 2499 1839 sane
2526 1788 2737 1851 desuper
2756 1801 2925 1837 vocem
2950 1787 3077 1836 hanc
3092 1786 3215 1850 lapis
3239 1786 3371 1837 canit
3384 1824 3401 1849 ‚

2054 1884 2104 1930 te
2128 1878 2307 1929 obiisse
2331 1890 2420 1941 pro
2444 1890 2555 1926 cara
2578 1876 2903 1926 decertantem
2928 1875 3101 1938 patria.

2486 2018 2593 2065 725.
2633 2014 3034 2065 GALLIMACHI.

1997 2172 2054 2209 a.
2088 2158 2227 2208 AEnie
2247 2158 2564 2218 Menecrates,
2584 2169 2699 2206 nam
2722 2158 2780 2205 tu
2797 2168 2995 2219 quoque
3028 2153 3108 2204 hie
3127 2167 3221 2203 non
3252 2154 3302 2203 in
3337 2150 3587 2201 multum

2059 2244 2191 2295 suisti
2216 2265 2227 2293 ε
2248 2242 2367 2308 quid
2391 2246 2442 2293 te
2456 2282 2468 2305 ,
2491 2242 2739 2306 hospitum
2758 2242 2965 2305 optime,
2996 2240 3233 2291 confecit?
3312 2238 3587 2303 [tempu-‚-

1995 2344 2055 2381 an
2064 2330 2114 2380 id
2122 2328 2256 2392 quod
2264 2328 2408 2379 etiam
2418 2328 2796 2378 Centaurumw.
2808 2326 2927 2376 Mihi
2942 2325 3329 2376 sato-destinatus
3342 2337 3584 2374 somnus

2056 2417 2189 2468 venit
2204 2455 2217 2479 ,
2241 2419 2294 2467 at
2316 2417 2548 2467 miserum
2572 2415 2744 2464 vinum
2770 2416 2845 2465 est
2866 2413 3144 2477 praetextui.

2544 2559 2651 2607 720.
2684 2555 2990 2605 LEONIDAE.

2000 2695 2344 2759 vespertinum
2369 2696 2421 2745 et
2444 2693 2737 2744 matutinum
2764 2690 2949 2756 fugavit
2975 2702 3104 2753 saepe
3126 2703 3349 2739 somnum

2058 2780 2224 2831 vetula
2250 2781 2583 2843 paupertatem
2610 2777 2817 2828 Platthis
2840 2778 3103 2841 repellens·‚

1999 2872 2047 2922 et
2068 2868 2187 2933 quid
2205 2868 2266 2919 ad
2288 2869 2449 2919 oolum
2465 2871 2516 2920 et
2532 2869 2811 2919 consocium
2839 2867 3007 2918 susum

2060 2958 2261 3017 cecinit,
2288 2970 2423 3007 canae
2448 2959 2659 3008 senectae
2680 2957 2863 3017 vicina,

2002 3051 2051 3096 et
2068 3046 2349 3096 tum-etiam
2360 3045 2708 3109 juxta-malum
2732 3057 2908 3108 gyrans
2934 3057 3093 3106 usque
3118 3041 3181 3092 ad
3207 3055 3435 3092 auroram

2067 3133 2188 3183 illud
2205 3135 2435 3183 Minervas
2455 3147 2567 3183 cum
2585 3132 2764 3183 Gratiis
2782 3131 3078 3182 eun-iculum
3090 3169 3103 3193 ,

2006 3225 2092 3271 aut
2112 3223 2287 3283 rugosa
2310 3233 2541 3283 rugosum
2564 3221 2693 3269 cirea
2710 3233 2838 3283 genu
2858 3217 3105 3269 sufficiens
3124 3215 3235 3267 telae

2068 3321 2215 3357 mann
2243 3307 2511 3356 rotundans
2532 3306 2751 3356 amabilis
2770 3305 2926 3356 iilum.

2008 3398 2261 3462 Octoginta
2283 3399 2451 3446 autem
2474 3409 2627 3446 annos
2648 3399 2762 3447 nata
2786 3393 3103 3446 Acherusiam
3124 3392 3247 3443 vidit
3268 3405 3451 3454 aquam

2069 3499 2193 3535 anus
2209 3484 2413 3549 pulchra
2430 3487 2481 3535 et
2503 3484 2702 3548 pulchre
2718 3483 2932 3534 Platthis
2951 3481 3328 3546 quaa-texuerat.

2535 3629 2641 3676 727.
2676 3626 3019 3675 THEAETETL

2008 3741 2221 3789 Mentem
2244 3737 2501 3789 videbatur
2518 3737 2709 3789 Phileas
2726 3751 2825 3788 non
2842 3737 3041 3788 inferior
3059 3735 3283 3788 ullo-alio

2071 3839 2205 3885 esse:
2225 3827 2311 3890 qui
2336 3839 2455 3877 vero
2479 3826 2677 3876 invidus
2690 3863 2706 3888 ‚
2732 3826 2921 3890 plorato
2938 3826 3093 3875 donee
3118 3823 3370 3873 moriatur.

2011 3914 2107 3964 Sed
2124 3915 2288 3965 tamen
2304 3914 2447 3964 samae
2464 3913 2619 3964 inanis
2637 3916 2712 3964 est
2741 3913 2897 3978 gratia
2916 3933 2931 3962 ι
2948 3913 3000 3962 in
3020 3915 3148 3962 Oreo
3170 3912 3297 3962 enim

2076 4001 2237 4053 Minoe
2256 4002 2502 4053 Thersites
2518 4001 2669 4052 nihilo
2687 4001 2955 4065 ignobilior.

2510 4147 2615 4194 728.
2650 4139 3054 4194 CALLIMAcffl.

2015 4283 2161 4346 Virgo
2182 4282 2410 4333 sacerdos
2426 4282 2617 4333 Cereris
2634 4295 2722 4346 ego
2743 4281 2857 4332 olim
2870 4318 2884 4343 ,
2912 4282 2963 4331 et
2982 4292 3157 4330 rursus
3181 4277 3469 4328 cabirorum
3493 4314 3507 4337 ,

2078 4384 2110 4420 o
2139 4369 2287 4422 homo
2303 4406 2316 4432 ‚
2337 4373 2387 4422 et
2406 4369 2584 4421 deinde
2600 4369 2938 4433 Dindymenae,

2018 4471 2142 4508 anus
2168 4458 2267 4521 sui,
2288 4471 2403 4522 quae
2425 4473 2555 4509 nune
2576 4471 2688 4510 sum
2712 4457 2833 4508 cinis
2847 4494 2867 4519 ,
2894 4455 2951 4520 [a
2977 4455 3071 4506 diis
3092 4453 3268 4517 nacta]

2084 4616 2279 4667 Cernis?
2303 4617 2365 4666 ab
2388 4620 2563 4667 Eurota
2594 4615 2805 4678 summit
2826 4615 3041 4665 Olenius.

2020 4699 2200 4750 Umbra
2228 4700 2319 4750 tibi
2344 4700 2478 4750 nulla
2500 4710 2588 4751 est.
2614 4703 2839 4750 Moesmm
2860 4715 2942 4749 sua
2966 4706 3093 4748 tecta
3122 4698 3365 4746 volantum

2088 4786 2265 4848 Agmen
2290 4782 2421 4832 humi
2449 4783 2581 4849 ponit
2600 4819 2613 4845 ,
2644 4797 2732 4832 nee
2753 4782 2894 4848 iupus
2914 4779 3045 4830 audit
3069 4793 3197 4829 ova.
