3829 5747
1004 330 1438 463 nnnvls
1513 328 2196 457 ANNQTATm
2269 330 2388 421 IN
2463 329 2849 455 cium*
2925 334 2996 421 1.

1722 550 2274 587 ψ-

480 762 639 827 capiti
664 762 712 812 in
730 759 906 811 codiee
928 758 1235 824 prasmlssum
1260 758 1353 807 hoc
1368 756 1523 807 veluti
1546 756 1837 821 prooemium
1867 776 1881 805 ι
1902 756 1966 805 τὰ

418 840 513 885 τῶν
542 836 828 895 Χριστιανῶν
848 829 1145 894 προτετάχθω
1171 829 1339 886 εὐσεὸἥ
1362 829 1442 877 καὶ
1472 828 1572 877 θεῖα
1608 826 1962 891 ἐπιγράμματα,

421 906 511 953 κᾶν
531 906 576 952 οἱ
594 903 810 959 Ἕλληνες
826 901 1199 963 ἁπαρὲσκωνται.

477 1046 516 1092 1.
552 1042 813 1092 Notissima
850 1042 926 1089 est
966 1041 1015 1088 S.
1057 1036 1250 1101 Sophioe
1290 1036 1495 1086 ecclesia
1531 1032 1962 1097 Constantinopoli.

420 1132 445 1158 c«
474 1114 721 1177 Κιὸούριον
756 1110 834 1159 vel
861 1110 1079 1171 κιδὼριον
1110 1121 1208 1157 11011
1232 1110 1307 1157 est
1332 1105 1452 1156 illud
1476 1106 1731 1155 vasculum
1757 1102 1890 1167 quod
1914 1102 1966 1151 in

416 1183 634 1234 ecclesiis
659 1180 910 1232 catholicis
934 1180 1121 1229 ciboire
1137 1178 1369 1237 dicimus;
1390 1175 1478 1226 sed
1498 1175 1705 1225 aedicula
1721 1174 1803 1224 illa
1826 1172 1966 1223 altari

418 1252 819 1317 superimposita,
862 1248 1231 1299 tabernaculum
1248 1286 1261 1308 ,
1320 1246 1643 1307 {aber-nacte,
1691 1246 1839 1309 vulgo
1877 1258 1966 1293 vo-

418 1328 553 1385 cata,
572 1337 673 1387 qua
710 1320 947 1371 ciborium
975 1318 1249 1369 custoditur
1272 1317 1532 1367 inclusum.
1564 1336 1590 1359 ι»
1620 1317 1682 1365 Β.

466 1464 530 1513 11.
559 1460 858 1519 Blachernae,
880 1457 1173 1509 suburbium
1207 1452 1716 1515 Constantinopoleos,
1742 1452 1827 1501 ubi
1847 1464 1958 1501 san·

414 1534 509 1582 ctae
530 1530 741 1595 Virginis
764 1528 861 1580 ruit
877 1525 1098 1579 ecclesia.
1120 1551 1183 1565 -
1206 1530 1248 1577 1.
1274 1544 1299 1567 σι
1318 1526 1407 1573 Est
1433 1522 1658 1573 Justinus
1676 1520 1934 1571 Secundus
1951 1558 1963 1580 ,

412 1594 675 1645 Iustiniani
698 1605 967 1643 sucoessor.
995 1594 1069 1641 De
1095 1604 1199 1653 quo
1222 1592 1435 1641 zonaras
1476 1591 1646 1641 Annal.
1684 1592 1809 1650 XIV,
1850 1594 1908 1639 1ο
1940 1603 1952 1631 =

412 1662 497 1719 τὰς
524 1664 692 1725 ἁψῖδας
714 1663 854 1725 ἄμφω
870 1666 941 1724 τῷ
957 1666 1057 1724 ναῷ
1075 1666 1145 1724 τῷ
1164 1662 1211 1709 ἐν
1232 1661 1511 1723 Βλαχίρναις
1529 1662 1776 1724 προσέθετο
1790 1663 1845 1710 ἐκ
1863 1678 1966 1709 και-

415 1734 517 1789 νῆς,
546 1733 609 1786 ὣς
625 1730 741 1779 εἶναι
759 1734 921 1779 τοῦτον
940 1730 1229 1791 σταυρωιᾶἥ.
1258 1730 1400 1779 Coni'.
1425 1732 1639 1793 Ducang.
1668 1731 1762 1783 GP.
1780 1728 1962 1780 Christ.

414 1798 502 1858 lv,
528 1809 576 1861 p.
606 1802 684 1859 83,
715 1796 746 1861 5
772 1806 818 1849 ο.
852 1818 877 1841 ι»
908 1800 971 1847 Β.
1000 1798 1146 1856 Quod
1175 1811 1303 1862 opus
1327 1798 1389 1848 de
1412 1798 1767 1862 plurimisesse
1796 1812 1969 1848 consu·

412 1865 614 1919 lendum
639 1880 755 1931 quaa
777 1866 829 1917 in
853 1866 933 1917 his
963 1869 1391 1932 epigrammatibus
1409 1870 1864 1930 commemorantur,
1893 1882 1967 1919 se-

413 1937 511 1988 mel
534 1938 782 1987 monuisse
808 1938 1009 1989 suflicit.

474 2078 561 2127 111.
590 2103 653 2115 -
675 2081 718 2127 1.
750 2096 775 2119 σι
796 2080 903 2127 Non
927 2089 958 2128 a
982 2078 1177 2129 Justino
1200 2078 1355 2143 primo
1373 2117 1386 2139 ,
1415 2078 1503 2129 sed
1521 2092 1552 2129 a
1577 2078 1861 2140 Pulcheria‚·
1879 2083 1966 2130 Ar-

414 2145 538 2195 cadii
558 2144 681 2207 filia,
706 2147 937 2196 Marciani
965 2161 1139 2210 uxore,
1168 2148 1455 2197 aedificatam
1482 2148 1633 2198 fuisse
1660 2149 1792 2199 illam
1818 2150 1968 2199 cccle-

414 2216 537 2265 siam
560 2218 771 2265 zonaras
797 2220 963 2267 narrat
990 2218 1157 2267 Annal.
1188 2221 1328 2279 xm,
1358 2222 1435 2279 24,
1474 2231 1524 2281 p.
1558 2223 1636 2269 4ο.
1666 2222 1873 2282 Magnus
1889 2223 1966 2270 est

415 2285 713 2349 scriptorum
740 2300 1036 2349 consensus,
1064 2301 1192 2350 quos
1216 2288 1330 2337 vide
1356 2291 1671 2355 ap.Ducang.
1700 2290 1732 2340 1.
1764 2304 1805 2339 c.
1846 2310 1871 2334 a»
1898 2294 1960 2339 B.

474 2426 559 2476 IV.
592 2424 823 2488 studius,
851 2426 929 2475 vir
958 2426 1219 2490 patricius,
1247 2426 1595 2477 monasterium
1621 2431 1672 2479 et
1710 2430 1966 2480 ecclesiam

415 2494 467 2545 in
490 2494 725 2545 honorem
762 2500 811 2546 s.
860 2497 1060 2547 Joannis
1098 2497 1419 2547 Praecursoris
1462 2498 1565 2548 sive
1601 2499 1833 2570 Baptista}
1875 2513 1964 2550 ex-

414 2567 593 2617 struxit
618 2568 1049 2631 Constantinopoli.

473 2708 533 2755 V.
568 2706 823 2756 Amantius
849 2704 1180 2756 cubicularius
1197 2706 1464 2769 imperante
1480 2706 1733 2757 Anastasio
1751 2706 1965 2758 011111100-

410 2776 485 2826 ν11
508 2776 589 2826 vel
612 2775 925 2827 reaedificavit
950 2779 1001 2826 S.
1023 2775 1227 2826 Thomae
1250 2776 1435 2839 cedem,
1463 2776 1515 2827 in
1547 2790 1607 2825 eo
1631 2780 1793 2827 tractu
1826 2777 1964 2828 urbis

411 2845 499 2909 qui
527 2846 589 2897 ab
614 2846 761 2897 domo
792 2846 901 2909 eius
925 2847 1195 2898 vocabatur
1219 2847 1280 2897 τὰ
1300 2846 1560 2910 Ἀμαντίου.
1587 2846 1803 2898 Codinus
1831 2851 1891 2899 :⁶
1914 2850 1964 2900 δὲ

412 2917 542 2974 ἅγιος
576 2920 752 2981 Θωμᾶς
775 2920 802 2966 ὁ
838 2919 898 2966 τὰ
928 2918 1173 2980 Ἀμαντίου
1210 2917 1493 2980 καλούμενος
1527 2919 1654 2974 οἶκος
1684 2918 1741 2978 ἦν
1782 2919 1950 2982 'Apav-

411 2987 533 3036 τίου.

479 3123 561 3174 v1.
600 3141 625 3164 σι
656 3121 949 3185 Sphoracius
976 3121 1072 3172 fuit
1100 3122 1270 3172 consul
1286 3134 1330 3173 a.
1362 3125 1470 3173 452.
1501 3122 1599 3181 Qui
1614 3137 1769 3187 quum
1796 3138 1859 3175 ex
1883 3125 1961 3175 in·

414 3191 588 3244 cendio
613 3194 782 3241 salvus
808 3191 1068 3253 evasisset,
1081 3191 1337 3243 Theodoro
1364 3192 1593 3256 martyri,
1625 3193 1789 3244 Tironi
1814 3194 1963 3257 dicto,

412 3262 665 3314 ecclesiam
682 3261 945 3320 exstruxit3
964 3261 1078 3312 vide
1094 3265 1313 3326 Ducang.
1331 3274 1382 3326 p.
1415 3267 1519 3325 139,
1538 3264 1690 3328 5102.
1722 3283 1747 3308 ιι
1778 3268 1839 3316 Β.

473 3404 579 3453 vn.
612 3403 693 3458 Εἰς
721 3401 802 3450 τὸν
846 3400 1014 3462 αὗτᾶν,
1040 3399 1269 3451 videlicet
1304 3401 1589 3466 Σφωράκιον.
1621 3402 1853 3454 Additum
1890 3407 1968 3455 est

412 3473 632 3526 lemmati
658 3491 672 3522 ε
700 3472 747 3522 ἰν
783 3471 825 3535 ᾧ
855 3472 911 3520 τὸ
947 3471 1162 3536 λογάριον
1194 3473 1367 3536 εὑρέθη.
1395 3473 1500 3522 Hoc
1528 3473 1657 3522 0111111
1696 3477 1967 3526 monstrare

412 3543 643 3595 videntur
689 3539 974 3606 compendia
1028 3540 1273 3591 ductuum
1287 3579 1301 3602 ,
1342 3554 1373 3590 a
1411 3541 1635 3592 Jacobsio
1684 3544 1848 3592 tamen
1895 3544 1968 3594 sic

413 3615 545 3666 lecta
570 3633 585 3663 2
616 3615 663 3663 ἑν
696 3617 796 3674 ναῷ
815 3618 899 3661 τοῦ
916 3616 1241 3676 Δογαριαστοῦ
1258 3614 1434 3674 εὑρέθη.
1465 3631 1492 3656 a
1517 3612 1705 3671 Quodsi
1718 3615 1968 3676 repertum

413 3684 565 3735 suerit
587 3698 617 3734 a
643 3681 955 3745 compilatore
980 3679 1032 3730 id
1067 3681 1363 3745 epigramma
1390 3681 1441 3732 in
1469 3681 1759 3747 Logariastae
1794 3697 1967 3733 mona-

412 3755 586 3816 sterio,
621 3753 818 3802 videtur
842 3765 903 3802 eo
928 3751 1082 3801 fuisse
1117 3753 1275 3802 serius
1298 3753 1625 3804 translatum:
1650 3767 1765 3802 nam
1794 3753 1966 3803 inscri-

412 3829 553 3889 ptum
589 3824 685 3874 fuit
713 3821 967 3886 Sphoracii
1004 3823 1232 3885 sepulcro
1268 3823 1349 3873 vel
1374 3823 1570 3888 imagini
1604 3823 1655 3874 in
1676 3824 1781 3888 ipsa
1805 3823 1967 3874 Theo-

412 3894 521 3944 dori
545 3893 735 3944 Tironis
776 3892 906 3954 aede,
949 3891 1011 3941 ab
1038 3891 1259 3943 Anatolio
1286 3893 1495 3955 patrueli
1532 3897 1723 3958 gratum
1750 3894 1968 3944 animum

410 3964 752 4014 testificatur-o.
771 3991 835 4005 -
860 3967 906 4012 3.
938 3962 1155 4013 Gratiam
1182 3963 1353 4014 aliam
1370 3965 1602 4025 1110οπ11,
1632 3964 1819 4015 scilicet
1835 3963 1968 4028 apud

410 4036 589 4084 Deum.
620 4053 645 4077 ι»
686 4034 747 4083 Β.
778 4035 1004 4082 Fortasse
1042 4033 1157 4096 ἄλλῃ
1199 4032 1451 4082 invenerat
1473 4034 1553 4084 vel
1574 4033 1813 4096 scriptum
1857 4046 1968 4084 esse

411 4097 701 4168 opinabatur
726 4103 1034 4166 (oppositum
1060 4102 1379 4166 sequentibus
1406 4104 1483 4151 καὶ
1500 4105 1549 4153 ἐν
1567 4110 1687 4166 νηῷ)
1713 4103 1802 4167 qui
1818 4101 1965 4153 scho-

414 4172 584 4223 liolum
609 4172 829 4222 exaravit
851 4171 1071 4222 lemmati
1099 4171 1323 4222 additum
1355 4191 1368 4221 :
1406 4172 1586 4222 mirum
1610 4173 1739 4222 enim
1782 4173 1833 4223 ni
1866 4172 1966 4223 huc

415 4253 475 4290 ea
498 4241 668 4291 notula
684 4241 749 4292 sit
773 4241 1042 4292 referenda.

475 4387 605 4436 vm.
640 4386 944 4438 sastinianus
970 4387 1035 4437 ad
1071 4386 1347 4438 Hormisdae
1370 4387 1605 4451 palatium
1648 4386 1773 4437 duas
1810 4387 1966 4437 eccle-

418 4454 516 4574 {uam
540 4457 875 4574 ἰὶεὴιιιοηῄ
904 4471 1053 4508 unam
1079 4461 1225 4509 Petro
1249 4456 1465 4508 etPaulo
1478 4495 1491 4519 ,
1510 4457 1713 4507 alteram
1736 4458 1899 4521 Sergio
1918 4459 1970 4508 et

490 4538 543 4574 cc
618 4561 631 4573 .

484 4667 561 4714 lx.
600 4683 625 4708 ι
657 4663 989 4730 Archangelus
1023 4669 1099 4718 est
1133 4668 1439 4732 peculiariter
1464 4670 1513 4718 S.
1550 4666 1770 4718 michael.
1798 4667 1970 4718 Varias

422 4735 707 4800 Archangeli
733 4736 962 4787 ecclesias
991 4741 1211 4789 recenset
1236 4741 1454 4804 Ducang.
1482 4741 1567 4800 IV,
1595 4751 1643 4801 p.
1671 4743 1774 4800 188,
1806 4743 1911 4789 187.
1942 4757 1967 4782 υ

2113 758 2168 805 Χ.
2190 784 2252 797 --
2282 760 2322 806 1.
2353 755 2476 805 AElia
2509 754 2752 815 Eudocia,
2793 754 2932 819 prius
2957 755 3214 817 Athenais,
3243 756 3501 809 Theodosii
3523 758 3606 821 ju-

2053 824 2200 875 nioris
2225 838 2360 875 uxor.
2391 853 2452 867 -
2487 829 2533 877 7.
2566 844 2592 868 c«
2633 828 2660 874 J
2667 826 2826 875 uliana
2857 840 2953 875 non
2981 828 3076 877 suit
3101 828 3420 878 Valentiniani
3461 831 3604 893 primi

2054 894 2154 945 filia
2181 898 2272 953 (ut
2297 898 2372 945 est
2399 909 2476 959 ap.
2509 898 2726 958 Ducang.
2755 909 2803 959 p.
2841 900 2946 957 133,
2974 897 3005 960 §
3037 903 3091 948 81
3115 936 3129 959 ,
3158 898 3244 947 ubi
3269 898 3332 948 de
3357 900 3605 961 Polyeucti

2053 965 2258 1014 ecclesia
2304 965 2567 1027 disserit),
2592 966 2749 1015 multo
2773 965 2935 1015 minus
2959 970 3180 1017 matrona
3207 968 3438 1030 quaedam
3473 972 3606 1019 con-

2053 1035 2474 1097 stantinopolitaua
2490 1036 2630 1098 (quae
2657 1035 2748 1085 suit
2767 1038 2980 1100 Gregorii
2997 1037 3292 1087 Turonensis
3309 1039 3603 1099 sententia),

2053 1104 2140 1153 sod
2178 1104 2431 1165 Placidiae,
2477 1105 2708 1157 Eudociae
2751 1105 2865 1156 filioe
2885 1144 2898 1167 ,
2933 1106 3046 1157 tilia.
3081 1106 3200 1157 Inde
3233 1111 3449 1171 τέτρατον
3483 1108 3604 1170 αἱμα

2051 1172 2262 1235 λαχοῦσα
2288 1173 2550 1237 intelligis,
2578 1174 2714 1237 quod
2730 1212 2743 1235 ,
2771 1177 3024 1225 numerata
3061 1175 3305 1236 Eudocia,
3337 1175 3490 1239 gradu
3519 1190 3601 1239 ge-

2052 1241 2297 1305 nealogica
2326 1244 2517 1293 Juliana
2542 1244 2607 1294 sit
2627 1247 2826 1307 quarta,
2854 1244 2949 1295 hac
2973 1245 3160 1296 scilicet
3183 1245 3309 1295 serie
3338 1267 3351 1294 :
3391 1246 3607 1296 Eudocia

2053 1326 2175 1361 uxor
2197 1312 2481 1372 Theodosii3
2509 1312 2690 1363 Licinia
2715 1312 2930 1364 Eudoxia
2955 1328 3084 1364 uxor
3098 1314 3418 1365 Valentiniani
3443 1316 3602 1373 tertii;

2051 1380 2263 1431 Placidia
2291 1395 2412 1431 uxor
2436 1378 2590 1431 Anicii
2618 1380 3039 1444 Olybrii31uliaua
3059 1384 3247 1445 Anicia,
3266 1383 3328 1433 de
3354 1396 3453 1449 qua
3473 1398 3608 1433 nunc

2053 1451 2229 1514 agitur,
2260 1470 2284 1493 α
2308 1451 2448 1514 cujus
2462 1451 2618 1516 pietas
2638 1453 2739 1513 (ait
2764 1456 2980 1515 Ducang.
2999 1452 3168 1516 >apud
3194 1452 3536 1515 Theophanem
3554 1452 3608 1501 in

2051 1520 2276 1570 excitatis
2293 1518 2705 1585 Constantinopoli
2723 1522 2872 1572 saa-is
2897 1522 3087 1573 oedibus
3104 1522 3387 1572 celebratur.
3411 1542 3436 1566 ι»
3464 1526 3525 1572 Β.
3541 1549 3610 1560 -

2053 1594 2130 1639 29.
2152 1589 2282 1639 Huic
2303 1590 2470 1639 versui
2493 1590 2544 1639 in
2575 1590 2698 1641 cod.
2729 1590 3063 1655 adscriptum:
3095 1594 3312 1655 μένουσιν
3331 1592 3487 1655 ἄριστε
3506 1593 3606 1655 (er-

2051 1672 2134 1707 ror
2157 1672 2220 1709 en
2245 1659 2559 1721 ἂριστοπόνων
2576 1663 2723 1711 natus
2739 1698 2752 1721 ,
2773 1675 2873 1723 quo
2898 1660 3007 1711 haec
3032 1662 3330 1711 reseruntur.
3351 1660 3602 1711 Boissona·

2050 1727 2164 1777 dius
2191 1728 2359 1791 ἄρτια)
2401 1729 2553 1778 πάντα
2593 1732 2726 1793 μέχρι
2761 1737 2842 1789 τῆς
2872 1732 3073 1793 σήμερον
3103 1732 3224 1780 ἔτεσι
3263 1732 3602 1787 πεντακοσίοις.

2051 1798 2251 1848 Decimo
2278 1798 2426 1862 igitur
2451 1798 2633 1848 saeculo
2658 1800 2878 1850 collectio
2903 1799 3012 1849 hinc
3037 1800 3438 1864 epigrammatum
3463 1800 3606 1850 insti-

2050 1870 2159 1917 tuta
2185 1870 2274 1917 est.
2304 1895 2368 1907 -
2393 1872 2470 1916 31.
2499 1866 2666 1917 Codex
2689 1868 2740 1917 in
2777 1869 2989 1932 margine
3019 1888 3031 1916 ε
3069 1874 3218 1918 ταῦτα
3247 1870 3330 1930 μὲν
3367 1869 3430 1931 (a
3453 1881 3604 1917 versu

2051 1940 2142 1997 30)
2163 1938 2211 1986 ἐν
2237 1942 2307 2000 τῷ
2339 1943 2438 1999 ναῷ
2457 1936 2634 1987 ἔνδοθεν
2665 1938 2825 2000 κύκλῳ
2849 1940 3218 2003 περιγράφονται.
3246 1938 3368 1989 ibid.
3399 1940 3603 2002 ἀμετρή-

2049 2024 2144 2062 τοις
2161 2043 2176 2067 ,
2201 2006 2633 2057 innumerabilibus
2656 2008 2912 2070 (videlicet
2936 2008 3118 2057 sanctis
3141 2010 3192 2057 et
3225 2004 3550 2068 martyribus)
3589 2026 3603 2055 ε

2051 2078 2123 2127 sic
2135 2076 2300 2127 codex
2319 2079 2368 2126 et
2382 2076 2640 2127 Jacobsius
2654 2115 2666 2137 ,
2689 2078 2870 2139 reiecto
2886 2077 3020 2139 quod
3035 2077 3152 2126 olim
3163 2076 3380 2125 ediderat
3398 2078 3602 2139 ἀμετρή-

2051 2163 2251 2203 τους.--
2268 2152 2328 2197 35
2357 2152 2500 2196 πᾶσιν
2517 2161 2614 2196 11011
2639 2148 2835 2198 videtur
2858 2149 3116 2212 integrum.
3137 2173 3199 2183 —
3216 2152 3292 2197 39.
3323 2148 3437 2197 Υἱέῑ.
3469 2166 3495 2189 «ι
3521 2148 3600 2195 Ex

2050 2216 2268 2277 Juliana,
2299 2230 2415 2279 quae
2445 2216 2718 2269 Areobindo
2745 2218 2940 2281 nupsit,
2967 2218 3069 2268 nati
3101 2217 3326 2281 Olybrius
3358 2217 3522 2281 junior
3547 2221 3602 2267 et

2051 2286 2344 2349 Dagalaifus.
2358 2290 2598 2345 ..Quorum
2625 2292 2736 2339 uter
2759 2288 3046 2351 respiciatur
3063 2288 3242 2337 nescio.
3269 2292 3382 2343 Ταῖς
3416 2288 3606 2349 κούραις

2051 2357 2416 2420 intelligendum
2440 2356 2504 2408 de
2545 2357 2728 2421 Olybrii
2765 2358 2971 2420 iunioris
3004 2361 3092 2407 aut
3117 2357 3345 2421 Dagalaili
3379 2356 3604 2417 filiabus,

2052 2424 2140 2475 sed
2169 2426 2426 2489 utriusque
2454 2441 2603 2477 unam
2630 2430 2822 2479 tantum
2849 2428 2998 2478 filiam
3027 2438 3158 2476 nunc
3191 2427 3430 2490 cognitam
3453 2424 3610 2476 habe-

2050 2508 2177 2544 mus.
2207 2495 2328 2545 Vide
2356 2499 2574 2561 Ducang.
2604 2499 2738 2547 Fam.
2767 2500 2882 2561 Byz.
2899 2512 2947 2561 p.
2978 2501 3055 2547 74.
3089 2516 3113 2540 ι·
3137 2500 3372 2546 Β.-42.
3407 2494 3524 2545 Ccd.
3555 2498 3610 2545 in

2054 2578 2207 2629 marg.
2242 2566 2322 2614 εέν
2355 2572 2414 2629 τῇ
2437 2569 2604 2629 εἰσόδῳ
2636 2574 2719 2617 τοῦ
2755 2570 2897 2618 αὐτοῦ
2931 2573 3046 2617 ναοῦ
3077 2568 3240 2624 ἔξωθεν
3270 2573 3354 2617 τοῦ
3380 2567 3607 2629 νάρθηκος

2052 2636 2164 2699 πρὸς
2176 2636 2259 2693 τὴν
2278 2637 2438 2698 ἁψῖδα.
2457 2662 2519 2671 --
2545 2640 2620 2684 47.
2643 2638 2792 2697 Marg.
2821 2656 2832 2683 :
2854 2637 2900 2685 ἐν
2913 2637 3061 2699 τρισὶν
3075 2636 3224 2684 ἐτεσιν
3243 2636 3456 2691 ἐτελέσθη
3471 2640 3602 2683 ἁπαν

2057 2707 2188 2769 ἔργον
2210 2710 2291 2755 τοῦ
2313 2712 2440 2755 ναοῦ.
2473 2704 2640 2756 Codex
2665 2707 2786 2754 ἔτεσι
2817 2706 2982 2769 χρόνον
3017 2703 3077 2755 δ’.
3102 2704 3362 2755 sac-,olisius
3380 2703 3470 2763 ἥδ’,
3495 2719 3608 2767 pro-

2059 2788 2241 2841 ponens
2278 2776 2422 2825 etiam
2467 2777 2566 2825 ὧδ’.
2600 2775 2753 2826 BoisS.
2793 2778 2971 2827 ἐτὲεσσι
3007 2776 3219 2827 scribere
3265 2776 3493 2827 malebat.
3543 2802 3609 2809 —-

2055 2849 2117 2894 59
2145 2843 2428 2905 ἐμιμήσαντο
2447 2844 2726 2896 Salmasius.
2755 2875 2818 2888 —
2835 2848 2912 2897 60.
2942 2844 3063 2896 Cod.
3092 2842 3140 2895 in
3165 2854 3314 2910 marg.
3341 2864 3354 2894 t
3382 2846 3604 2910 τέσσαρές

2055 2915 2145 2962 alm.
2168 2913 2356 2970 πίνακες
2380 2913 2426 2962 ἐν
2458 2915 2526 2970 ol:
2545 2921 2693 2964 ταῦτα
2722 2917 3076 2980 περιγράφονται
3101 2916 3189 2964 ἀνὰ
3209 2917 3396 2978 στίχους
3414 2917 3550 2964 πέντε
3569 2918 3602 2974 ἢ

2052 2987 2132 3034 καὶ
2161 2987 2224 3042 ἕξ.
2253 3011 2313 3021 -
2341 2989 2400 3036 82
2427 2985 2673 3042 ἂλδὴσασα
2691 2983 2893 3047 conjecit
2919 2982 3285 3043 Boissonadiu8‚
3305 2988 3394 3035 aut
3419 2986 3484 3033 ὧν
3507 2991 3608 3048 (μι-

2052 3055 2255 3117 τάλλων)
2280 3057 2428 3114 φύσις.
2445 3056 2685 3104 Neutrum
2709 3057 3052 3106 necessarium.
3081 3057 3252 3106 Active
3275 3059 3382 3104 tum
3405 3055 3603 3106 diceba·

2051 3127 2137 3175 tur
2161 3126 2327 3175 ᾰνθὲω.
2352 3149 2416 3162 --
2439 3131 2497 3176 83
2533 3122 2727 3186 &viat-qv
2752 3125 2816 3175 ad
2843 3129 3108 3189 utrumque
3136 3125 3339 3175 verbum
3363 3125 3605 3188 pertinet,

2054 3195 2195 3259 quasi
2221 3197 2438 3259 κλέψασα
2467 3195 2663 3258 ἀγλαΐην
2683 3196 2913 3259 ἐφύλασσε
2940 3199 3174 3260 μελάθροις
3211 3199 3332 3245 θεοῦ.
3361 3225 3420 3236 -
3447 3200 3506 3246 64
3536 3212 3610 3244 τε·

2053 3266 2197 3324 λε’σσῃ
2217 3261 2491 3314 Jacobsius.
2527 3264 2646 3314 cod.
2668 3267 2892 3323 τελέσθηι.
2915 3269 2970 3316 111
2995 3266 3210 3330 margine
3237 3285 3251 3314 ε
3278 3265 3474 3328 ἕσχατός
3499 3266 3607 3313 ἐστι

2052 3333 2186 3388 πίναξ
2213 3336 2240 3382 ὁ
2265 3337 2377 3396 πρὸς
2405 3339 2500 3388 τοῖς
2519 3335 2676 3389 δεξιοῖς
2695 3336 2850 3396 μέρεσι
2868 3341 2948 3392 τῆς
2979 3336 3163 3384 εἰσόδου
3179 3371 3192 3386 .
3211 3336 3257 3384 ἐν
3279 3335 3320 3396 ᾧ
3345 3337 3566 3398 ε’πιγὲγρι
3583 3360 3610 3370 -

2056 3420 2170 3452 πται
2187 3409 2354 3452 ταῦτα.
2376 3404 2615 3453 Nimirum
2629 3417 2804 3454 versus
2828 3413 2888 3455 88
2907 3409 2956 3456 01
2980 3419 3137 3468 seqq.;
3153 3406 3280 3454 conf.
3298 3403 3449 3454 schol.
3465 3403 3532 3453 ad
3549 3418 3600 3452 v.

2052 3480 2128 3525 ⁶0.
2157 3499 2221 3510 --
2250 3479 2310 3526 88
2339 3475 2478 3532 δήνεα
2496 3473 2782 3532 Jacobsius3
2809 3474 2971 3524 codex
2996 3477 3139 3525 λίνεα.
3167 3503 3229 3512 —-
3249 3479 3323 3526 70.
3358 3494 3382 3516 «ι
3419 3476 3610 3525 Forsan

2053 3541 2266 3593 nonnihil
2293 3542 2482 3592 excidit.
2514 3546 2614 3593 Aut
2637 3543 2948 3594 scribendum
2979 3545 3094 3597 ὄνθ’.
3117 3565 3141 3588 ιο
3163 3546 3323 3594 Boiss.
3352 3570 3414 3580 —
3441 3548 3500 3594 72
3529 3547 3612 3601 λῄ-

2056 3615 2137 3671 θην
2157 3613 2298 3674 cod.,
2319 3614 2652 3676 superscripto
2671 3616 2864 3665 λύσσαν.

2114 3755 2194 3807 11.
2234 3754 2494 3816 Ἇνίιργυροι
2533 3749 2835 3804 vocabantur
2857 3755 2939 3802 SS.
2987 3754 3190 3803 cosmas
3220 3755 3270 3802 et
3306 3753 3609 3811 Damianus,

2052 3823 2234 3885 quibus
2258 3826 2288 3872 J
2292 3823 2484 3873 ustinus
2518 3823 2765 3874 secundus
2789 3824 2840 3874 et
2873 3821 3053 3886 Sophia
3083 3837 3204 3872 uxor
3233 3823 3485 3872 ecclesiam
3515 3836 3612 3872 ex-

2053 3897 2330 3945 struxerant
2355 3891 2768 3957 coustantinopoli
2793 3893 2843 3942 in
2867 3894 2975 3944 loco
3000 3892 3132 3944 dicto
3155 3895 3214 3943 τὰ
3235 3894 3538 3944 Bacchium.

2114 4035 2217 4085 xn.
2255 4053 2280 4076 κ
2328 4036 2402 4084 De
2427 4033 2533 4084 rede
2583 4035 2632 4083 S.
2662 4031 2947 4097 Euphemiae
2984 4033 3046 4083 ab
3087 4031 3284 4096 Olybrio
3315 4033 3460 4083 dictae
3489 4033 3614 4086 ride

2053 4108 2271 4168 Ducang.
2299 4107 2382 4164 IV,
2403 4119 2451 4154 n.
2480 4113 2528 4165 0,
2555 4103 2586 4168 S
2611 4109 2664 4154 13
2693 4107 2745 4154 01
2768 4104 2980 4154 Marcell.
3001 4103 3066 4153 ad
3091 4103 3290 4153 Kalend.
3312 4106 3349 4154 t.
3369 4106 3406 4162 1,
3423 4116 3469 4166 p.
3496 4108 3611 4156 153.

2053 4203 2116 4213 -
2141 4180 2189 4226 4.
2217 4174 2475 4225 Theodosii
2493 4174 2698 4238 junioris
2724 4173 2838 4224 filia.
2870 4200 2930 4211 —
2955 4181 3001 4225 5.
3032 4173 3268 4236 Placidia,
3295 4173 3530 4225 Eudociae
3559 4181 3618 4227 et

2053 4245 2294 4296 Valentini
2329 4245 2461 4295 tertii
2488 4243 2612 4305 filia,
2641 4243 2794 4294 Anicii
2825 4237 3006 4307 Olybrii
3037 4257 3178 4293 uxor.
3207 4269 3268 4280 —
3297 4248 3342 4295 8.
3382 4244 3614 4306 Juliaua,

2053 4317 2118 4368 de
2143 4329 2244 4382 qua
2271 4329 2346 4379 ep.
2383 4321 2452 4366 10.
2481 4339 2542 4350 ·—
2571 4321 2618 4367 9.
2649 4317 2826 4378 Μητίρι
2843 4351 2859 4374 ,
2884 4313 3136 4374 Placitum
3163 4317 3350 4377 γενέτῃ,
3382 4315 3614 4378 Olybrioz

2055 4390 2190 4451 μητρὶ
2217 4388 2466 4448 τεκούσης,
2489 4386 2612 4436 aviae
2628 4424 2643 4448 ,
2665 4385 2914 4436 Eudociae.
2951 4405 2975 4428 a·
3007 4387 3068 4435 Β.
3099 4387 3258 4434 Versu
3295 4387 3322 4434 7
3359 4399 3454 4435 11011
3477 4400 3620 4450 opus

2053 4461 2112 4510 ut
2135 4459 2271 4516 τήνδε
2296 4457 2552 4507 scribatur.
2574 4463 2704 4507 -10
2719 4458 2799 4505 ὧδ’
2825 4470 2888 4506 an
2920 4457 2964 4512 ἐς
2983 4456 3024 4505 δ’
3053 4455 3117 4506 1111
3141 4455 3191 4504 111
3218 4455 3423 4516 Codice,
3443 4456 3620 4507 incer-

2053 4531 2182 4579 tum.
2212 4527 2301 4577 His
2327 4527 2370 4577 si
2395 4527 2628 4591 adjungas
2657 4529 2758 4577 tres
2787 4526 3079 4590 posteriores
3095 4537 3269 4576 versus
3293 4527 3622 4590 epigramma-

2053 4597 2120 4649 tis
2177 4603 2231 4649 15
2247 4637 2260 4659 ,
2299 4597 2540 4662 integrum
2571 4611 2680 4648 esse
2717 4597 2990 4660 poematica
3017 4595 3226 4646 videtur.
3273 4600 3420 4646 Pares
3447 4599 3622 4648 versi-

2057 4668 2276 4718 culorum
2303 4667 2466 4716 exitus
2491 4663 2571 4716 ὧδ’
2593 4667 2674 4728 (ἐς
2707 4667 2784 4728 δ’)
2818 4668 2927 4730 ἐμὸν
2958 4667 3090 4729 ἱργον
3126 4669 3179 4716 01
3209 4665 3302 4716 εὖτ’
3327 4668 3437 4728 ἐμὸν
3469 4667 3622 4731 ἔργον

2054 4737 2307 4787 turbatum
2330 4735 2411 4786 hic
2450 4737 2602 4786 fuisse
2629 4735 2876 4786 evidenter
2911 4736 3202 4794 ostendunt3
3236 4739 3470 4801 praeterea
3499 4739 3624 4801 epi-

425 4807 486 4855 Β.
523 4805 780 4870 Βὸθρεπτον
818 4819 933 4869 quas
971 4806 1036 4855 sit
1073 4807 1203 4871 regio
1246 4807 1509 4871 ignoratur.
1543 4807 1783 4871 (Pascua
1824 4808 1972 4858 vertit
2057 4820 2273 4870 granuna
2304 4811 2356 4856 15
2389 4819 2478 4869 pro
2503 4806 2689 4870 integro
2713 4806 2954 4870 poematia
2979 4805 3147 4856 baberi
3179 4820 3275 4855 non
3299 4809 3460 4868 potest
3475 4846 3487 4864 ,
3516 4809 3626 4860 sed

424 4875 616 4936 Boias.)
654 4874 731 4925 Ad
766 4875 1061 4940 Bosporum
1101 4875 1383 4941 Archangeli
1408 4877 1565 4928 sedem
1604 4881 1841 4930 memorat
1864 4878 1974 4942 Gyl-
2060 4875 2293 4926 clausulas
2319 4878 2395 4925 est
2429 4875 2726 4925 simillimum
2755 4889 2768 4919 ι
2799 4878 2856 4925 ut
2882 4875 3094 4940 primum
3143 4875 3250 4937 ejus
3280 4887 3479 4925 versum
3504 4877 3628 4925 διι-

425 4946 523 4998 lius
538 4946 589 4996 in
612 4947 818 5010 Topogr.
841 4949 936 4996 cP.
964 4947 1080 4997 Jac.

2061 4951 2286 4996 σκευστοῦ
2305 4957 2412 4996 esse
2439 4959 2590 5009 prope
2615 4945 2935 5010 persuadeam
2963 4945 3097 4998 1111111.
3115 4945 3458 4997 Boissonadius
3480 4961 3628 5010 quo-

1977 5039 2053 5098 16
