3829 5747
516 177 632 235 506

512 308 573 365 V,
595 319 644 369 p.
688 310 790 366 198,
823 309 861 356 E
889 307 1027 370 (coll.
1070 311 1227 372 Etym.
1263 313 1327 362 M.
1359 326 1407 375 p.
1444 319 1553 376 587,
1584 317 1672 378 53)
1707 337 1719 365 ι
1750 321 1961 369 Μακέται
1999 324 2049 370 αι

513 378 791 435 καλούμεναι
822 377 1106 440 Μιμαλλόνες
1142 383 1221 428 καὶ
1254 383 1494 445 Βασσάραι
1525 387 1601 433 καὶ
1627 388 1773 436 Λυδαὶ
1792 405 2056 452 κατακεχυ-

516 448 646 508 μέναι
675 449 754 502 τὰς
780 449 953 510 τρίχας.
984 470 1007 491 n
1036 451 1251 500 Heelrer.
1274 455 1346 502 De
1378 467 1431 503 re
1459 456 1585 504 cous.
1608 469 1685 520 ep.
1713 464 1767 508 19
1794 461 1845 507 et
1866 463 1968 508 not.
1999 486 2059 496 —-—

514 522 543 564 3
568 517 764 578 Ἀλκμὰν
786 518 947 574 Plut.;
979 521 1089 568 ἄλλο
1126 521 1246 571 Cod.
1272 543 1295 564 «ι
1324 524 1540 580 Ῥἡσσων
1567 528 1781 587 τύμπανα
1798 565 1812 588 ,
1832 532 1887 578 ut
1910 542 2058 592 supra

513 599 590 647 ep.
631 590 735 637 485.
781 586 1009 638 Similiter
1042 593 1303 653 tympana
1344 607 1592 658 rumpere
1620 595 1801 646 dixisse
1849 599 2058 648 Statium

512 654 662 704 Theb.
704 658 761 714 Χ,
806 661 915 714 044,
952 659 1203 709 annotavit
1233 659 1439 710 Lobeck.
1488 663 1583 712 Sed
1612 663 1778 714 haereo
1818 665 1865 714 in
1908 668 2054 728 καλὰ,

1616 185 2014 250 ANTHOLOG
2023 189 2119 248 1AE
2161 191 2563 257 PALATINAE

2143 336 2192 386 p.
2219 327 2330 386 403,
2349 329 2411 376 Β.
2436 348 2459 372 ιο
2489 330 2603 380 lac.
2623 333 2851 393 speciose
2867 335 3264 390 Schneidewinus
3295 343 3506 392 correxit
3526 349 3680 404 σταλι,
3774 319 3775 332 ³

2147 413 2170 434 a
2203 395 2290 444 sed
2333 396 2460 448 binis
2507 400 2747 451 columnis
2785 403 2923 454 binas
2965 406 3158 458 Sirenes
3189 410 3428 472 impositae
3467 414 3680 470 fuerant:

2144 477 2190 510 v.
2220 467 2512 518 Mnasalcam
2545 482 2692 533 supra
2715 484 2793 534 ep.
2836 478 2944 525 491.
2989 498 3012 520 »ι
3039 479 3364 542 Be1·9k.Lyr.
3403 495 3452 544 p.
3495 488 3604 533 ¹503.
3631 511 3678 520 —
3774 539 3775 542 ,

2145 539 2172 582 2
2201 540 2285 582 τᾶν
2315 537 2385 585 ὀλ.
2429 542 2622 588 σποδιᾶν
2645 541 2766 590 cod.
2793 543 3016 594 Reiskius
3048 549 3258 599 malebat
3284 549 3422 612 Ἀίδᾳ.
3451 583 3510 594 -
3533 560 3560 602 3
3601 562 3680 610 τοῖς

2143 605 2271 664 ἐμοῖς
2297 606 2440 668 cod,
2461 622 2584 657 corr.
2609 611 2810 662 salmas.
2839 639 2898 649 ——
2917 619 2946 664 4
2979 619 3029 664 αἰ
3045 620 3207 668 ταστοι
3225 637 3276 668 τε
3303 623 3442 670 λε’θων
3463 640 3538 670 ται
3567 628 3679 672 θεῖε·

2095 684 2100 734 ξ
2143 691 2227 734 ρωι
2249 678 2406 733 πόλιος
2438 680 2632 737 Codex3
2653 682 2745 731 αἵθ’
2769 685 2922 746 ἑτέρας
2944 688 3100 744 πόλιος
3127 689 3376 751 Reiskius,
3397 694 3534 754 quod
3559 709 3678 744 rene·

510 739 665 787 quum
692 730 835 788 poeta
858 726 937 776 hle
960 743 1055 778 non
1082 728 1280 780 laudare
1311 735 1563 795 tympana,
1586 735 1674 784 sed
1700 751 1811 785 cum
1840 737 2056 799 quodam
2093 772 2098 798 ,
2143 744 2215 807 pit
2249 748 2374 806 Jac.,
2403 750 2520 810 quia
2553 764 2650 799 non
2680 765 2790 802 rara
2829 754 2878 803 in
2910 756 3086 806 Codice
3113 762 3406 822 permutatio
3433 763 3680 816 literarum

511 799 793 858 contemptu
824 811 1093 849 memorare
1125 801 1315 850 debeat.
1349 805 1519 865 ltaque
1540 804 1684 853 scrib.
1716 805 1908 856 videtur
1941 808 2056 854 λάλει

508 865 725 924 τύμπανα
740 903 753 924 ,
778 871 1065 930 s'rcpentia
1082 909 1093 928 ,
1116 885 1214 932 quo
1240 872 1456 934 epitheto
1474 875 1627 924 utitur
1654 879 1853 938 Erycina
1871 882 1954 936 vl,
1976 892 2050 942 ep.

510 937 596 982 234
618 973 630 993 ,
658 938 709 984 et
737 936 1041 988 Dioscorides
1074 941 1139 990 ib.
1176 955 1253 1004 ep.
1288 950 1395 1000 220,
1436 950 1487 994 15
1524 948 1804 1010 tympanum
1836 947 1954 998 dixit
1975 953 2053 998 λα-

508 1003 709 1064 λάγημα.
740 1025 763 1048 ‚.
787 1008 1006 1058 Mesae-la.
1036 1012 1285 1061 Heckerus
1318 1014 1466 1063 refert
1488 1014 1553 1064 ad
1576 1017 1751 1066 luxum
1774 1021 1824 1067 et
1856 1018 2054 1068 divitias

506 1073 749 1134 Lydorum
764 1115 777 1136 ,
798 1079 979 1129 ornatis
1002 1082 1180 1144 quippe
1198 1083 1441 1145 tympanis
1469 1087 1709 1136 utentium
1726 1125 1737 1147 ,
1761 1091 1811 1137 et
1838 1091 2052 1149 θυρσο-

506 1161 536 1203 φ
547 1143 574 1190 ὀ
586 1160 609 1203 ρ
621 1160 647 1192 ο
659 1163 677 1199 ς
693 1144 864 1196 scribit
876 1161 962 1210 pro
976 1151 1277 1214 χρυσοφόρος,
1291 1156 1523 1215 pra-‚terea
1542 1157 1733 1218 ρἠσον,
1750 1155 2050 1218 imperfecto,

508 1216 617 1276 post
659 1215 740 1268 εἶς
760 1233 825 1271 τις
845 1217 917 1266 ἄν.
948 1246 1009 1254 -—
1030 1225 1054 1269 4
1088 1223 1265 1282 οὔνομα
1295 1225 1373 1269 καὶ
1404 1223 1551 1280 Plut.;
1575 1225 1734 1286 οὔνομ’
1759 1227 1811 1274 ἐκ
1838 1227 1956 1276 cod.
1995 1229 2050 1276 ln

2143 832 2182 862 ω
2208 818 2259 864 et
2276 832 2324 876 α,
2348 836 2360 866 ι
2381 821 2430 868 et
2454 838 2493 874 ς.
2517 822 2765 872 Heckerus
2787 825 2931 885 ἕτεροι
2950 827 3124 885 πόλιος,
3150 830 3317 882 alieni
3347 833 3414 882 ab
3445 835 3598 892 urbe,
3619 839 3680 892 ei·

2140 903 2228 934 νοι.
2249 887 2518 939 Bruncldus
2535 895 2647 954 post
2663 893 2922 957 Heringam
2941 898 3271 963 ἐτεροπτόλιες,
3299 903 3532 964 probante
3551 907 3680 970 Berg-

2141 955 2238 1005 kio.
2278 987 2337 998 —
2375 964 2402 1006 5
2438 961 2613 1022 νύμφαν
2650 963 2805 1011 ἐοῖσαν
2845 965 3054 1015 malebat
3087 969 3212 1028 sac„
3255 990 3277 1012 ιι
3309 971 3374 1020 ob
3400 973 3676 1035 rhythmum

2140 1024 2478 1088 languentem3
2507 1049 2532 1073 n
2561 1030 2610 1079 in
2629 1030 2971 1096 Addendisque
2993 1039 3045 1084 et
3059 1041 3228 1088 nostro
3255 1043 3474 1104 exemplo
3491 1047 3677 1106 praet'ert

2139 1096 2491 1148 Brunckianam
2523 1099 2882 1152 distinctionem
2921 1123 2931 1151 :
2957 1107 3118 1154 εῑπατε
3151 1110 3405 1171 χαίρειν...,
3423 1115 3542 1176 χῶτι
3567 1132 3674 1176 με...

2092 1166 2097 1181 “
2140 1166 2237 1228 ἔχει
2259 1169 2395 1227 τάφος
2416 1182 2427 1193 ·
2469 1171 2626 1219 εἴπατε
2653 1174 2822 1230 καὶτὸ,
2851 1174 2954 1222 δττ
2969 1192 2984 1222 ι
3007 1177 3112 1236 (sic
3135 1179 3249 1238 Bt.)
3288 1183 3439 1242 πατὴρ
3463 1187 3557 1232 etc.
3591 1186 3674 1234 Sed

2141 1235 2349 1286 alterum
2377 1241 2510 1287 recte
2537 1241 2706 1289 tenent
2732 1241 2909 1300 Boiss.,
2941 1243 3109 1304 Beck„
3135 1239 3306 1308 Bergk.
3331 1274 3392 1284 —
3423 1257 3454 1299 6
3491 1253 3672 1313 βρυκίδα

507 1281 603 1331 line
627 1283 755 1332 Plut.
783 1291 1011 1351 corrupte
1032 1291 1125 1352 εἰμὶ
1143 1291 1348 1349 πολίτης.
1374 1293 1747 1355 Capellmannus
1770 1295 2052 1355 conjiciebat
2091 1316 2095 1395 1·
2139 1305 2280 1366 Cod.‚
2307 1310 2576 1357 correctum
2601 1323 2656 1358 ex
2681 1323 2759 1372 ep.
2791 1316 2897 1361 712.
2926 1339 2984 1347 —
3019 1317 3044 1362 7
3065 1332 3165 1370 τηνι
3187 1319 3465 1368 δὼσειδωντι
3489 1320 3669 1382 codex,

504 1357 598 1418 εἰμὶ
617 1357 791 1412 πόλεως
818 1359 1029 1420 τρόφιμος
1046 1395 1061 1420 ,
1088 1360 1223 1422 quod
1250 1365 1419 1424 Sparta
1438 1363 1633 1412 minime
1656 1364 1804 1414 fuisse
1828 1365 2052 1415 videatur
2090 1398 2094 1443 Ι
2137 1389 2260 1425 corr,
2295 1379 2523 1428 Pauwius
2548 1382 2599 1428 et
2624 1381 2856 1446 Heringa;
2889 1386 3059 1440 Τηνία·
3076 1389 3138 1442 ὡς
3175 1389 3216 1436 δ’
3243 1389 3421 1438 εἰδῶντι
3457 1394 3667 1453 Jacobs„

505 1425 824 1486 πολυτρίπους.
854 1429 1099 1478 Hei-kerus
1122 1429 1345 1493 intelligit
1371 1431 1433 1480 de
1456 1431 1669 1482 victoriis
1688 1447 1811 1495 quas
1830 1435 2052 1496 Spartani

506 1561 678 1612 lsthm.
713 1566 753 1623 1,
779 1570 851 1627 19,
887 1565 947 1616 de
966 1569 1170 1619 Castore
1190 1573 1241 1620 et
1266 1571 1396 1620 Iolao
1419 1591 1431 1620 ι

623 1700 765 1744 κεῖνοι
783 1698 870 1758 γὰρ
894 1699 1060 1760 ἡρώων
1087 1700 1352 1762 διφρηλάται
1378 1703 1691 1766 Λακεδαίμονι
1719 1707 1797 1754 καὶ

625 1765 801 1821 θὴὃαις
837 1766 1083 1817 ἐτέκνωθεν
1112 1769 1373 1830 κράτιστοι·

624 1834 672 1882 ἔν
698 1834 740 1882 τ’
768 1836 969 1886 ἀέθλοισι
988 1839 1113 1900 θίγον
1136 1841 1362 1888 πλείστων
1390 1841 1582 1900 ἀγώνων
1601 1879 1616 1904 ,

623 1905 702 1952 καὶ
728 1907 1007 1967 τριπόόεσ
1022 1926 1052 1957 σ
1068 1925 1117 1956 ιν
1140 1909 1411 1970 ἐκόσμησαν
1439 1910 1585 1972 δόμον

625 1974 705 2020 καὶ
730 1975 999 2032 λεὸἡτεσσιν
1021 1977 1229 2038 φιάλαισί
1248 1994 1298 2027 τε
1322 1985 1522 2042 χρυσοῦ,

621 2042 861 2104 γευόμενοι
888 2045 1122 2106 στεφάνων

618 2114 894 2176 νικαφόρων.

500 2261 557 2269 -
584 2242 611 2284 5
643 2235 907 2293 Ἑλληνίδας
932 2237 1085 2299 Plut.,
1121 2239 1256 2300 quod
1284 2241 1501 2302 praetulit
1527 2241 1751 2301 Meinek„
1772 2242 1884 2291 coll.
1912 2243 2037 2292 Plut.

498 2305 620 2352 Mor.
647 2317 694 2367 p.
722 2311 841 2366 422,
865 2309 907 2355 D
938 2328 949 2356 :
974 2309 1233 2366 Ἑλληνίδος
1261 2311 1438 2371 μούσης
1470 2312 1725 2368 ἀνάπλεως.
1750 2335 1807 2348 -
1828 2321 1857 2363 6
1878 2314 2042 2363 δυσκύ-

496 2373 587 2421 λεω
616 2373 755 2435 Cod.‚
782 2377 1135 2439 «superposito
1158 2379 1327 2440 primae
1356 2381 1485 2442 syll.;
1514 2383 1761 2441 κρείσσονα
1786 2384 1911 2433 Plut.
1941 2386 2037 2432 Ve-

496 2453 605 2490 rum
630 2444 861 2505 Dascylos
882 2446 960 2494 vel
986 2448 1221 2509 Dascylos
1250 2462 1343 2497 non
1372 2449 1466 2498 ruit
1490 2453 1755 2510 tyrannus,
1778 2451 1865 2500 sed
1895 2451 2041 2514 Gygis

494 2512 680 2573 tyranni
706 2517 860 2575 pater,
883 2527 1034 2577 quare
1058 2517 1302 2567 Bentleius
1338 2517 1548 2567 correxit
1579 2521 1871 2580 Κανδαύλεω,
1890 2533 2038 2583 quam

496 2582 842 2634 correctionem
861 2585 1031 2635 multis
1049 2588 1217 2637 tuetur
1236 2588 1609 2650 Capellmannus
1628 2592 1699 2639 De
1718 2590 1849 2640 Alex.
1880 2591 2040 2641 AEtolo

493 2665 541 2714 p.
568 2659 645 2702 02.
674 2654 828 2704 Aliam
860 2654 1195 2706 difficultatem
1232 2661 1398 2707 movet
1425 2659 1582 2719 Γύγεω
1610 2664 1830 2723 correpta
1858 2661 2040 2724 syllaba
2079 2690 2084 2720 ,

492 2723 650 2784 priore
678 2725 893 2786 positum
912 2761 925 2784 ,
965 2740 1119 2788 quum
1160 2727 1223 2776 ab
1264 2727 1491 2777 omnihus
1522 2729 1835 2791 producatur.
1875 2736 2037 2788 Quare

490 2795 589 2842 Jac·
610 2793 746 2844 bsius
770 2795 820 2844 in
854 2796 1059 2847 Delectu
1086 2810 1134 2860 p.
1164 2801 1225 2848 94
1253 2798 1508 2861 proposuit
1531 2819 1542 2846 z

1254 2930 1304 2975 a!
1329 2944 1385 2990 με
1410 2929 1639 2991 τυράννων

613 2997 757 3054 Θῆκαν
775 2999 853 3044 καὶ
876 2997 1032 3057 Γύγεω
1058 2995 1347 3059 (disyllabe)
1379 2999 1563 3061 μείζονα
1593 3001 1877 3059 Δασκύλεω,

488 3134 623 3195 quod
646 3134 827 3196 recepit
858 3134 1034 3195 Boiss.‚
1080 3154 1101 3177 α
1131 3136 1389 3199 probatum
1422 3140 1476 3186 L.
1513 3138 1765 3189 Dindorlio
1800 3140 1851 3188 in
1884 3140 2029 3190 Thes.

489 3216 535 3250 v.
571 3204 713 3261 Γύγης
730 3239 744 3261 ,
766 3224 789 3246 ι»
814 3204 930 3253 item
956 3205 1189 3253 Meinekio
1205 3242 1217 3265 ‚
1240 3206 1328 3255 sed
1350 3208 1568 3268 τύραννον
1588 3208 1826 3258 scribente
1848 3222 1936 3271 pro
1951 3226 2030 3257 τυ-

486 3274 682 3330 ράννων,
710 3274 841 3335 quod
860 3274 1241 3336 improbabiliter
1258 3278 1361 3325 Jac.
1383 3276 1656 3337 explicabat
1681 3298 1692 3325 z
1714 3291 1875 3340 quum
1895 3282 2029 3327 cete-

484 3346 557 3391 ris
587 3346 841 3405 tyrannis,
864 3348 977 3392 tum
1003 3347 1133 3407 Gyae
1154 3348 1386 3408 Dascyle's
1416 3344 1545 3409 fillo.
1578 3346 1673 3395 Sed
1694 3348 1848 3409 ipsam
1870 3352 2030 3399 trans-

485 3412 775 3475 positionem
820 3413 1076 3463 admittere
1119 3427 1216 3462 uon
1261 3418 1337 3464 est
1376 3415 1529 3463 critici
1566 3415 1842 3477 prudentis,
1879 3432 2032 3479 quum
2073 3453 2078 3472 .

488 3483 734 3532 Plutarchi
766 3483 1041 3533 testimonio
1063 3483 1273 3534 traditus
1296 3485 1417 3533 ordo
1453 3489 1711 3547 praestetur
1747 3486 2030 3539 inviolatus,

482 3554 683 3603 Admitti
710 3556 872 3615 potest
896 3554 1097 3616 antiqua
1116 3554 1316 3604 omissio
1340 3554 1538 3616 syllabaz
1562 3572 1647 3603 καν
1675 3555 1725 3603 in
1745 3558 1887 3615 θῆκαν
1912 3562 2030 3607 Καν-

481 3626 685 3679 δαύλεω,
708 3627 763 3673 ut
791 3624 1033 3686 reliquum
1052 3626 1228 3674 δαυλεω
1252 3624 1315 3674 oh
1338 3625 1483 3687 Gygis
1502 3638 1675 3674 nomen
1705 3626 1751 3673 in
1776 3629 2029 3677 Δασκύλεω

486 3694 636 3742 fuerit
670 3707 698 3741 a
720 3697 992 3743 correctore
1020 3698 1287 3745 mutatum.
1310 3697 1473 3752 Quare
1496 3698 1583 3744 aut
1606 3695 1822 3745 Bentleio
1852 3700 1903 3747 et
1931 3700 2025 3747 Ca-

478 3764 751 3826 pelhnanno
778 3764 1141 3814 assentiendum
1166 3778 1275 3814 esse
1306 3769 1565 3827 putamuS,
1593 3768 1678 3815 aut
1710 3767 2026 3817 statuendum

480 3847 507 3881 a
540 3838 681 3896 pocta
700 3835 937 3897 Dascylen
960 3848 1157 3897 quoque
1184 3836 1311 3884 inter
1334 3834 1575 3898 principes
1592 3838 1645 3885 et
1676 3838 1908 3897 tyrannos
1929 3840 2020 3901 Ly·
2065 3894 2070 3904 .

477 3904 573 3953 diu>
602 3906 753 3953 fuisse
781 3909 1108 3955 numeratum.
1144 3907 1343 3969 Egregie
1379 3919 1496 3955 vero
1532 3905 1922 3955 animadversum
1965 3909 2027 3957 ah

476 3976 695 4024 Heckero
734 3974 935 4037 primam
958 3975 1167 4024 nominis
1196 3978 1343 4038 Γύγης
1374 3978 1565 4039 longam
1594 3976 1643 4024 in
1670 3976 1936 4037 bisyllabo,
1971 3978 2020 4028 in

475 4045 710 4108 producti
752 4048 905 4096 forma
945 4047 1145 4109 genitivi
1174 4050 1361 4108 Γύγεω,
1393 4048 1611 4111 potuisse
1647 4048 1849 4111 corripi,
1885 4052 1945 4098 ut
1974 4050 2023 4099 in

473 4116 642 4165 imiltis
676 4115 1162 4181 etiam'appellativis
1198 4118 1481 4167 nominibus
1512 4118 1692 4167 sactum
1730 4131 1839 4167 esse
1878 4119 2024 4169 docet
2061 4126 2067 4190 Ι·

472 4190 583 4249 post
628 4187 939 4236 Loheckium.
980 4189 1269 4250 conjectura
1316 4190 1481 4236 autem
1520 4188 1625 4249 ejus
1660 4189 1863 4249 τυράννω
1902 4190 2022 4250 (pro
2061 4205 2066 4246 ς

473 4260 730 4318 τυραννων)
766 4257 1012 4320 quomodo
1041 4262 1171 4306 stare
1196 4258 1348 4320 possit
1380 4271 1473 4306 non
1504 4260 1720 4319 apparet.

536 4404 714 4451 tiCCX.
739 4405 965 4453 Lemma:
986 4404 1047 4455 el:
1082 4404 1279 4465 Βρυκίόα
1303 4409 1315 4455 t
1335 4402 1405 4451 sic
1427 4416 1516 4465 pro
1549 4402 1779 4461 Βαυκίδα)
1812 4404 1893 4459 τήν
1923 4404 2016 4451 Μι-

468 4474 729 4533 τυληναίαν,
772 4476 978 4536 ’Πρίννης
1016 4476 1065 4522 δὲ
1099 4475 1407 4535 συνεταιρίδα.
1448 4472 1703 4535 Appictum
1748 4472 1797 4521 in
1828 4472 1951 4521 cod.
1992 4495 2004 4522 z

468 4547 727 4604 σημείωσαι
748 4550 933 4608 ὡραῖον.
960 4549 1069 4609 ipsa
1098 4546 1273 4594 Baucis
1300 4545 1534 4607 loquitur.
1558 4572 1617 4580 —-
1650 4550 1690 4593 1.
1724 4563 1745 4585 α
1771 4547 2017 4595 Sirenum

468 4613 697 4677 imagines
738 4616 1105 4679 imponebantur
1144 4614 1374 4673 tumulis=
1418 4616 1563 4665 modo
1608 4615 1671 4665 ad
1718 4615 2012 4677 eloquentiae

466 4683 806 4735 defunctorum
844 4685 1209 4749 significandam
1243 4685 1547 4736 dulcedinem
1566 4723 1579 4745 ,
1612 4690 1671 4736 ut
1700 4686 1749 4734 in
1776 4686 2014 4749 Sophocle

466 4758 518 4803 et
545 4758 754 4804 isocrate
792 4757 954 4815 (l’lut.
988 4758 1106 4806 Vitt.
1138 4760 1177 4805 X
1206 4761 1351 4806 oratt.
1384 4772 1432 4819 p.
1466 4759 1618 4817 835),
1660 4756 1805 4805 modo
1830 4756 1899 4806 ad
1935 4757 2009 4805 111-

465 4829 578 4875 ctus
609 4826 859 4875 rationem.
891 4828 1081 4877 Sirenes
1113 4826 1241 4876 enim
1270 4826 1399 4889 apud
1428 4827 1609 4877 inferos
1636 4839 1743 4875 esse
1768 4825 2010 4887 lingeban-

510 1491 521 1501 ·
2089 1468 2094 1497 ι
2137 1447 2200 1494 ad
2241 1449 2494 1509 sequentia
2529 1451 2774 1510 referens,
2814 1452 2901 1500 sed
2942 1454 3148 1504 alterum
3181 1461 3326 1510 recte.
3349 1461 3602 1523 amplexus
3629 1466 3668 1512 in

507 1505 556 1538 111
588 1492 719 1542 ludis
764 1494 967 1556 publicis
1008 1499 1187 1549 multas
1216 1501 1592 1564 reportaverint,
1618 1516 1673 1552 ex
1714 1502 1790 1553 his
1824 1503 2046 1565 Pindari,
2088 1502 2094 1571 1
2135 1517 2336 1566 Delectu
2357 1531 2404 1580 p,
2428 1525 2544 1578 290,
2565 1520 2748 1570 addens

2789 1541 2801 1569 :
2841 1541 2865 1564 α
2893 1523 3108 1574 Observa
3127 1526 3484 1589 simplicitatem
3505 1535 3670 1582 veteris

2135 1587 2388 1636 sermonis.
2425 1609 2448 1632 u
2481 1591 2650 1646 Quum
2681 1604 2800 1640 vero
2841 1605 2936 1641 non
2974 1597 3074 1643 tam
3115 1599 3260 1652 Τῆνος
3308 1601 3496 1658 Ionica,
3533 1615 3668 1664 quam

2135 1656 2282 1710 Τῆλος
2311 1658 2484 1706 Dorica
2513 1661 2562 1707 et
2586 1659 2755 1708 Rhodo
2784 1661 2940 1710 vicina
2975 1663 3122 1713 suerit
3148 1666 3351 1716 Erinnes
3373 1671 3540 1731 patria.
3565 1687 3666 1722 eum

2135 1723 2502 1776 Schneidewino
2527 1728 2762 1786 (Delectu
2791 1732 2898 1792 Lyr.
2923 1744 2970 1794 p.
3003 1733 3122 1792 324)
3145 1737 3195 1784 et
3221 1737 3478 1787 Welckero
3497 1743 3664 1802 opusc.

2134 1795 2174 1844 t.
2207 1797 2274 1854 11,
2302 1810 2348 1859 p.
2378 1801 2491 1855 140,
2515 1798 2852 1860 corrigendum
2873 1801 3068 1852 videtur
3091 1805 3254 1860 Τηλία.
3281 1808 3340 1855 111
3371 1807 3468 1858 tine
3497 1827 3667 1860 σύνει-α·

2085 1877 2091 1921 ι
2135 1865 2200 1925 pic
2243 1865 2402 1914 codex
2421 1903 2436 1926 ,
2464 1870 2590 1916 teste
2625 1869 2836 1927 Paulas„
2865 1892 2884 1914 ι
2913 1874 2970 1920 ut
3003 1873 3184 1936 pluries
3203 1896 3227 1916 υ
3245 1913 3260 1935 ,
3291 1877 3340 1925 in
3375 1891 3520 1941 marg.
3547 1897 3615 1942 γρ.
3635 1885 3666 1929 ά

2085 1925 2092 2039 ΙΙ
2131 1937 2422 2065 ξυνῖἑῗιῗξιςη(
2437 1951 2554 2068 3111111
2585 1938 2750 2001 lapsus
2769 1954 2878 1991 esse
2906 1941 3098 1992 videtur
3116 1946 3448 2009 typographus
3469 1963 3545 2012 ap.
3566 1954 3659 2001 Jac.

2193 2154 2404 2202 Dccxt.
2452 2155 2652 2204 Lemma
2681 2169 2692 2196 ²
2731 2157 2794 2212 εἷς
2818 2159 3118 2218 Κλειναρέτην
3147 2161 3290 2216 (wrm
3320 2161 3440 2212 Cod.
3460 2163 3478 2224 )
3499 2166 3658 2214 Νικίπ-

2129 2238 2220 2270 που
2239 2225 2320 2271 καὶ
2341 2227 2526 2284 Δημοῦς
2555 2225 2808 2287 Θυγατὲρα,
2839 2229 3064 2288 παρθένον
3093 2230 3452 2287 τελευτήσασαν.
3481 2235 3534 2281 111
3562 2234 3662 2296 ipso

2129 2293 2408 2355 nuptiarum
2435 2297 2668 2355 apparatu
2699 2294 2984 2344 exstinctam
3018 2297 3203 2347 morbo.
3239 2325 3304 2336 —
3343 2307 3383 2349 1.
3409 2302 3570 2352 Pitana
3593 2307 3662 2352 est

2131 2359 2250 2410 urbs
2274 2361 2494 2412 ,Eolidis
2534 2361 2848 2412 Philodemus
2876 2366 2934 2424 X,
2955 2377 3034 2427 ep.
3075 2371 3129 2414 21
3167 2387 3180 2415 :
3222 2369 3318 2417 ἀπὸ
3345 2374 3540 2432 κροκὲων
3573 2390 3662 2420 πα-

2129 2438 2268 2480 στῶν.
2289 2458 2349 2466 -
2365 2437 2395 2480 3
2419 2433 2589 2490 πεύκης
2607 2432 2745 2490 cod..
2769 2445 2895 2483 corr.
2919 2435 3144 2494 Brunck.;
3165 2437 3389 2487 διωλένιοι
3415 2441 3656 2490 Schneide-

2129 2513 2240 2560 rus,
2270 2501 2382 2550 coll.
2411 2503 2558 2550 Arato
2581 2515 2630 2550 v.
2661 2508 2752 2551 202
2787 2522 2799 2551 ς
2829 2503 3040 2561 διωλενίη
3073 2506 3354 2564 τετάνυστο,
3391 2509 3471 2557 uhi
3497 2511 3651 2560 schol.

2079 2525 2085 2636 Ι
2127 2572 2426 2631 ἐκτεταμέναις
2460 2572 2637 2634 ἔχουσα
2676 2573 2756 2628 τὰς
2785 2577 2960 2636 χεῖρας,
3015 2593 3038 2616 ιι
3069 2575 3241 2636 quales
3287 2578 3468 2627 multos
3497 2580 3656 2631 videre

2079 2639 2084 2684 Ι
2125 2640 2240 2688 licet
2268 2640 2318 2688 in
2353 2640 2527 2702 priscis
2547 2641 2874 2689 monumentis
2891 2644 3284 2708 λαμπαδοφὸρους.
3321 2646 3394 2694 Ab
3418 2647 3475 2696 iis
3499 2655 3656 2700 autem

2078 2735 2083 2763 ι
2126 2711 2207 2772 qui
2231 2711 2362 2759 faces
2379 2711 2634 2773 gestabant
2647 2746 2660 2768 ‚
2683 2710 2931 2774 epitheton
2961 2711 3024 2760 ad
3047 2713 3177 2774 ipsas
3203 2715 3338 2765 faces
3359 2721 3652 2769 translatum.

2125 2780 2193 2829 ita
2225 2783 2281 2830 ut
2313 2781 2392 2829 sax
2425 2783 2684 2843 protensa,
2719 2781 2912 2830 sublata
2939 2781 3254 2844 significetur.
3283 2805 3308 2829 ι»
3341 2789 3454 2837 Jac.
3476 2791 3650 2838 Becke-

2125 2862 2210 2898 rus
2231 2852 2393 2899 tamen
2421 2863 2576 2899 unum
2617 2849 2789 2913 probat
2816 2852 3038 2901 διωλὲνιοι
3055 2888 3070 2911 ,
3103 2854 3240 2916 quod
3267 2859 3450 2907 temere
3482 2858 3652 2909 sartum

2123 2920 2339 2971 ostendit
2365 2934 2536 2970 versus
2566 2934 2794 2983 sequens.
2822 2948 2883 2958 —
2902 2929 2930 2972 5
2957 2923 3020 2981 ἐφ’
3041 2925 3286 2986 ἁρπάξασα
3303 2926 3444 2986 cod„
3462 2930 3654 2978 correxit

2076 2970 2082 3057 Ξ
2123 2993 2418 3051 Braitolaion,
2451 2992 2536 3054 qui
2564 2994 2726 3053 Δαμώ.
2759 3023 2820 3034 —-
2857 3001 2903 3043 6.
2937 3013 2960 3036 α
2993 2998 3149 3050 Adon:
3177 3000 3398 3059 πέλαγος,
3429 3002 3550 3049 cous.
3573 3015 3647 3062 ep.

2075 3064 2081 3087 ¹
2125 3067 2231 3121 716,
2261 3069 2305 3110 2.
2338 3081 2359 3103 υ
2383 3064 2443 3111 Β.
2475 3088 2535 3098 -
2554 3066 2581 3110 7
2601 3062 2834 3125 ἐκάμαντο
2857 3062 2977 3112 cod.
3004 3090 3064 3099 —
3095 3070 3122 3113 8
3151 3074 3433 3128 στερνοτυπῆ
3457 3070 3646 3129 θάλαμον

2121 3132 2262 3187 Cod..
2303 3132 2408 3181 sine
2461 3144 2634 3189 sensu;
2693 3136 3004 3183 correxerunt
3062 3136 3374 3199 Musgravius
3425 3139 3488 3187 ad
3537 3142 3641 3188 Eur.

2122 3204 2288 3266 suppl.
2319 3207 2428 3258 003,
2455 3205 2507 3252 et
2533 3201 2636 3263 jam
2667 3202 2784 3251 olim
2821 3203 3112 3265 Salinasius,
3134 3206 3319 3256 addens
3343 3228 3353 3255 :
3386 3228 3410 3250 α
3433 3223 3524 3257 11τ11
3541 3212 3650 3259 stre—

2073 3224 2079 3350 !
2121 3274 2277 3335 pitum
2312 3277 2396 3336 qui
2427 3272 2605 3321 forium
2641 3273 2912 3334 pulsatione
2948 3272 3057 3323 fieri
3090 3276 3213 3326 solet
3241 3278 3514 3340 nuptiarum
3541 3278 3639 3334 die.

2073 3359 2078 3450 Ι
2121 3343 2208 3393 sed
2237 3342 2536 3393 horrendum
2573 3342 2740 3403 illum,
2764 3344 2850 3405 qui
2883 3344 3078 3406 planctu
3103 3346 3153 3393 in
3191 3348 3362 3397 sunere
3387 3348 3555 3407 editur,
3587 3351 3642 3398 οὐ

2120 3418 2198 3464 τὸν
2219 3414 2424 3473 πάταγον
2451 3416 2528 3462 τὸν
2554 3414 2752 3475 γαμικὸν
2767 3451 2778 3473 ,
2822 3415 2939 3463 ἀλλὰ
2965 3416 3045 3462 τὸν
3075 3416 3121 3464 ἐν
3147 3420 3216 3478 τῷ
3247 3420 3400 3467 πένθει
3427 3421 3646 3479 γινόμενον

2119 3485 2331 3533 κοπετὸν.
2356 3504 2378 3525 ν
2401 3485 2462 3532 Et
2492 3482 2584 3531 boc
2611 3482 2772 3545 ipsum
2791 3519 2803 3542 ,
2824 3484 3018 3532 κοπετὸν
3035 3520 3050 3546 ,
3087 3504 3109 3526 α
3139 3485 3323 3535 rectius
3355 3488 3434 3535 hle
3452 3488 3582 3536 scribi
3619 3510 3642 3527 ιν

2071 3563 2076 3607 :
2119 3557 2259 3618 putat
2281 3552 2547 3602 Heckerus.
2569 3552 2662 3601 Sed
2693 3552 2860 3615 ignoro
2892 3566 3090 3616 prorsus
3119 3557 3414 3619 Θυρέτρων
3441 3559 3639 3606 κοπετὸν.

2119 3628 2190 3673 De
2225 3638 2432 3687 quorum
2459 3623 2655 3683 πατάγῳ
2681 3622 2873 3671 Jacobs.
2904 3644 2916 3673 ι
2951 3644 2974 3665 «ι
3007 3625 3271 3686 Strepitum
3303 3627 3562 3676 saltantium
3595 3630 3644 3676 et

2115 3693 2448 3757 plaudentium
2473 3693 2524 3741 in
2549 3692 2713 3741 limine
2737 3692 2936 3741 thalami
2957 3692 3170 3755 intellige
3185 3732 3198 3756 ‚
3224 3709 3338 3757 qum
3369 3699 3529 3745 κτυπὶα
3553 3709 3636 3743 vo·

2067 3777 2072 3795 ·
2116 3768 2266 3815 catur.
2295 3762 2502 3826 Hesych.
2535 3782 2546 3810 :
2578 3762 2762 3811 Κτυπία
2779 3779 2792 3791 ·
2827 3765 2853 3811 ὁ
2881 3764 3174 3825 ἐπιθαλάμιος
3197 3766 3388 3820 κτύπος.
3415 3770 3639 3815 Κτυκιῶν·

2114 3840 2206 3883 τῶν
2247 3832 2596 3894 ἐπικρουμάτων
2630 3838 2712 3881 τοῦ
2750 3832 2954 3893 θαλάμου
2972 3872 2986 3895 ,
3025 3834 3057 3881 ἃ
3095 3838 3425 3885 ἑπικτυποῡσιν
3461 3838 3610 3891 ἔξωθεν
3623 3872 3638 3895 ,

2113 3904 2226 3953 ὅταν
2250 3902 2670 3961 συγκατακλίνηται
2696 3907 2767 3963 τῷ
2793 3903 2974 3964 νυμφίῳ
2997 3906 3028 3960 ἡ
3049 3907 3314 3966 γημαμένη.
3343 3906 3529 3955 Dictum
3547 3918 3634 3952 au·

2064 4025 2066 4034 ,
2110 3980 2210 4027 tem
2241 3975 2466 4035 ἐκάμοντο
2491 3973 2698 4034 πάταγον
2721 3971 3064 4035 significatione
3086 3980 3364 4037 praegnante
3378 4014 3391 4036 ‚
3412 3980 3466 4025 ut
3489 3974 3630 4037 Apoll.

2114 4046 2202 4095 Rh.
2233 4047 2410 4104 1‚1322
2439 4063 2451 4091 ε
2484 4042 2760 4104 Πολύφημον
2787 4043 3023 4105 πέπρωται
3051 4046 3257 4093 Μυσοῖσι
3284 4046 3505 4107 περικὶεὲς
3523 4046 3632 4093 ἄστυ

2109 4115 2321 4179 καμόντα
2344 4120 2507 4177 μοῖραν
2533 4114 2831 4171 ἀναπλήσειν.
2855 4134 2879 4157 υ

2169 4263 2398 4311 Dccxn.
2432 4262 2630 4308 Lemma
2660 4278 2672 4306 z
2709 4260 2770 4313 εἰς
2809 4258 3012 4308 Βαυκίόα
3036 4260 3140 4307 τινα
3172 4258 3349 4319 νύμφην
3379 4260 3424 4307 ἐν
3451 4262 3512 4319 τῷ
3542 4260 3628 4305 Θα-

2107 4333 2244 4394 ὶάμῳ
2270 4332 2608 4387 τελευτήσασαν
2628 4366 2638 4385 ,
2665 4329 2882 4389 Ἡρὶννης.
2927 4327 3184 4390 Appictum
3223 4328 3274 4376 in
3306 4327 3421 4377 eod.
3455 4325 3575 4390 siglis
3613 4348 3626 4375 :

2107 4402 2369 4465 σημείωσαι
2389 4403 2556 4461 ὡραῖον
2580 4401 2702 4458 μάλα
2720 4398 2797 4447 vel
2821 4399 3034 4459 μάλιστα.
3059 4397 3237 4446 Eadem
3257 4398 3447 4457 Baucis,
3461 4396 3518 4474 (te
3531 4409 3630 4457 qua

2107 4485 2184 4533 ep.
2222 4476 2328 4519 710.
2378 4489 2400 4511 «ι
2433 4472 2502 4517 De
2528 4466 2620 4516 hoc
2655 4468 2994 4530 epigrammate
3029 4464 3221 4514 Chardo
3259 4464 3404 4514 Roeh.
3441 4463 3624 4541 illistjoll.

2102 4545 2141 4591 t.
2171 4546 2210 4600 1,
2239 4556 2287 4603 p.
2327 4546 2426 4588 110.
2461 4558 2486 4581 ι»
2523 4542 2582 4587 B.
2613 4540 2901 4600 Suspectum
2933 4538 3038 4585 erat
3063 4534 3354 4597 epigramma
3392 4532 3626 4583 selmede-

2103 4612 2232 4660 wino
2257 4611 2306 4660 in
2331 4610 2530 4659 Delcctu
2555 4622 2603 4671 p.
2627 4614 2716 4657 325
2734 4644 2747 4665 ‚
2777 4628 2798 4649 «ι
2823 4618 3114 4669 quamquam
3137 4618 3192 4654 ex
3218 4604 3324 4665 ejus
3349 4620 3396 4653 ν.
3421 4610 3449 4653 3
3471 4602 3620 4683 verba,

2103 4681 2334 4743 βάσκανος
2356 4679 2475 4741 ἐπ’,
2505 4681 2654 4735 Ἀΐδα,
2677 4678 2722 4725 in
2743 4690 2887 4726 suum
2905 4677 2967 4725 de
2993 4676 3170 4724 Erinua
3195 4676 3476 4739 epigramma
3495 4676 3618 4721 mtu-

2098 4753 2212 4803 lorit
2253 4752 2330 4800 rel
2371 4750 2607 4799 Leonidas
2631 4748 2725 4797 *rel
2754 4748 2990 4809 Meleager
3026 4758 3175 4808 supra
3199 4759 3278 4807 ep.
3325 4751 3395 4804 13,
3427 4748 3468 4793 4.
3505 4762 3536 4821 ι.
3559 4745 3622 4791 Et

2099 4822 2384 4872 crediderim
2412 4834 2522 4868 oum
2550 4818 2750 4881 Bergldo
2775 4818 3064 4881 epigramma
3083 4817 3304 4865 nostrum
3321 4814 3466 4865 serius
3482 4812 3620 4861 fuisse

463 4899 545 4940 1111·
587 4897 642 4945 ut
694 4896 991 4957 Proserpina)
1031 4895 1270 4958 aequales,
1319 4896 1459 4959 cujus
1506 4894 1567 4945 ad
1611 4900 1799 4957 rapt-um
1850 4894 2012 4944 omnia
2049 4897 2056 4970 j
2098 4892 2419 4955 compositum
2451 4889 2514 4939 ad
2547 4887 2906 4937 similitudinem
2935 4885 3159 4935 carminis
3186 4890 3294 4944 710,
3323 4898 3352 4933 a
3377 4886 3504 4947 poeta
3523 4881 3613 4929 mi-

462 4966 695 5017 luctuosis
734 4967 933 5017 vocibus
977 4968 1319 5030 implere-rann
1363 4983 1410 5016 v.
1462 4968 1583 5016 Plat.
1627 4966 1804 5027 Cratyl.
1848 4966 1879 5028 ς
1929 4970 2005 5025 44,

2097 4964 2224 5013 nime
2259 4962 2410 5019 malo,
2433 4960 2625 5009 Erinnae
2653 4957 2956 5008 admiratore.
2988 4958 3100 5005 Post
3128 4955 3247 5005 illud
3275 4954 3540 5017 epigramma
3567 4950 3614 4998 in
