3829 5747
428 136 544 193 402
1509 122 2011 185 ANTHOLOGIAE
2056 118 2327 179 PALATI
2336 119 2457 178 ΝΛΞ

507 275 643 326 666.
690 262 1179 324 ΑΝΤΙΠΑΤΡΟΥ
1221 255 1887 319 ΘΕΣΣΑΛΟΝΙΚΕΩΣ.

429 398 600 472 Οὗτος
623 410 651 465 ὅ
675 405 977 483 Λειάνδροιο
1005 403 1279 473 διάπλοος,
1301 391 1445 465 οὗτος
1475 404 1502 457 ὃ
1531 397 1715 456 πόντου

506 494 758 574 πορθμὸς,
791 498 818 551 ὃ
849 494 922 566 μὴ
952 491 1126 569 μούνῳ
1153 494 1230 570 τῷ
1255 490 1482 569 φιλέοντι
1513 487 1695 565 βαρύς·

429 585 574 641 ταῦθ’
598 582 790 657 Ἡροῦς
808 578 875 637 τὰ
901 579 1145 658 πάροιθεν
1168 578 1390 636 ἐπαύλια
1406 621 1421 647 ,
1446 580 1596 633 τοῦτο
1613 574 1674 633 τὸ
1699 572 1896 651 πύργου

511 670 751 749 λείψανον
771 715 788 743 ,
823 672 852 725 ὃ
881 666 1134 747 προδότης
1157 656 1247 725 ὧδ’
1275 665 1507 724 ἐπέκειτο
1529 662 1734 741 λύχνος.

437 756 617 823 Κοινὸς
645 756 688 813 δ’
719 755 1037 836 ἀμφοτέρους
1061 751 1135 812 ὅδ’
1160 754 1269 833 ἔχει
1291 752 1450 832 τάφος
1467 798 1484 829 ‚
1511 750 1669 809 εἰσέτι
1692 748 1781 807 καὶ
1807 750 1895 804 νῦν

510 842 664 923 κείνῳ
693 848 768 921 τῷ
796 844 1022 921 φθονερῷ
1054 840 1410 921 μεμφομένους
1435 837 1632 916 ἀνέμῳ.

920 996 1040 1047 667.
1097 997 1483 1043 ΑΔΕΣΠΟΤΟΝ.

433 1124 602 1185 Τίπτε
636 1123 806 1201 μάτην
831 1122 1083 1199 γοόωντες
1107 1124 1220 1202 ἐμῷ
1245 1120 1608 1199 παραμίμνετε
1639 1116 1822 1194 τύμὸῳ
1843 1138 1859 1193 ;

513 1212 654 1271 οὐδὲν
686 1212 794 1291 ἔχω
823 1211 1022 1291 θρήνων
1047 1210 1187 1279 ἄξιον
1212 1214 1263 1269 ἐν
1288 1207 1566 1289 φθιμένοις.

436 1304 579 1378 Λῆγε
601 1300 733 1379 γόων
764 1301 853 1359 καὶ
884 1304 1050 1370 παῦε,
1082 1300 1258 1371 πόσις,
1287 1297 1378 1355 καὶ
1403 1298 1583 1361 παῖδες
1606 1300 1746 1370 ἐμεῖο

515 1388 724 1469 χαίρετε
745 1432 762 1458 ,
785 1387 872 1445 καὶ
906 1386 1119 1463 μνήμην
1152 1384 1330 1455 σώζετ’
1359 1383 1683 1460 Ἀμαζονίης.

919 1534 1052 1587 668.
1097 1523 1500 1583 ΛΕΩΝΙΔΟΥ.

441 1668 571 1727 Οὐδ’
603 1664 652 1723 εἴ
677 1688 765 1740 μοι
787 1662 1024 1743 γελόωσα
1058 1659 1455 1739 καταστορέσειε
1483 1657 1696 1729 Γαλήνη

519 1756 762 1828 κύματα,
790 1750 881 1810 καὶ
906 1749 1150 1827 μαλακὴν
1179 1752 1338 1828 φρῖκα
1369 1748 1512 1828 φέροι
1539 1746 1790 1827 Ζέφυρος,

441 1841 698 1913 νηοὸάτην
721 1838 908 1920 ὄψεσθε
926 1862 940 1875 ·
968 1837 1172 1896 δέδοικα
1193 1834 1295 1914 γὰρ
1313 1832 1400 1901 οὒς
1427 1836 1588 1914 πάρος
1617 1836 1768 1904 ἔτλην

529 1926 790 1993 κινδύνους
821 1924 1026 2001 ἀνέμοις
1056 1922 1565 2003 ἀντικορυσσόμενος.

564 2080 699 2131 669.
745 2067 1158 2130 ΠΛΑΤΩΝΟΣ
1197 2066 1348 2125 ΤΟΥ
1390 2064 1862 2125 ΦΙΛΟΣΟΦΟΥ.

445 2208 687 2289 Ἀστέρας
714 2209 964 2286 εἰσαθρεῖς
990 2204 1158 2284 ἀστὴρ
1187 2203 1326 2282 ἐμός.
1419 2204 1540 2264 Εἴθε
1569 2204 1815 2281 γενοίμην

524 2296 790 2377 Οὐρανὸς,
819 2299 890 2364 ὥς
917 2296 1126 2360 πολλοῖς
1153 2292 1382 2369 ὄμμασιν
1414 2292 1486 2360 εἰς
1513 2290 1568 2351 σὲ
1596 2291 1790 2371 βλέπω.

934 2449 1057 2498 670.
1098 2450 1214 2495 ΤΟΥ
1251 2449 1463 2494 ΑΥΤΟΥ.

447 2577 635 2656 Ἀστὴρ
662 2575 784 2657 πρὶν
813 2574 907 2653 μὲν
937 2574 1168 2649 ἔλαμπες
1192 2572 1266 2633 ἐνὶ
1289 2573 1492 2642 ζωοῖσιν
1513 2538 1680 2653 Ἑῷος
1699 2598 1712 2609 ·

523 2670 611 2724 νῦν
635 2662 688 2721 δὲ
713 2661 879 2721 θανὼν
914 2661 1137 2737 λάμπεις
1161 2656 1426 2738 Ἕσπερος
1447 2660 1501 2717 ἐν
1525 2660 1800 2740 φθιμένοις.

693 2816 820 2866 671.
859 2816 1138 2878 Ammon,
1181 2803 1228 2859 οἱ
1257 2799 1312 2859 δὲ
1340 2801 1740 2862 ΒΙΑΝΟΡΟΣ.

449 2946 635 3006 Πάντα
663 2945 860 3024 Χάρων
903 2944 1173 3020 ἄπληστε,
1204 2943 1256 3002 τί
1281 2943 1366 3002 τὸν
1405 2941 1518 3003 νέον
1555 2945 1796 3024 ἥρπασας
1823 2947 1991 3016 αὕτως

525 3031 809 3106 Ἀτταλονς
835 3032 894 3088 οὐ
918 3031 1007 3096 σὸς
1034 3031 1149 3102 ἔην,
1169 3029 1267 3089 κᾶν
1294 3029 1414 3090 θάνε
1449 3031 1730 3111 γηραλέος;

938 3184 1062 3233 672.
1091 3187 1479 3234 ΑΔΕΣΠΟΤΟΝ.

449 3306 605 3369 Χθὼν
633 3304 860 3392 μὲνέχει
888 3305 1046 3382 δέμας
1067 3307 1272 3376 ἐσθλὸν,
1295 3307 1404 3386 ἔχει
1425 3309 1609 3368 κλυτὸν
1629 3313 1839 3390 οὐρανὸς
1866 3305 1995 3395 ἦτορ

452 3394 699 3474 Ἀνδρέω,
721 3393 774 3459 ὃς
800 3397 1050 3453 Δαναοῖσι
1079 3393 1166 3451 καὶ
1192 3393 1488 3472 Ἰλλυριοῖσι
1517 3396 1794 3475 δικάσσας,

449 3484 548 3562 οὔχ
575 3481 730 3542 ὁσίων
754 3481 983 3541 κτεάνων
1013 3479 1240 3560 καθαρὰς
1261 3481 1547 3560 ἐφυλάξατο
1567 3492 1769 3564 χεῖρας.

998 3649 1112 3696 666.
1152 3665 1415 3698 Andrum
1428 3687 1440 3704 ,

943 3735 1002 3785 de
1027 3741 1155 3786 Hero
1175 3748 1218 3786 et
1243 3737 1480 3789 Leandro.

449 3824 626 3870 Pontus
651 3818 732 3869 hic
751 3828 826 3868 est
851 3819 990 3868 toties
1019 3819 1234 3868 Leandro
1263 3830 1404 3870 nocte
1428 3831 1633 3882 natatus,

516 3903 625 3950 Non
651 3901 778 3950 solus
793 3915 968 3950 saevum
987 3917 1128 3965 quem
1150 3900 1240 3951 sibi
1258 3902 1403 3951 sensit
1426 3918 1604 3953 ainans.

451 3989 607 4034 Herus
634 3985 848 4035 formos-‘e
876 3986 1042 4035 domus
1069 3984 1188 4036 haec.
1216 3989 1335 4049 Quae
1357 3987 1528 4036 rudera
1555 3988 1734 4048 cernis,

525 4067 677 4117 Insula
701 4067 887 4132 fulgens
911 4066 1010 4117 hoec
1029 4067 1130 4116 face
1160 4068 1302 4118 turris
1323 4079 1442 4119 erat.

451 4149 608 4198 Ambo
629 4151 709 4198 sed
731 4149 824 4199 hoc
849 4165 944 4199 uno
967 4149 1192 4198 tumulati
1211 4165 1473 4209 marmore,
1505 4151 1564 4199 de
1593 4161 1640 4200 te

516 4233 560 4280 N
565 4245 656 4280 unc
676 4246 865 4296 quoque
889 4247 985 4279 non
1005 4241 1200 4286 cessant,
1229 4231 1444 4297 improbe
1465 4243 1622 4296 vente,
1649 4236 1804 4298 queri.

1033 4325 1149 4384 667.
1190 4340 1408 4380 mcum,

549 4416 782 4473 repertum
803 4405 851 4452 iu
877 4403 980 4452 oede
1007 4415 1182 4452 sancta
1210 4405 1510 4462 Anastasius,
1543 4403 1896 4458 Thessalonica.

452 4485 580 4548 Quid
609 4495 704 4534 tam
727 4496 890 4534 moesta
915 4501 1074 4534 meum
1097 4486 1372 4535 circumstas
1393 4486 1535 4535 turba
1561 4487 1902 4553 sepulchrum?

521 4567 663 4629 Quod
691 4583 778 4634 par
793 4566 856 4615 sit
875 4566 1011 4629 fleri,
1037 4577 1225 4617 mortua
1241 4566 1311 4616 nit
1336 4567 1512 4616 habeo.

453 4649 630 4696 Desine
653 4648 725 4697 vir
750 4648 907 4698 luctus
925 4685 941 4710 ,
965 4658 1014 4698 et
1039 4665 1122 4698 vos
1141 4665 1246 4698 mea
1271 4648 1415 4698 vivite
1433 4649 1618 4714 proles,

520 4729 661 4791 Quod
678 4730 788 4778 satis
814 4738 910 4792 est,
939 4745 1172 4779 memores
1199 4745 1388 4797 temper
1415 4732 1700 4780 Amazoniae.

1028 4829 1142 4878 668.
1181 4844 1421 4878 Leonum.

455 4914 564 4961 Non
584 4926 668 4976 ego
685 4948 699 4972 ,
731 4920 978 4960 ventorum
1007 4911 1219 4976 quamvis
1243 4911 1364 4961 freta
1393 4912 1565 4962 blanda
1587 4914 1802 4962 fruantur

2279 266 2387 309 666.
2424 255 2755 306 ANTIPA'rm
2788 254 3405 305 THESSALONICENSIS.

2067 405 2158 454 Hic
2182 402 2389 453 Leandri
2406 402 2641 465 trajectus
2656 438 2669 459 ‚
2694 400 2787 450 hoc
2807 400 2942 463 ponti

2128 492 2309 542 fretum
2321 526 2335 551 ,
2367 503 2465 539 non
2483 489 2573 539 soli
2596 489 2773 538 amanti
2798 500 2970 551 grave3

2067 579 2176 630 haec
2193 579 2353 629 Herus
2376 579 2491 628 olim
2514 577 2775 637 habitatio,
2794 575 2875 625 hae
2899 575 3050 625 turris

2128 669 2370 731 reliquiae3
2391 666 2609 731 proditor
2631 665 2712 715 hle
2734 665 3055 729 positus-erat
3072 662 3293 726 lychnus.

2069 758 2336 807 Commune
2372 757 2537 805 autem
2568 757 2806 816 utrosque
2836 751 2931 803 hoc
2954 750 3103 801 habet
3124 750 3445 814 sepulcrum,
3484 745 3654 795 adhuc

2132 844 2316 894 ‹ie-isto
2337 843 2502 893 invido
2520 844 2779 905 querentes
2803 842 2963 890 vento.
3238 838 3415 903 [nunc
3440 846 3655 897 quoqu<-

2573 1008 2679 1054 667.
2722 1003 3114 1047 ANONYuUn.

2073 1124 2201 1185 Quid
2224 1126 2467 1173 incassum
2484 1120 2728 1183 gementes
2756 1128 2865 1165 meo
2888 1114 3091 1164 adstatis
3116 1112 3350 1161 tumulo?

2134 1213 2199 1263 nil
2226 1210 2383 1261 habeo
2406 1206 2664 1272 gemitibus
2682 1203 2883 1268 dignum
2900 1201 3026 1251 inter
3046 1202 3281 1249 mortuos,

2075 1302 2252 1352 Desine
2283 1300 2447 1349 luctus
2475 1298 2526 1345 et
2553 1307 2688 1343 cessa
2704 1330 2716 1351 ‚
2746 1292 2948 1354 conjux,
2970 1292 3021 1339 et
3042 1288 3181 1338 liberi
3212 1288 3308 1336 mei

2137 1389 2294 1439 valete
2307 1424 2319 1446 ‚
2340 1388 2391 1435 et
2412 1382 2693 1433 memoriam
2716 1380 2909 1429 servate
2932 1376 3221 1427 Amazoniae.

2626 1528 2731 1573 668.
2766 1520 3071 1570 LEONIDAE.

2078 1672 2148 1719 Ne
2180 1668 2221 1717 si
2238 1666 2435 1729 quidem
2456 1663 2575 1713 mihi
2593 1661 2809 1711 arridens
2834 1660 3020 1709 sternat
3038 1656 3277 1707 serenitas

2142 1757 2318 1806 fluctus
2332 1792 2345 1814 ‚
2371 1756 2421 1803 et
2444 1751 2641 1801 mollem
2657 1748 2925 1799 nudatum
2945 1745 3195 1795 horrorem
3216 1744 3338 1795 serat
3361 1742 3663 1806 Zephyro-«3,

2080 1845 2385 1907 navigantem
2413 1840 2641 1891 videbitis
2671 1861 2683 1888 :
2728 1837 2879 1911 timeo
2906 1836 3036 1885 enim
3080 1847 3191 1896 quae
3232 1834 3368 1896 prius
3424 1831 3665 1881 sustinui

2145 1932 2357 1996 pericula
2378 1929 2537 1979 ventis
2554 1924 2997 1977 dum-obluctabar.

2420 2078 2526 2120 669.
2566 2068 2864 2117 PLATONIS
2896 2062 3287 2113 PHILosoPffl.

2083 2222 2249 2272 Sidera
2269 2215 2625 2281 contemplaris,
2646 2216 2790 2265 Aster
2806 2212 2945 2263 sidus
2966 2212 3049 2261 mi.
3080 2212 3276 2261 Utinam
3294 2224 3457 2261 essem

2144 2310 2321 2359 coelum
2334 2344 2347 2369 ,
2368 2308 2425 2355 ut
2454 2304 2623 2355 multis
2646 2300 2801 2353 oculis
2824 2304 2875 2351 tc
2901 2300 3226 2351 considerem!

2636 2450 2742 2497 670.
2790 2454 2849 2496 m
2862 2454 3084 2495 usnEu.

2085 2603 2229 2651 Aster
2245 2600 2381 2663 prius
2412 2596 2608 2660 quidem
2634 2594 2833 2645 lucebas
2852 2594 2977 2642 inter
3002 2592 3142 2643 vivos
3165 2593 3381 2647 Lucifer:

2149 2702 2279 2737 nunc
2305 2700 2421 2735 vero
2440 2684 2714 2734 exstinctus
2735 2682 2871 2731 luces
2884 2684 3071 2744 Vesper
3088 2681 3137 2729 in
3162 2681 3387 2731 mortuis,

2284 2832 2391 2880 071,
2452 2840 2703 2882 menn-1⁸1
2727 2864 2742 2892 ,
2798 2824 2855 2871 ut
2888 2822 3103 2871 nonnulli
3132 2826 3433 2877 mamonis,

2086 2972 2291 3020 Prorsus
2316 2968 2540 3019 insatiate
2558 2967 2748 3018 Charon
2762 3007 2775 3031 ‚
2804 2967 2923 3031 quid
2948 2967 3301 3017 adolescentem
3318 2967 3525 3030 rapuisti
3550 2982 3625 3016 su·

2150 3057 2399 3108 Attalum?
2424 3069 2583 3106 nonne
2599 3059 2723 3106 tuus
2759 3058 2889 3115 erat,
2912 3055 3005 3106 etsi
3025 3054 3219 3104 obiisset
3244 3053 3581 3116 grandoevus?

2586 3201 2694 3246 672.
2742 3205 3120 3248 ANONYMUU.

2088 3325 2236 3374 Terra
2261 3323 2411 3375 habet
2429 3339 2607 3388 corpus
2626 3325 2833 3389 probum
2850 3363 2863 3387 ,
2883 3323 3032 3376 hahet
3059 3327 3243 3376 clarum
3266 3327 3409 3389 polus
3422 3327 3649 3376 animum

2087 3411 2307 3472 Andreae,
2333 3413 2419 3474 qui
2442 3413 2586 3462 Dacis
2614 3414 2665 3462 et
2685 3412 2859 3476 Illyriis
2874 3412 3365 3476 quum—jus·‹liccbat‚

2087 3499 2149 3549 ab
2168 3499 2346 3564 iniquis
2367 3500 2547 3552 divitiis
2568 3515 2716 3565 puras
2738 3501 3068 3552 sibi-servavit
3092 3515 3281 3551 manus,

2160 3662 2277 3707 Pace
2293 3694 2307 3714 ,
2336 3660 2411 3708 vel
2436 3677 2463 3709 a
2481 3659 2699 3726 Zephyro
2727 3660 2936 3710 molliter
2953 3670 3058 3710 acta
3081 3670 3315 3718 tremant,

2092 3743 2321 3791 Scandam
2346 3753 2550 3793 transtra
2572 3742 2701 3793 ratis.
2726 3747 2847 3808 Quoe
2864 3760 3067 3810 namque
3084 3744 3297 3810 pericula
3320 3745 3445 3793 sensi

2160 3831 2382 3877 Luctatus
2404 3838 2570 3878 contra
2592 3829 2788 3878 flamina
2816 3839 2889 3878 sat
2920 3829 3135 3880 memini.

2648 3941 2764 4003 669.
2802 3955 3066 3996 rna-roms,
3146 3971 3155 3980 ·

2518 4039 2565 4087 in
2594 4055 2697 4088 eum
2720 4041 2800 4106 qui
2821 4038 2966 4088 Stella
3000 4050 3213 4087 vocatur.

2092 4148 2238 4198 Stella
2265 4147 2393 4196 vides
2414 4149 2521 4198 coeli
2552 4149 2710 4198 stellas
2732 4164 2893 4198 meus:
2916 4165 2946 4197 ο
2966 4163 3053 4211 ego
3076 4148 3247 4196 coelum

2158 4230 2207 4279 Si
2224 4229 2331 4290 sim,
2356 4245 2452 4294 quo
2478 4239 2524 4278 te
2554 4230 2703 4280 oculis
2729 4229 2947 4296 pluribus
2965 4229 3217 4295 adspiciam
3241 4234 3251 4275 Ξ

2672 4339 2784 4398 670.
2822 4353 3049 4393 mosum,

2735 4436 2794 4486 de
2828 4435 3010 4486 codem.

2094 4545 2240 4595 Stella
2267 4561 2397 4595 meus
2422 4547 2539 4595 vivis
2567 4545 2772 4610 fulgebas
2796 4546 2986 4596 Lucifer
3007 4546 3147 4603 antess

2160 4631 2299 4677 Nunc
2330 4629 2453 4694 apud
2478 4627 2685 4682 infernos
2710 4633 2948 4694 Hesperus
2965 4645 3015 4678 es
3030 4628 3231 4695 populos

2325 4739 2441 4798 671.
2479 4753 2673 4784 menn-rx
2692 4775 2705 4797 ‚
2730 4735 2984 4784 secundum
3015 4735 3133 4785 alios
3158 4752 3411 4787 nunonis.

2098 4834 2319 4883 Insatiate
2336 4833 2545 4894 Charon,
2564 4835 2787 4899 juvenem
2812 4849 2898 4883 eur
2925 4835 3122 4883 Attalen
3142 4833 3296 4882 aufers
3316 4838 3336 4882 3

2161 4917 2266 4965 Non
2296 4925 2404 4966 tuus
2432 4915 2532 4979 ille,
2564 4932 2704 4964 senex
2732 4916 2769 4964 si
2799 4925 3079 4972 moneretur,
3111 4920 3251 4964 erat?
