3829 5747
1270 188 1840 252 PROLEGOMENA
1882 188 2290 253 BREVIORA.

214 329 309 381 tice·
328 324 610 396 Sylburgii
640 334 699 380 et
724 324 953 381 Claudii
976 324 1248 379 Salmasie·
1276 335 1472 399 notas,
1502 324 1741 382 editoris

214 409 635 469 commentarios
665 410 729 468 in
753 409 977 469 librum
1002 410 1109 468 let
1135 408 1191 468 ll
1217 412 1508 482 continet;
1536 412 1743 488 quinto

214 518 277 557 ne
312 496 638 557 inchoatum
670 516 822 576 opus
848 497 1179 557 absolveret
1204 499 1300 558 vir
1328 499 1740 577 praestantissi-

212 604 327 643 mus
345 598 524 643 morte
552 598 641 644 est
672 585 1041 663 prohibitus,
1072 606 1201 663 quae
1228 606 1359 645 eum
1403 607 1555 646 anno
1591 589 1692 646 181
1709 608 1733 647 1

208 692 381 733 senem
409 675 912 750 septuagenarium
946 675 1131 733 literis
1171 688 1229 733 et
1264 676 1467 734 amicis
1494 678 1734 754 eripuit.

208 762 307 821 Sed
332 762 493 820 telam
523 781 559 819 a
588 763 838 822 Boschio
882 782 1147 821 exorsam
1169 806 1187 835 ,
1231 782 1304 820 ne
1332 758 1736 841 imperfectum

208 850 615 927 relinqueretur
644 868 796 928 opus
815 894 834 922 ,
867 850 1129 909 detexuit
1162 851 1594 909 eruditissimus
1618 852 1738 910 Da-

204 940 295 997 vid
320 937 571 996 Jacobus
603 958 719 996 vm
761 938 1016 1014 Limane,
1047 938 1149 1015 qui
1167 981 1187 1010 ,
1219 937 1463 1015 adjectis
1498 959 1629 1015 quae
1664 940 1735 999 ad

202 1023 301 1083 hoc
320 1024 611 1099 negotium
630 1022 821 1081 adhuc
850 1026 1141 1097 deessent,
1166 1026 1379 1102 partim
1402 1044 1476 1083 ex
1502 1026 1735 1085 Boschii

203 1110 441 1181 schedis,
472 1110 689 1187 partim
717 1129 791 1168 ex
836 1130 941 1169 sua
976 1112 1165 1189 ipsius
1211 1131 1366 1189 penu
1408 1113 1734 1173 instructis-

202 1199 359 1270 sima,
382 1199 540 1255 edito
570 1216 725 1255 anno
776 1198 925 1255 1822
961 1198 1259 1257 volumine
1302 1199 1544 1277 quinto,
1576 1202 1733 1278 quod

200 1282 641 1355 desiderabatur,
683 1284 973 1359 insignem
1017 1284 1169 1364 apud
1194 1304 1395 1361 graecae
1426 1286 1733 1365 latinaeque

199 1388 417 1446 poeseos
443 1381 701 1427 amantes
728 1368 971 1444 gratiam
999 1369 1159 1427 iniit.

265 1455 368 1513 Sed
410 1454 515 1514 diu
565 1468 698 1513 ante
739 1476 913 1534 quam
962 1456 1242 1515 Boschius
1290 1458 1572 1535 praeclaro
1618 1458 1728 1518 hoc

194 1562 353 1620 opere
376 1542 571 1602 Grotii
592 1543 865 1603 Manibus
883 1545 1311 1622 quodammodo
1335 1546 1555 1619 litaret,
1578 1567 1731 1606 nova

190 1634 533 1709 Anthologiae
546 1654 747 1709 graecae
765 1635 873 1693 lux
886 1648 1089 1693 exorta
1100 1648 1222 1693 erat
1239 1655 1345 1712 per
1360 1636 1729 1715 Bauncnuu,

194 1721 369 1778 virum
403 1741 592 1797 graece
623 1720 1060 1798 doctissimum,
1091 1723 1405 1799 multisque
1450 1723 1727 1801 operibus

189 1806 343 1865 editis
360 1808 431 1865 de
452 1808 633 1867 bonis
661 1800 855 1866 literis
878 1809 1280 1867 immortaliter
1304 1812 1591 1868 meritum.
1614 1811 1724 1870 Sed

190 1895 509 1972 priusquam
538 1896 613 1955 de
643 1897 925 1955 Brunckii
959 1897 1023 1954 in
1052 1897 1459 1973 Anthologiam
1504 1900 1725 1957 meritis

190 1996 531 2057 exponamus
550 2026 569 2058 ,
599 1982 961 2040 redeundum
996 1996 1082 2041 est
1106 1983 1281 2041 nobis
1310 1984 1381 2041 ad
1410 1984 1557 2042 illud
1588 1998 1727 2044 tem-

190 2087 285 2143 pus
320 2087 433 2144 quo
474 2068 776 2128 Cunmns
803 2067 1151 2142 simisms,
1186 2069 1590 2146 duodeviginti
1620 2093 1721 2131 an·

186 2174 373 2212 norum
440 2174 617 2233 puer,
668 2156 768 2215 sed
819 2156 943 2233 jam
1000 2170 1117 2215 tum
1187 2176 1367 2235 supra
1422 2160 1721 2234 vulgarem

185 2242 395 2301 modum
443 2244 749 2315 eruditus,
806 2263 958 2303 anno
1026 2248 1171 2303 1606
1223 2244 1615 2323 Heidelbergae
1659 2250 1721 2306 in

184 2328 519 2389 bibliotheca
571 2330 838 2391 Palatina
880 2334 1119 2391 unicum
1163 2334 1530 2408 Anthologiae
1565 2337 1719 2393 Con—

182 2418 397 2475 stantini
426 2419 725 2495 codicem,
756 2420 1242 2496 pretiosissimum
1272 2419 1433 2478 illius
1463 2421 1717 2483 thesauri

181 2506 455 2579 κειμήλιον,
512 2506 763 2564 invenit.
808 2507 939 2577 Quo
986 2505 1143 2564 libro
1188 2509 1363 2566 semel
1416 2510 1479 2566 in
1516 2528 1719 2570 manus

180 2606 385 2669 sumpto
428 2615 617 2672 quum
666 2596 861 2653 statim
911 2596 1291 2654 intellexisset
1340 2610 1557 2672 quanto
1595 2598 1717 2657 haec

182 2680 507 2757 Anthologia
542 2682 725 2741 altera
753 2696 903 2740 esset
941 2682 1206 2758 uberior,
1236 2702 1365 2741 eum
1406 2704 1523 2741 non
1553 2686 1717 2763 prius

180 2766 422 2845 deposuit
464 2790 647 2845 quam
704 2784 887 2828 totum
936 2772 1302 2831 excussisset.
1334 2770 1427 2828 Ab
1471 2792 1541 2830 eo
1579 2774 1717 2833 inde

181 2868 412 2933 tempore
440 2858 559 2914 hoc
596 2857 973 2934 Florilegium
1006 2856 1307 2917 doctorum
1346 2860 1714 2921 sermonibus

181 2943 437 3002 celebrari
461 2946 671 3024 coepit.
703 2945 1030 3005 Editionem
1060 2948 1183 3020 ejus
1211 2950 1558 3025 promiserat
1588 2950 1711 3008 Sal-

177 3032 401 3105 masius,
427 3053 627 3110 neque
663 3035 819 3092 ullus
864 3035 981 3092 fere
1008 3047 1089 3092 est
1115 3053 1185 3091 ex
1212 3034 1345 3110 ejus
1373 3035 1575 3114 libris,
1602 3037 1707 3098 ubi

176 3137 277 3175 non
300 3120 405 3178 hoc
430 3122 793 3199 promissum
836 3122 1164 3192 iteraverit;
1198 3141 1401 3180 verum
1444 3143 1563 3199 quo
1591 3139 1713 3183 erat

177 3205 377 3265 fervore
394 3252 411 3278 ,
438 3209 517 3266 ab
543 3209 665 3266 alio
700 3209 773 3266 ad
802 3209 960 3266 aliud
993 3228 1143 3285 opus
1170 3209 1389 3267 delatus
1410 3210 1709 3288 plurimis-

176 3311 271 3367 que
296 3295 591 3354 districtus
622 3295 925 3353 laboribus
958 3295 1128 3353 iidem
1160 3294 1345 3353 datam
1374 3316 1489 3354 non
1518 3299 1708 3356 exsol-

175 3466 605 3530 sunestissimum
664 3472 905 3546 triginta
946 3490 1229 3529 annorum
1272 3471 1488 3530 bellum
1512 3517 1529 3544 ‚
1556 3495 1709 3533 anno

180 3557 303 3616 1623
329 3561 571 3617 Romam
598 3561 663 3618 in
689 3559 1021 3618 vaticanam
1044 3559 1449 3620 bibliothecam
1466 3563 1704 3635 delati&

174 3645 303 3702 unde
326 3661 457 3722 post
485 3648 611 3705 (luo
643 3649 857 3705 saecula
883 3667 990 3725 per
1024 3648 1293 3706 victrices
1327 3647 1707 3708 Franco-Gal·

172 3729 333 3790 lorum
370 3737 637 3810 legiones
662 3735 925 3792 Parisios
954 3749 1089 3793 sunt
1113 3736 1305 3794 missae
1324 3780 1341 3811 ‚
1373 3752 1646 3814 excerpta
1673 3759 1706 3797 a

170 3817 421 3880 Salmasio
448 3824 603 3881 facta
632 3823 844 3900 cupide
864 3821 1299 3900 expetebantur,
1324 3837 1381 3882 et
1409 3843 1441 3882 a
1466 3827 1706 3903 quibus-

172 3905 280 3963 dam
302 3907 594 3989 descripta
618 3911 681 3968 in
712 3911 1025 3968 multorum
1060 3929 1263 3968 manus
1285 3925 1587 3970 venerunt.
1616 3913 1701 3972 Ex

170 3992 475 4069 hujusmodi
518 3998 913 4076 apographis,
952 3999 1184 4056 vitiosis
1213 3999 1335 4056 illis
1361 3998 1705 4078 plerumque

174 4093 219 4136 et
240 4083 597 4162 interpolatis
618 4129 635 4156 ‚
682 4087 988 4162 superiore
1015 4085 1226 4143 saeculo
1254 4085 1515 4161 quaedam
1548 4102 1702 4147 vete-

174 4169 239 4226 ris
282 4171 435 4231 illius
482 4173 861 4248 Anthologiae
910 4174 1100 4251 capita
1151 4174 1305 4231 cultu
1360 4175 1704 4254 plerumque

174 4276 345 4331 parum
364 4261 658 4335 eleganti,
686 4279 877 4336 neque
895 4280 963 4318 ea
989 4280 1105 4338 qua
1126 4281 1233 4337 par
1256 4275 1381 4318 erat
1403 4263 1704 4338 diligentia

171 4343 221 4400 in
243 4346 411 4405 lucem
441 4361 726 4426 proti-usa
758 4360 894 4406 sunt
920 4347 989 4428 (Ἴ
1007 4392 1024 4420 ,
1050 4350 1337 4426 integrum
1365 4369 1541 4429 opus,
1570 4351 1703 4410 licet

218 4537 275 4596 ζ’)
297 4539 421 4588 Bene
452 4541 627 4589 tamen
650 4551 749 4588 non
779 4551 877 4586 uno
904 4539 1099 4587 nomine
1130 4538 1191 4588 tle
1217 4538 1504 4601 Anthologia
1522 4540 1702 4590 meruit

174 4605 387 4666 ststrs,
425 4610 517 4672 qui
556 4612 747 4672 partem
773 4614 869 4656 τῶν
906 4609 1138 4671 ἐρωτικῶν
1174 4609 1223 4658 in
1258 4609 1580 4660 miscellaneis
1620 4611 1696 4660 Li·

174 4673 407 4734 aiensibus
426 4678 603 4739 noris,
628 4679 728 4728 vol.
756 4680 842 4739 lx,
865 4691 993 4727 anno
1026 4682 1141 4728 1752
1162 4716 1175 4737 ‚
1189 4678 1364 4729 deinde
1392 4682 1620 4744 excerpta
1638 4694 1701 4729 ex

174 4746 372 4806 capitit-us
394 4751 459 4808 V,
496 4750 571 4798 vl
602 4751 654 4798 et
687 4749 781 4798 vll
814 4746 863 4796 in
893 4746 1127 4811 peculiari
1152 4747 1276 4797 libro
1308 4747 1494 4810 edidit,
1530 4751 1699 4800 multis

174 4816 435 4879 auditisque
454 4817 889 4868 observationibus
908 4817 1129 4880 adjectis.
1153 4817 1506 4882 [Antltoloqioe
1522 4833 1699 4882 orarem

174 4894 199 4928 a
239 4887 567 4938 constantino
632 4889 875 4951 cephala
927 4887 1151 4937 conditae
1195 4889 1316 4938 libri
1372 4892 1493 4940 tres.
1564 4889 1693 4954 Lips.

178 4954 283 5003 ¹75⁴.
310 4961 443 5007 Anno
471 4961 592 5008 ¹7⁶4
636 4957 757 5008 Chr.
792 4957 889 5007 Ad.
933 4955 1167 5008 Klotz-ius
1195 4957 1349 5008 edidit
1375 4962 1521 5022 caput
1556 4961 1645 5011 xu
1684 4976 1695 5005 :

3285 192 3382 269 xxj

1833 341 1869 380 a
1890 322 2164 400 pluribus
2200 332 2531 399 susceptum
2555 334 2612 380 et
2636 322 2987 400 promissum
3018 321 3126 403 (⁸⁸⁴)
3145 368 3161 396 ‚
3187 326 3382 383 nescio

1832 429 1950 487 qua
1987 410 2219 468 fortuna
2247 428 2475 486 semper
2506 408 2658 467 intra
2699 408 3184 468 bibliothecarum
3220 414 3382 472 clau-

1832 508 1951 555 stra
1972 510 2254 555 retentum
2273 508 2379 555 est.
2411 495 2670 555 Tandem
2699 497 3028 555 nannenus
3057 498 3210 557 felici
3238 522 3381 579 quo-

1832 582 1966 641 dam
1995 600 2131 641 casu
2150 627 2168 657 ‚
2199 602 2380 659 quum
2403 581 2522 660 jam
2553 584 2788 643 virilem
2815 596 3036 642 aetatem
3063 587 3377 664 attigisset,

1830 668 1986 727 inter
2011 669 2174 748 ipsos
2201 668 2345 726 belli
2376 669 2670 728 Borussici
2699 671 3004 741 tumultus,
3029 674 3234 747 graecis
3258 677 3382 737 lite-

1830 758 1913 815 ris
1951 759 2246 830 admotus,
2277 757 2379 815 vix
2421 776 2454 815 e
2485 758 2915 835 limpidissimis
2963 760 3085 819 illis
3125 761 3380 827 sontibus

1828 858 2156 921 gustaverat
2171 889 2192 920 ,
2213 864 2392 923 quum
2417 845 2751 904 incredibili
2777 846 2983 906 ardore
3006 847 3132 905 dies
3157 866 3381 911 noctes-

1826 950 1942 1009 que
1969 932 2079 991 hoc
2119 953 2300 992 unum
2348 944 2575 1007 ageret,
2607 945 2672 989 ut
2715 933 2873 991 sitim
2917 934 3200 1009 gustando
3229 942 3381 998 exci-

1828 1032 1997 1077 tatam
2051 1020 2229 1097 largis
2278 1020 2584 1078 haustibus
2641 1021 3048 1096 restingueret.
3101 1020 3273 1081 Forte
3317 1029 3378 1086 in

1823 1105 1958 1183 ejus
1983 1126 2184 1167 manus
2211 1107 2547 1185 apographa
2570 1108 2834 1185 quaedam
2857 1110 3220 1184 Anthologiae
3244 1114 3375 1173 ine-

1824 1193 1960 1252 ditae
1987 1196 2330 1254 inciderant.
2358 1200 2488 1254 Non
2512 1195 2819 1271 ignorabat
2848 1210 3062 1274 quanto
3089 1196 3376 1256 desiderio

1823 1280 1936 1338 hoc
1959 1300 2108 1359 opus
2132 1302 2235 1360 per
2265 1296 2346 1341 tot
2361 1282 2481 1359 jam
2507 1302 2689 1341 annos
2712 1296 3098 1361 expeteretur,
3125 1298 3181 1342 et
3203 1304 3372 1363 quam

1826 1386 1977 1445 saepe
2005 1387 2137 1445 spes
2157 1369 2229 1426 de
2251 1388 2320 1427 eo
2339 1370 2618 1427 concitata
2641 1370 2944 1429 cecidisset
2970 1371 3171 1443 irrita;
3196 1393 3375 1449 quare

1824 1453 1972 1512 illud
2003 1456 2254 1514 maxime
2289 1455 2592 1532 judicabat
2619 1456 2896 1515 idoneum
2937 1458 3091 1516 unde
3123 1461 3375 1520 nominis

1822 1541 2158 1601 illustrandi
2188 1545 2564 1621 merendique
2597 1544 2669 1602 de
2705 1545 2892 1603 literis
2924 1546 3250 1623 auspicium
3280 1549 3336 1606 fa
3360 1578 3378 1599 «-

1820 1643 1994 1690 ceret.
2048 1632 2216 1701 Quod
2279 1633 2586 1692 consilium
2643 1634 2724 1691 ita
2798 1647 3100 1692 exsecutus
3145 1650 3263 1707 est,
3310 1651 3376 1695 ut

1821 1736 2198 1795 quaecumque
2215 1720 2626 1797 epigrammata
2649 1740 2777 1779 cum
2797 1739 2871 1778 ex
2889 1720 3156 1781 Salmasii
3175 1742 3372 1781 excer-

1820 1809 1962 1881 ptis,
2009 1819 2132 1864 tum
2181 1826 2254 1864 ex
2295 1807 2575 1866 Planudis
2636 1808 2952 1882 Florilegio
2996 1809 3244 1886 aliisque
3288 1831 3363 1869 ex

1818 1891 1989 1951 libris
2031 1906 2088 1952 et
2126 1893 2609 1973 inscriptionibus
2645 1896 3013 1967 corrasisset,
3056 1914 3124 1953 ea
3161 1900 3365 1957 omnia

1816 1978 1887 2035 ad
1929 1992 2193 2038 auctores
2233 2000 2369 2039 suos
2417 1981 2623 2051 relata,
2664 2000 2794 2038 cum
2856 1982 3156 2040 nonnullis
3196 1984 3364 2057 aliis,

1813 2064 2059 2138 Solone,
2085 2066 2136 2124 Τ
2137 2080 2349 2144 yrtaeo,
2378 2068 2754 2141 CallimachO,
2783 2068 3071 2127 Bucolicis
3100 2070 3366 2149 aliisque,

1813 2152 2094 2212 brevibus
2127 2154 2197 2212 ad
2228 2156 2426 2215 omnia
2452 2154 2969 2214 observationibus
2999 2156 3272 2233 adjectis,
3306 2165 3364 2219 in

1813 2242 1922 2299 tria
1954 2242 2256 2301 volumina
2297 2242 2518 2319 digesta
2538 2286 2556 2313 ‚
2585 2242 2696 2301 sub
2741 2244 3160 2301 Amum'romm
3199 2247 3367 2306 titulo

1810 2330 2008 2388 ederet
2061 2332 2434 2406 Argentorati
2483 2350 2636 2389 anno
2692 2332 2865 2403 1776.
2903 2331 3025 2390 Hoc
3067 2351 3248 2410 opus,
3303 2349 3369 2393 ut

1811 2419 2006 2475 omnia
2029 2439 2158 2495 quae
2186 2420 2276 2477 vir
2303 2420 2814 2497 praestantissimus
2841 2419 3111 2497 lucrique
3135 2441 3210 2479 ex
3237 2423 3365 2482 lite·

1809 2506 1893 2562 ris
1945 2504 2191 2564 faciendi
2242 2519 2604 2584 contemptor
2665 2507 3148 2582 generosissimus
3207 2512 3364 2588 typis

1807 2593 2193 2652 exscribenda
2227 2596 2488 2669 curavit,
2531 2608 2770 2651 externo
2807 2595 2998 2653 nitore
3041 2596 3194 2654 ultra
3233 2618 3363 2656 mo—

1807 2680 1943 2738 dum
1993 2682 2156 2740 illius
2201 2683 2480 2759 temporis
2529 2684 2908 2758 conspicuum
2929 2722 2946 2751 ,
3009 2701 3360 2761 quamquam

1806 2788 2018 2844 magno
2048 2775 2106 2828 et
2131 2770 2339 2827 merito
2379 2768 2743 2827 eruditorum
2781 2768 2987 2853 plausu
3019 2785 3357 2848 exceptum,

1805 2846 1923 2912 non
1957 2868 2142 2913 tamen
2171 2875 2245 2913 ex
2274 2856 2437 2915 omni
2467 2868 2635 2934 parte
2665 2854 2946 2914 satisfecit
2971 2873 3172 2916 eorum
3203 2859 3359 2921 desi-

1802 2943 1998 3015 derio,
2049 2947 2152 3019 qui
2199 2947 2261 3001 in
2311 2943 2600 3020 ejusmodi
2645 2962 2850 3021 opere,
2915 2963 2990 3001 ex
3036 2966 3157 3005 uno
3202 2948 3359 3010 sonte

1802 3033 2110 3087 maximam
2148 3043 2366 3108 partem
2397 3030 2686 3101 derivato,
2714 3048 2832 3088 non
2859 3043 2974 3086 tam
2999 3031 3060 3088 id
3098 3036 3358 3111 require·

1802 3132 1931 3176 rent
1953 3118 2108 3196 quod
2150 3118 2316 3176 facile
2345 3131 2494 3176 esset
2515 3119 2812 3176 intellectu
2831 3161 2849 3192 ,
2879 3118 3050 3196 eique
3078 3119 3354 3182 lectorum

1802 3207 2029 3280 generi,
2068 3206 2224 3282 quod
2257 3204 2408 3264 nihil
2438 3218 2650 3284 praeter
2677 3206 3031 3282 voluptatem
3079 3221 3353 3283 sectatur,

1801 3292 1962 3350 nulla
1996 3293 2407 3370 impedimenta
2445 3291 2756 3369 objiceret,
2798 3293 2983 3370 quam‘
3014 3307 3230 3352 textum
3275 3300 3349 3357 ad

1799 3391 2056 3437 veterum
2083 3379 2371 3437 librorum
2406 3379 2574 3438 fidem
2604 3393 2934 3455 certamque
2963 3381 3192 3440 critices
3215 3403 3354 3442 nor·

1800 3486 1949 3524 mam
1989 3467 2302 3542 diligenter
2328 3478 2385 3525 et
2412 3480 2677 3524 accurate
2706 3467 3106 3528 coustitutum.
3135 3470 3260 3539 Qua
3291 3474 3352 3530 in

1800 3572 1863 3611 re
1882 3567 2244 3632 quantopere
2270 3555 2506 3614 vacillet
2537 3555 2902 3612 Brunckiana
2932 3555 3144 3629 editio,
3167 3572 3222 3615 et
3249 3560 3350 3619 alii

1799 3653 2182 3710 monuerunt,
2231 3653 2288 3698 et
2337 3659 2444 3698 nos
2497 3641 2777 3718 exemplis
2817 3641 3006 3699 allatis
3045 3642 3350 3705 docuimus

1796 3747 1926 3785 cum
2001 3729 2063 3786 in
2128 3727 2566 3803 Prolegomenis
2634 3729 2850 3786 nostris
2917 3731 3012 3806 (p.
3079 3731 3352 3789 CLXV·-

1795 3814 2149 3892 CLXXXI),
2195 3829 2312 3874 tum
2345 3817 2406 3875 in
2444 3816 2786 3895 praesatione
2825 3816 2897 3874 ad
2939 3817 3346 3895 Anthologiam

1796 3903 2146 3974 Palatinam,
2175 3901 2278 3962 ubi
2308 3903 2380 3961 de
2397 3904 2684 3962 ‘Brunckii
2710 3903 2772 3962 in
2795 3904 3202 3980 Anthologiam
3230 3927 3348 3964 me·

1796 3991 1928 4048 ritis
1958 3991 2091 4048 data
2125 4009 2303 4068 opera
2345 3991 2796 4068 disputavimus.
2834 3990 2918 4047 Ex
2943 4009 3061 4067 qua
3089 3992 3350 4070 disputa·

1797 4080 1954 4136 tione
1981 4078 2092 4136 hoc
2121 4079 2388 4156 posuisse
2417 4079 2747 4152 suffecerit,
2775 4079 2972 4135 virum
2999 4080 3349 4154 ingeniosis·

1794 4165 2038 4238 simum,
2091 4184 2270 4241 quum
2343 4165 2614 4240 genuinis
2684 4164 2946 4223 Palatini
2999 4166 3139 4224 olim
3161 4209 3179 4238 ,
3227 4181 3346 4226 tum

1791 4403 2048 4452 Stratoni-t
2083 4402 2414 4466 aliorumque
2457 4403 2692 4451 veterum
2725 4403 3015 4463 poetarum
3057 4417 3350 4466 qroecorum

1792 4471 3348 4595 {esszf‘zmff‘stati-{fefflffihufflziffiss7¹2¹b2'0ri'551ffl‘23?

1792 4614 1955 4660 ticum
1986 4614 2046 4660 in
2068 4611 2436 4673 Antholoqiam
2461 4611 2790 4661 Constantini
2823 4609 3073 4676 Cephalae
3098 4617 3206 4665 tum
3232 4613 3344 4664 cdi-

1794 4684 1901 4731 tam
1932 4685 2046 4731 tum
2076 4679 2388 4744 ineditam]

1852 4751 1948 4814 (¹¹³)
1991 4755 2047 4800 A.
2073 4753 2342 4801 Donvnmo
2369 4750 2620 4815 inprimis,
2644 4751 2730 4815 qui
2761 4765 2986 4816 magnam
3016 4753 3134 4804 vitae
3158 4757 3346 4819 partem

1790 4819 1905 4870 huic
1931 4821 2065 4884 operi
2093 4821 2412 4883 impenderat.
2444 4823 2561 4884 Ejus
2589 4826 2852 4886 apparatus
2877 4837 2988 4872 cum
3023 4825 3131 4875 aliis
3166 4839 3339 4875 manu·

1794 4891 1987 4954 scriptis
2011 4891 2062 4940 in
2089 4890 2430 4942 bibliothecam
2455 4891 2764 4954 BodleJ‘anam
2795 4893 3037 4956 migravit.
3063 4893 3175 4944 vid.
3195 4897 3340 4956 wyt-

1790 4961 1905 5010 tenb
1952 4960 2073 5010 Bibl.
2099 4961 2209 5011 crit.
2236 4963 2333 5011 vol.
2369 4965 2458 5022 ΙΙΙ,
2481 4965 2604 5024 part.
2629 4968 2676 5018 3,
2697 4975 2744 5024 p.
2775 4966 2860 5011 100
2883 4975 3018 5025 seqq.
