3829 5747
1271 166 1344 224 ΙΝ
1385 166 1630 225 CAPUT
1669 166 1770 225 vll
1816 165 2267 225 ANNOTATIO.
3234 168 3351 225 457

167 297 331 345 lemn.
365 309 453 359 ep.
487 296 614 358 327)
641 296 863 359 λάρνακος
889 295 1060 345 ἔσκεπε
1097 297 1279 351 λίθινος.
1321 299 1378 345 ln
1411 294 1615 346 Planud.
1647 297 1734 357 (et
1817 296 2051 360 Αἰσχρίων
2079 298 2106 345 ὁ
2138 296 2309 357 Σάμιος
2338 295 2615 357 ἰαμὸοποιὸς
2634 292 2907 355 Πολυκράτη
2923 294 3003 343 τὸν
3031 297 3253 356 σοφιστὴν
3282 297 3361 346 ἐπὶ

164 380 243 427 ap.
271 367 448 416 iriart.
481 381 528 429 p.
568 368 663 427 94)
699 365 986 429 separatim,
1005 367 1143 429 juxta
1166 369 1328 416 tamen
1358 366 1586 429 leguntur
1623 364 1731 415 haec
1819 368 2011 430 διαὸολῇ
2056 373 2138 425 τῆς
2174 368 2419 431 ἀνθρώπου
2456 364 2833 427 σωφρονεστάτης
2863 366 3108 427 γενομένης
3128 382 3139 393 ·
3174 366 3269 427 ἔχει
3310 368 3361 416 δὲ

165 435 382 485 disticha
399 452 420 493 3
448 436 588 486 alteri
609 438 779 495 ἄδηλον
801 434 1076 499 appositum
1097 436 1146 484 in
1176 434 1316 485 editt.
1343 438 1522 499 proeter
1551 436 1731 499 princi·
1817 435 1963 491 οὕτως
1980 437 2039 485 τὰ
2066 438 2253 500 ἰαμὸεῖα
2270 450 2283 462 ·
2302 436 2355 485 Ἐ
2370 454 2395 497 γ
2409 438 2449 485 ὼ
2466 440 2538 487 «bt
2553 440 2594 484 λ.
2626 438 2734 485 κτλ.
2770 438 2842 485 De
2866 436 3115 499 Polycrate
3142 437 3362 500 pluribus

165 520 292 569 pem.
321 506 592 570 Jungenda
617 520 726 557 esse
747 506 869 556 vidit
893 506 1129 566 Huetius,
1155 520 1302 569 quem
1333 510 1608 569 sequuntur
1634 507 1730 556 Sal·
1821 502 2021 555 disserit
2063 506 2121 554 B.
2141 509 2223 555 ten
2257 506 2398 554 Brink
2423 505 2473 554 in
2500 505 2747 568 Philologo
2773 506 2983 569 Gotting.
3010 509 3048 555 t.
3073 509 3157 567 Vl,
3187 522 3232 569 p.
3270 512 3359 557 382

165 592 310 636 mas..
361 580 602 637 Brunck.‚
649 581 774 639 Jac.‚
817 577 970 629 Boiss.
1013 581 1064 627 et
1103 579 1332 641 Berghius
1369 580 1479 639 Lyr.
1523 591 1571 641 p.
1619 583 1728 629 906.
1817 586 1973 637 seqq„
2009 574 2071 625 de
2108 574 2369 625 Philaenide
2398 576 2634 625 Luzacius
2655 577 2810 625 Lectt.
2847 577 2993 626 Attic.
3017 591 3063 640 p.
3107 582 3191 627 154
3222 590 3357 639 seqq.

169 668 190 688 a
225 647 470 697 Dubitare
509 649 624 699 licet
647 663 710 698 au
736 650 870 699 Λέων
899 662 946 697 v.
977 652 1006 698 3
1040 646 1102 696 de
1125 646 1334 696 Leonida
1361 647 1512 708 accipi
1536 646 1727 708 debeat,
1816 645 1941 693 Sunt
1968 647 2233 695 scazontes.
2267 672 2327 680 —
2356 652 2384 695 2
2423 647 2710 707 κεκοίμαμαι
2740 645 2881 705 cod„
2918 646 3126 696 alterum
3161 644 3275 695 Ath.
3312 648 3363 695 et

167 731 478 779 quamquam
505 731 602 767 non
627 718 795 781 ignoro
822 718 948 781 regis
974 720 1316 779 Spartanorum
1333 716 1528 766 tumulo
1543 716 1731 765 leonem
1816 713 1950 763 Plan.
1984 740 2043 749 —-
2062 719 2092 763 3
2118 716 2262 777 ᾶκρην
2290 714 2573 765 Meinekius.
2608 735 2631 758 «ι
2652 718 2757 764 Hoc
2782 716 3163 779 promontorium
3182 719 3365 766 Leuca-

169 787 323 835 ruisse
355 788 650 851 impositum
670 826 682 848 ‚
709 787 940 837 Herodot.
971 789 1081 846 Vll,
1109 793 1214 837 225.
1246 786 1382 836 Idem
1410 800 1527 835 vero
1552 789 1603 835 et
1625 787 1732 835 aliis
1815 784 1899 832 ten
1932 784 2081 835 fuisse
2102 785 2285 848 opinor.
2306 786 2570 836 Athenaeus
2589 788 2721 836 certe
2742 786 3055 835 Philaenidem
3073 789 3217 839 vocat
3233 788 3365 837 Leu-

169 856 407 920 contigit‚
441 861 499 907 ut
537 857 856 917 Teleutianti,
888 856 1040 919 iisque
1068 855 1155 918 qui
1193 856 1242 903 in
1279 870 1438 919 pugna
1472 855 1730 905 adversum
1815 853 2045 904 cadram.
2086 855 2270 911 Quodsi
2302 855 2529 905 Philaenis
2566 869 2661 905 non
2696 855 2927 916 modum,
2957 856 3045 905 sed
3072 857 3220 906 finem
3245 857 3363 907 vitio

169 926 454 989 Philippum
483 927 796 977 Macedonem
821 926 1089 989 perierant,
1121 926 1388 975 secundum
1410 930 1618 975 Pausan.
1648 927 1728 986 lx,
1774 918 1780 984 l
1817 936 2070 984 quaerens,
2098 939 2127 974 e
2152 928 2391 985 Leucata,
2426 928 2595 990 πέτρας
2627 926 2721 975 ἀπὸ
2762 928 3040 988 τηλεφανοῦς
3059 962 3073 985 ,
3112 928 3169 976 ut
3206 928 3363 990 prima

169 1002 241 1044 «10.
261 996 380 1046 Fuit
413 1002 579 1046 autem
595 1000 720 1057 Leo,
747 997 971 1046 Leonidae
988 1010 1114 1045 avus
1130 1035 1142 1059 ,
1163 1008 1250 1045 rex
1275 1000 1460 1059 spartae
1477 1034 1490 1057 ,
1523 1000 1729 1047 Pausan.
1773 999 1780 1087 Ι
1817 994 2011 1057 Sappho
2034 996 2166 1056 apud
2190 997 2508 1047 Menandrum
2524 1036 2537 1058 ‚
2568 1011 2621 1047 se
2651 997 2978 1060 praecipitasse
3002 996 3269 1061 antiquitus
3300 1001 3364 1049 i'e-

171 1069 238 1115 ΙΙΙ
258 1106 271 1125 ,
305 1072 355 1123 3,
385 1075 437 1117 5.
469 1088 492 1109 υ
520 1069 634 1117 Jac.
679 1068 858 1117 Gallice
892 1065 1100 1117 reddidit
1137 1065 1361 1115 Larcher.
1403 1066 1465 1115 ad
1500 1066 1728 1116 Herodot.
1774 1090 1780 1126 ι
1817 1064 2031 1125 rebatur,
2053 1065 2159 1126 ejus
2186 1073 2345 1129 μνῆμα
2368 1067 2433 1116 ibi
2460 1068 2669 1129 positum
2696 1067 2813 1131 fingi
2842 1070 3064 1130 poterat,
3086 1072 3137 1119 et
3165 1073 3365 1133 propter

171 1137 202 1184 1.
228 1150 292 1195 c.‚
323 1138 417 1198 qui
439 1137 646 1188 credidit
674 1138 854 1189 sactum
872 1137 1165 1202 epigramma
1189 1138 1238 1187 in
1264 1137 1490 1188 Leonidae
1513 1139 1732 1201 Spartani
1775 1133 1780 1167 ¹
1817 1136 1989 1186 mortis
2008 1150 2163 1200 genus
2192 1138 2255 1187 ad
2286 1139 2563 1201 sepulcrum
2611 1152 2759 1188 suum
2791 1151 3053 1202 provocare
3088 1140 3134 1188 ei
3164 1140 3359 1191 licebat.

171 1206 446 1256 tumulum.
492 1209 591 1256 Leo
630 1210 975 1271 Spartanorum
1009 1221 1092 1256 rex
1133 1207 1270 1257 innui
1306 1210 1440 1259 visus
1480 1211 1555 1259 est
1585 1208 1728 1257 scho-
1817 1208 1917 1256 Nec
1946 1208 2149 1257 fortasse
2169 1209 2219 1257 vi
2242 1221 2331 1257 sua
2352 1211 2485 1258 caret
2504 1209 2626 1271 γήρᾳ
2655 1215 2725 1271 τῷ
2742 1214 2907 1272 μακρῷ
2924 1209 3207 1272 κεκοίμημαι
3231 1230 3244 1260 :
3266 1225 3363 1261 non

171 1277 326 1327 liastae
355 1278 537 1327 Wech.
565 1299 578 1327 :
609 1280 830 1341 γράφεται
859 1279 908 1328 δὲ
934 1281 1053 1329 λέων
1079 1280 1229 1342 θηρῶν
1257 1282 1525 1341 κράτιστος,
1561 1281 1632 1329 ὅτι
1657 1280 1732 1328 ἐπὶ
1817 1277 1945 1325 enim
1981 1280 2155 1341 μακρὸν
2186 1279 2325 1327 ὕπνον
2360 1280 2705 1341 perpetuamve
2736 1291 2885 1336 unam
2910 1280 3100 1328 noctem
3131 1279 3221 1329 sihi
3253 1294 3363 1332 esse

169 1351 374 1405 Λέοντος
398 1355 486 1398 τοῦ
521 1350 838 1413 Εὐρυκράτους
859 1349 1217 1412 Λακεδαιμόνιοι
1236 1351 1580 1413 προσέπταισαν
1599 1350 1646 1398 ἐν
1663 1352 1733 1411 τῷ
1817 1344 2149 1396 dormiendum
2180 1348 2428 1410 queritur,
2466 1347 2554 1397 sed
2600 1348 2755 1411 lonqa
2794 1350 3059 1399 senectute
3094 1362 3147 1399 se
3188 1353 3359 1415 sopiri;

169 1420 281 1481 πρὸς
307 1418 551 1481 Τεγεάτας
581 1421 774 1482 πολέμῳ
795 1434 807 1445 ·
833 1421 908 1468 ἐπὶ
934 1420 1276 1483 Ἀναξανδρίδου
1305 1422 1460 1479 μέντοι
1483 1424 1567 1466 τοῦ
1595 1418 1734 1467 Δέον·
1818 1430 1931 1480 quae
1958 1418 2129 1468 saltem
2152 1431 2249 1467 non
2278 1418 2507 1469 solemnis
2530 1422 2606 1468 est
2638 1420 2768 1482 apud
2802 1424 2973 1483 poetas
3003 1421 3299 1484 metaphora.
3336 1446 3359 1468 »ι

171 1506 244 1545 τος
257 1492 648 1553 ἐπικρατέστεροι
666 1492 912 1551 Τεγεατῶν
933 1492 1143 1552 ἐγένοντο
1166 1496 1235 1554 τῷ
1253 1492 1471 1553 πολέμῳ·
1491 1490 1543 1537 ὃν
1563 1489 1612 1537 δὲ
1632 1488 1732 1551 τρὸ-
1818 1489 2002 1538 Brinle.
2027 1514 2088 1525 —
2114 1492 2145 1537 4
2172 1490 2343 1551 λέσχην
2358 1488 2492 1537 Plan.
2520 1489 2539 1551 (
2558 1502 2646 1551 pro
2672 1490 2895 1551 λάσθην).
2922 1495 2979 1541 In
3002 1504 3151 1555 marg.
3174 1494 3364 1546 Codicis

173 1579 258 1610 πον
295 1564 582 1618 Παυσανίας
632 1564 680 1612 ἐν
712 1569 810 1619 τοῖς
843 1566 1136 1619 Λακωνικοῖς
1173 1567 1345 1627 ἱστορεῖ
1372 1564 1447 1624 (3,
1486 1562 1561 1622 5).
1608 1559 1734 1623 Ipsis
1817 1558 2062 1618 αἰσχύνην.
2085 1577 2107 1599 ¹¹
2136 1560 2422 1608 Juncturam
2445 1558 2707 1608 verborum
2737 1562 2907 1623 χλεύην
2934 1564 3015 1609 καὶ
3047 1564 3227 1619 γέλωτα
3258 1564 3363 1614 illu-

175 1646 282 1695 quae
309 1634 495 1697 allegat
527 1634 776 1683 Pausanioe
800 1634 964 1683 verbis
997 1632 1281 1683 scholiastes
1298 1631 1551 1689 refutatur,
1577 1641 1732 1690 quum
1817 1627 1971 1676 stravi
1994 1627 2061 1676 ad
2096 1631 2279 1692 Eunap.
2312 1643 2357 1691 p.
2393 1634 2499 1679 353.
2541 1628 2681 1679 Philo
2714 1632 2825 1679 Vita
2852 1633 2975 1681 Mos.
3001 1633 3042 1691 1,
3068 1637 3127 1681 29
3169 1652 3182 1682 :
3220 1636 3366 1693 γέλως

175 1717 252 1751 rex
275 1702 359 1751 ille
387 1706 488 1751 Leo
515 1703 644 1753 male
662 1703 903 1753 adversus
921 1706 1158 1767 Tegeates
1184 1716 1286 1751 rem
1319 1700 1538 1765 gesserit.
1565 1700 1728 1748 Boiss.
1816 1698 1894 1744 καὶ
1920 1700 2061 1761 χλεύη
2093 1700 2413 1761 γενησόμενοι.
2442 1699 2653 1749 oracula
2674 1699 2772 1749 sib.
2798 1702 2883 1759 IV,
2913 1714 2959 1763 p.
2984 1704 3072 1752 287
3099 1722 3111 1749 :
3138 1702 3253 1751 Ἀλλ’
3286 1706 3367 1753 αὐ-

173 1800 232 1808 -
263 1780 309 1822 2,
355 1793 382 1816 «ι
423 1776 609 1823 Forsan
649 1774 831 1834 λάϊνος,
876 1778 1074 1839 propter
1109 1774 1302 1823 lemma,
1349 1793 1372 1813 .,
1405 1769 1624 1821 Meinek.
1669 1794 1732 1805 -
1815 1767 1921 1823 τοὺς
1962 1770 2101 1830 χλεύῃ
2143 1768 2308 1829 γέλωτί
2338 1784 2389 1816 τε
2426 1769 2717 1830 μυχθίζοντες
2733 1784 2743 1794 ’
2776 1770 2921 1819 scrib.
2960 1772 3101 1833 χλεύῃ
3126 1788 3193 1822 τε.
3230 1774 3366 1824 Liba-

177 1851 204 1894 3
227 1845 340 1904 ἐμὸν
367 1848 436 1901 ὡς
463 1845 596 1907 ὄνομ·
636 1847 759 1909 εἶχεν
797 1846 931 1895 Plan,
971 1844 1175 1895 Bothius
1206 1856 1283 1906 ap.
1312 1844 1414 1891 Jac.
1435 1842 1578 1904 θυμόν
1596 1858 1646 1889 τε
1667 1842 1729 1889 Α.
1817 1836 1927 1887 nius
1950 1842 1985 1887 t.
2013 1840 2096 1897 IV,
2117 1852 2163 1901 p.
2182 1843 2269 1897 42,
2299 1842 2355 1887 10
2373 1859 2385 1887 ι
2406 1840 2644 1894 Μενέλεως
2665 1841 2921 1901 μὲνΈλὲνη
2938 1847 3169 1890 συνοικῶν
3184 1846 3365 1905 γέλωτα

177 1916 447 1979 corrigebat
463 1954 475 1975 ,
511 1914 644 1978 apud
661 1928 762 1967 110⁸,
775 1916 903 1977 εἶχον
919 1952 932 1975 ,
949 1914 1104 1977 prima
1121 1927 1326 1977 persona
1350 1932 1362 1961 ς
1386 1932 1410 1954 «ι
1435 1910 1498 1961 de
1525 1924 1579 1960 se
1603 1909 1732 1959 enim
1815 1910 1894 1956 καὶ
1916 1909 2081 1970 χὶεῦην
2097 1910 2214 1957 οἴσει
2232 1910 2248 1971 (
2266 1910 2381 1957 1'01'8.
2408 1909 2585 1957 οἷσεται
2602 1910 2636 1968 ).
2658 1912 2939 1972 Lempenus
2963 1913 3177 1960 Graium.
3200 1926 3248 1975 p.
3268 1919 3321 1965 61
3346 1936 3359 1963 :

178 1986 336 2033 nescio
384 1986 502 2047 quis
537 1988 696 2045 Leon,
749 1985 888 2035 miles
933 1984 1254 2043 fortissimus,
1296 1983 1384 2045 qui
1412 1980 1641 2031 occiderit
1681 1979 1732 2029 in
1816 1979 2025 2041 διατριὸἠ
2054 1980 2133 2027 καὶ
2164 1980 2219 2025 τὸ
2246 1978 2491 2037 παίγνιον,
2518 1979 2690 2027 ταυτὸν
2712 1979 3091 2043 ‹suvrei-»ouans
3110 1983 3251 2045 χλεύῃ
3284 1987 3365 2033 καὶ

180 2056 298 2105 hello
316 2094 330 2113 ‚
355 2054 466 2118 ipse
495 2055 732 2119 praedicat
760 2076 773 2103 ι
803 2055 898 2104 nisi
921 2055 1081 2105 animo
1103 2049 1284 2117 pariter
1316 2067 1373 2103 ac
1397 2052 1588 2101 nomine
1619 2050 1734 2099 fuis·
1815 2056 1884 2110 τῷ
1913 2051 2094 2109 γελωτι.
2134 2048 2422 2099 Plutarchus
2446 2050 2579 2097 Alex.
2617 2064 2663 2099 c.
2699 2056 2757 2102 25
2796 2070 2807 2099 =
2838 2054 3086 2113 γενομένου
3126 2055 3175 2103 δὲ
3201 2057 3367 2115 χλευα-

180 2128 249 2174 set
293 2125 402 2185 leo,
441 2140 495 2175 se
540 2138 637 2174 non
673 2124 1026 2175 descensurum
1072 2124 1222 2173 ruisse
1268 2124 1318 2172 in
1361 2123 1657 2186 sepulcrum.
1705 2140 1729 2163 ι,
1817 2125 1940 2178 σμοῦ
1966 2124 2045 2167 καὶ
2075 2122 2289 2181 γέλωτος.
2315 2122 2473 2177 Quem
2493 2119 2620 2169 conf.
2647 2122 2698 2168 et
2733 2122 2807 2169 De
2828 2118 2930 2169 der.
2955 2134 3083 2171 orac.
3112 2122 3141 2185 §
3171 2127 3243 2175 19.
3276 2127 3367 2175 He-

180 2196 446 2257 Receptum
473 2195 623 2245 velim
645 2195 789 2257 θυμόν
809 2212 860 2244 τε
889 2208 978 2258 pro
1001 2211 1068 2254 γε.
1091 2195 1252 2243 Facile
1280 2194 1514 2243 assentior
1542 2190 1732 2241 Schnei-
1816 2187 2031 2238 liodorus
2046 2191 2109 2249 V,
2129 2194 2158 2239 4
2185 2211 2197 2239 z
2224 2190 2383 2247 ἔπαιζε
2405 2190 2455 2238 δὲ
2474 2190 2565 2252 ἄρα
2590 2206 2634 2238 τι
2665 2190 2745 2239 τὸν
2778 2192 3015 2251 Κνήμωνα
3042 2193 3309 2257 δαιμόνιον,
3338 2196 3366 2247 ὃ

181 2265 367 2315 dewino
397 2265 547 2325 (Sim.
581 2279 628 2329 p.
675 2270 788 2325 164,
831 2266 1035 2315 Delectu
1074 2277 1124 2327 p.
1167 2268 1253 2314 411
1279 2266 1294 2323 )
1323 2264 1457 2327 prius
1491 2260 1733 2311 distichon
1817 2261 1896 2307 καὶ
1926 2262 1987 2308 τὰ
2020 2261 2139 2309 ἄλλα
2170 2260 2340 2323 χλεύην
2368 2262 2431 2315 ὡς
2476 2260 2647 2308 ἐπίπαν
2682 2261 2742 2309 τὰ
2777 2260 3038 2322 ἀνθρώπεια
3065 2265 3146 2311 καὶ
3175 2267 3365 2315 παιδιὰν

183 2348 260 2395 per
279 2348 334 2383 se
369 2334 904 2384 consummatissimum
938 2347 1045 2384 esse
1077 2335 1370 2397 epigramma
1403 2334 1449 2383 in
1483 2334 1734 2383 tumulum
1819 2334 2035 2378 ποιεῖται.
2058 2330 2275 2379 Asterius
2304 2329 2477 2379 Homil.
2510 2342 2556 2392 p.
2581 2334 2641 2379 68
2665 2349 2677 2377 ·.
2697 2334 2791 2377 τῶν
2808 2332 3003 2379 οἰκετῶν
3025 2332 3267 2391 γελώντων
3284 2340 3367 2385 καὶ

185 2402 436 2459 Leonidaez,
465 2404 554 2453 sed
581 2404 776 2453 minime
803 2403 1009 2453 dixerim
1049 2403 1300 2465 sequentia
1335 2401 1732 2466 insipidissimum
1819 2399 2211 2461 ἐπιχλευαζόντων
2240 2402 2324 2459 τὴν
2352 2401 2407 2449 ἐκ
2430 2405 2512 2457 τῆς
2544 2400 2683 2461 μέθης
2708 2399 2995 2462 παραφοράν.
3024 2401 3149 2451 Vide
3177 2404 3361 2457 Victor.

185 2487 282 2521 esse
309 2474 700 2524 additamentum
719 2478 768 2525 et
791 2488 890 2537 quo
915 2474 1173 2524 simonidei
1200 2474 1555 2537 epigrammatis
1573 2474 1736 2522 nativa
1819 2469 1882 2518 ad
1911 2471 2106 2521 Aristot.
2130 2470 2270 2521 Rhet.
2297 2472 2363 2530 11,
2392 2476 2438 2531 2,
2466 2475 2519 2519 12
2539 2487 2552 2527 ς
2574 2468 2767 2531 Beugel.
2794 2466 2859 2517 ad
2887 2470 2965 2517 Jo.
2993 2468 3166 2533 Chrys.
3197 2474 3271 2523 De
3290 2488 3367 2525 sa-

185 2543 497 2604 pulchritudo
534 2543 712 2593 mirum
744 2546 983 2605 quantum
1009 2544 1313 2594 deformatur
1344 2564 1356 2592 ι
1391 2564 1413 2585 υ
1440 2543 1538 2592 imo
1556 2556 1612 2591 ex
1641 2542 1735 2591 hoc
1774 2508 1781 2593 ¹
1819 2540 1951 2590 cerd.
1979 2545 2019 2601 I,
2047 2545 2096 2602 4,
2127 2547 2203 2591 51.
2237 2540 2491 2591 Petronius
2514 2542 2611 2589 Sat.
2654 2544 2707 2588 17
2740 2540 2825 2587 :et
2850 2551 2946 2589 oro
2980 2553 3047 2590 ue
3081 2545 3367 2597 nocturnas

187 2613 389 2664 disticho
433 2617 636 2677 apparet
678 2617 807 2663 recte
831 2614 1012 2665 Λέοντὰ
1043 2632 1145 2663 τινα
1177 2614 1464 2664 intellexisse
1494 2612 1735 2662 lemmatis
1821 2612 2095 2673 reliqiones
2109 2612 2293 2675 jocum
2323 2614 2592 2674 risumque
2622 2609 2855 2672 faciatis.
2880 2629 2905 2653 υ
2936 2611 2999 2658 Β.
3030 2636 3091 2647 —
3118 2620 3145 2663 5
3172 2618 3264 2673 Ζῆν
3287 2620 3365 2671 vel

188 2686 492 2748 scriptorem,
513 2686 761 2749 nequeagi
787 2685 849 2735 de
869 2685 1108 2743 Leonida:
1131 2700 1188 2735 ac
1203 2682 1459 2734 necessarii
1477 2685 1615 2733 erant
1636 2680 1736 2729 duo
1820 2686 1945 2738 Ζῆνα
1980 2682 2098 2732 cod.
2126 2684 2176 2731 et
2216 2681 2375 2741 Plan.·‚
2418 2685 2530 2729 Ζεῦν
2561 2679 2737 2728 Athen.
2780 2678 2963 2729 Deinde
2995 2680 3117 2731 cod.
3149 2684 3215 2745 μὰ
3240 2684 3369 2736 inter

189 2758 414 2817 postremi
455 2770 630 2805 versus
655 2755 719 2805 ad
760 2768 952 2805 nomen
995 2755 1203 2805 hominis
1239 2753 1534 2804 tradendum
1552 2791 1564 2814 ‚
1603 2751 1736 2815 quod
1819 2751 1925 2799 οὐδὲ
1950 2752 1999 2800 et
2020 2752 2122 2806 τοὺς
2148 2750 2200 2799 in
2228 2748 2487 2799 interstitio
2516 2763 2778 2810 versuum,
2807 2752 2865 2799 ut
2884 2752 2926 2799 V
2943 2784 2960 2809 ,
2984 2762 3060 2814 ep.
3094 2757 3199 2813 198,
3227 2760 3243 2803 1
3269 2771 3282 2814 ς
3310 2758 3366 2806 οὐ

191 2840 274 2873 non
321 2826 628 2889 significatur
676 2825 896 2876 versibus
942 2825 1128 2888 primis.
1185 2824 1330 2875 Addit
1387 2822 1682 2871 Schneidew.
1719 2842 1732 2871 ε
1822 2820 1888 2882 μὰ
1919 2822 2024 2876 τοὺς
2052 2817 2224 2869 Athen.
2258 2820 2360 2867 Jac.
2403 2818 2454 2866 in
2498 2822 2622 2868 nott.
2651 2832 2773 2867 mss.
2810 2820 3039 2883 Κούρους,
3087 2833 3200 2871 nam
3234 2822 3366 2876 haud

193 2916 212 2936 n
244 2898 424 2946 Confer
443 2897 591 2960 epigr.
622 2909 700 2954 ap.
721 2896 914 2946 Boeckh.
947 2898 1092 2958 Corp.
1127 2899 1306 2946 Inscrr.
1343 2908 1392 2942 n.
1433 2899 1554 2944 2168
1569 2931 1581 2952 ,
1601 2893 1736 2957 quod
1819 2891 1967 2940 dubie
1986 2892 2212 2941 Castores
2233 2890 2580 2953 intelliguntur,
2605 2889 2693 2952 qui
2720 2890 2773 2937 ἐκ
2792 2890 3009 2952 διαδοχῆς
3028 2889 3078 2939 in
3103 2892 3267 2945 inseris
3285 2896 3369 2946 de-

192 2966 457 3016 emeudaw't
484 2969 745 3015 Hermann.
774 2969 952 3026 Opusc.
982 2968 1020 3014 t.
1052 2966 1112 3025 V,
1137 2978 1186 3028 p.
1217 2969 1320 3026 176,
1351 2963 1434 3012 ubi
1455 2967 1533 3013 est
1567 2983 1578 3011 z
1819 2961 2011 3024 gebant.
2032 2961 2279 3011 fleckerus
2292 2959 2672 3023 improbabiliter
2696 2959 2947 3022 distinguit
2964 2961 3068 3010 οὐδὲ
3087 2964 3193 3020 τοὺς
3220 2965 3367 3021 κάτω,

1814 3031 2022 3094 jungens
2042 3033 2289 3094 κούρους...
2317 3031 2363 3086 ἐς
2383 3031 2572 3092 ἄνδρας,
2590 3029 2700 3078 coll.
2721 3029 2866 3092 Soph.
2886 3029 3044 3093 Antig.
3072 3035 3161 3082 542
3186 3054 3197 3080 :
3224 3033 3368 3099 ᾍδης

303 3097 372 3145 Ἢ
401 3096 442 3158 ῥ’
472 3097 652 3158 ἐτύμως
681 3095 786 3144 τόδε
815 3100 948 3155 σᾶμα
976 3093 1257 3157 λεὸντε[σσιν
1300 3096 1588 3154 πεφύλακται
1603 3095 1642 3159 ]’
1819 3105 1896 3165 χοὶ
1925 3104 2056 3152 κάτω
2070 3102 2349 3164 συνίστορες.
2374 3127 2438 3135 ———-
2457 3107 2485 3150 8
2509 3098 2572 3149 ad
2590 3101 2871 3162 παιπάλημα
2888 3099 3049 3163 glossa
3081 3103 3301 3168 φλυαρίαν
3318 3107 3369 3157 in

367 3169 414 3213 ol
444 3166 528 3227 μὲν
553 3167 642 3228 γὰρ
673 3168 826 3228 θηρῶν
849 3166 1092 3229 φέρτατοι,
1124 3168 1170 3214 οἱ
1201 3167 1250 3214 δὲ
1271 3167 1469 3228 βροτῶν.
1820 3173 2015 3232 codice,
2046 3173 2131 3234 qui
2150 3169 2351 3232 deinde,
2375 3173 2432 3220 ut
2466 3169 2646 3230 ceteri,
2672 3171 2797 3228 κακὴ
2829 3171 3044 3231 γλῶσσα,
3088 3174 3175 3222 sod
3213 3187 3242 3224 a
3270 3191 3371 3227 enr-

1819 3246 2007 3292 rectore
2025 3245 2265 3291 mutatum
2284 3241 2335 3290 iu
2356 3245 2497 3298 κακῆι
2531 3241 2760 3300 γλώσσηι.
2780 3265 2843 3274 --
2880 3245 2911 3290 9
2932 3239 2993 3288 01·
3021 3243 3232 3304 ἔγραψεν·
3274 3249 3369 3304 ἐγὼ

1819 3314 1860 3362 δ’
1880 3314 1970 3361 οὐκ
1995 3311 2135 3369 coc1.;
2160 3311 2267 3360 ὄπ’
2302 3309 2482 3374 ἔγραψ’·
2500 3310 2595 3368 ἐγὼ
2621 3310 2709 3370 γὰρ
2736 3309 2823 3357 οὐκ
2842 3308 3121 3366 Athen-301²
3153 3313 3395 3376 ἔγραψεν·-

1776 3352 1782 3437 Ι
1821 3385 1939 3442 αὐτῆ
1965 3383 2005 3432 δ·
2024 3383 2109 3431 οὐκ
2128 3382 2263 3432 Plan.
2288 3384 2343 3430 ln
2359 3380 2541 3444 quibus
2562 3379 2641 3428 οἷα
2662 3381 2767 3428 sac.
2793 3381 2923 3429 recte
2946 3380 3176 3442 praetuiit.
3202 3402 3224 3425 «ι
3246 3387 3372 3435 Mul-

248 3434 476 3497 seqnitur
508 3433 558 3482 5¹¹
590 3433 709 3484 θοὰ·
740 3431 984 3483 ffissfisshffl
1017 3448 1128 3484 “⁰¹¹¹
1152 3433 1244 3484 ¹¹⁰⁶
1275 3434 1501 3484 lemmate
1528 3454 1540 3482 ²
1581 3438 1736 3496 Σιμω·
1820 3455 1884 3503 tis
1907 3454 2033 3503 banc
2068 3451 2295 3514 loquendi
2324 3451 2585 3500 formulam
2618 3449 2879 3499 illustravit
2906 3450 3176 3500 Blomsseld.
3201 3454 3359 3505 Gloss.

196 3509 306 3556 *35⁰⁹
319 3505 474 3568 ((1110(1
487 3505 709 3554 flamen&
727 3504 1047 3555 Circumdeffit
1069 3509 1313 3586 wne-⁰²⁰¹·
1326 3510 1376 3555 et
1394 3505 1736 3586 superscripssflfi
1821 3525 1884 3574 ad
1897 3529 2063 3588 Agam.
2080 3530 2159 3573 66.
2179 3520 2317 3571 Adde
2326 3535 2435 3571 mea
2448 3520 2512 3570 ad
2522 3519 2747 3568 Philostr.
2770 3517 2918 3581 Epist.
2938 3531 2987 3582 p.
3015 3524 3119 3581 142,
3134 3535 3183 3570 n.
3198 3526 3247 3571 4.
3266 3544 3289 3566 ›-
3302 3527 3363 3573 B.

197 3583 267 3625 τοῦ
289 3578 466 3634 αὐτοῦ)
487 3577 551 3630 εἰς
571 3575 771 3631 Μελίτην
799 3576 957 3638 κόρην.
979 3575 1124 3633 Quod
1142 3589 1434 3639 epigramma
1448 3589 1596 3638 supra
1611 3589 1736 3638 posi·
1777 3591 1781 3624 ι

199 3648 288 3694 tum
304 3661 356 3695 n.
383 3649 486 3706 187,
511 3643 747 3709 Philippi
777 3646 971 3695 nomine
995 3646 1299 3708 inscriptum.

195 3295 364 3344 Confer
385 3297 436 3344 et
467 3295 772 3357 Antipatrum
795 3293 897 3344 sid.
924 3294 1048 3343 infra
1069 3307 1145 3358 ep.
1171 3299 1280 3345 426.
1308 3315 1333 3337 ι»

1882 3670 2173 3718 CCC‘XLVI.
2198 3669 2397 3715 Lemma
2436 3685 2448 3712 :
2473 3667 2539 3720 εἰς
2564 3664 2760 3712 Σαὸῑνον
2793 3663 2841 3711 ἐν
2875 3662 3084 3724 Κορίνθῳ
3100 3678 3111 3688 ·
3138 3667 3369 3728 Θαύματος

617 3759 628 3768 ·
1819 3741 1960 3796 ἀξιον.
1986 3737 2291 3800 Epigramma
2323 3733 2540 3784 Corinthi
2559 3731 2789 3795 positum.
2812 3733 2983 3781 Nescio
3002 3733 3131 3783 unde
3162 3735 3369 3798 petitum

199 3860 210 3870 ,
247 3791 776 3878 εῆῗοχιγχιθωωᾶᾖ
803 3788 1080 3873 ἇὸέωξοτοΨ
1103 3791 1148 3873 ⁰}
1171 3789 1222 3837 δὲ
1241 3788 1528 3872 Σιμωνίδου]
1548 3790 1626 3869 εἷς,
1643 3791 1733 3838 ΦΨ
1819 3810 1995 3858 lemma
2026 3819 2104 3868 ap.
2142 3803 2375 3853 Grotium.
2407 3828 2466 3837 —
2493 3809 2520 3850 2
2542 3801 2613 3850 sic
2636 3802 2934 3860 Brunckiu83
2958 3804 2991 3851 ὰ
3013 3804 3134 3859 λίθος
3167 3805 3200 3852 ἁ
3225 3809 3385 3867 μικρὰ-

200 3861 362 3908 ιαινιδα
391 3859 502 3942 τὴν1
525 3859 827 3942 Ελεραντινης
853 3861 1068 3921 ἑταιραν,
1097 3875 1182 3916 την
1216 3860 1462 3921 γραψασαν
1495 3873 1543 3905 εν
1573 3874 1734 3940 πινακι
1775 3847 1780 3890 ¹
1819 3878 1941 3928 Cod-
1983 3880 2035 3925 et
2062 3876 2194 3924 plan·
2240 3902 2299 3914 ,-,
2338 3876 2367 3922 4
2399 3871 2507 3920 voc}
2534 3873 2699 3925 fleam
2726 3870 2777 3919 in
2820 3871 2938 3920 cod.
2986 3873 3369 3936 superscriptum

198 3931 271 3984 τὰς
293 3944 560 3989 γυναικείας
593 3929 734 3989 mesre
762 3927 1050 3983 enimc-3?
1086 3929 1140 3982 ἃς
1169 3929 1249 3976 καὶ
1279 3928 1572 3987 mapsam
1607 3945 1734 3990 παρα
1817 3947 2043 4008 πόματος,
2072 3947 2124 3994 et
2155 3943 2227 3993 sic
2261 3941 2389 3990 Plan.
2430 3939 2558 3990 lllud
2582 3939 2871 4003 praeserebat
2906 3941 3056 3990 etiam
3086 3943 3367 3994 Salmasius.

199 4003 280 4044 τῶν
297 4000 342 4046 ἐν
355 3997 562 4054 Ἀθήναις
580 4002 756 4046 σοφῶν.
773 3999 861 4046 Est
875 3997 1044 4054 ἄδηλον
1057 3997 1105 4046 iu
1125 3996 1384 4046 Planudea.
1417 4014 1439 4037 «ι
1463 3995 1734 4046 ,Eschrioni
1774 4007 1780 4073 ἰ
1819 4020 1921 4065 Jac-
1951 4015 2137 4063 confert
2171 4010 2374 4061 Achiuis
2397 4010 2547 4060 verba
2576 4011 2631 4060 ῃ,
2672 4013 2711 4060 x
2763 4015 2856 4060 339
2894 4024 2997 4073 seq,
3044 4014 3096 4061 οἱ
3118 4013 3263 4064 ovid,
3295 4017 3367 4064 Ex

200 4069 342 4118 Samio
366 4067 548 4116 diserte
569 4065 741 4115 tribuit
768 4067 1033 4117 Athenoeus
1061 4070 1195 4128 vlu,
1215 4081 1262 4130 p.
1285 4071 1394 4124 335,
1416 4067 1472 4125 G,
1504 4068 1562 4114 D.
1587 4069 1734 4148 Cujus
1774 4076 1779 4158 1
1820 4089 1975 4136 Ponto
2003 4089 2067 4145 ῃ,
2103 4085 2164 4134 el,
2189 4089 2237 4142 4,
2265 4087 2324 4132 23
2357 4102 2370 4131 :
2716 4049 2730 4073 ’
3007 4049 3020 4072 ’

201 4150 336 4197 quum
377 4136 534 4198 major
572 4135 638 4187 sit
677 4137 946 4188 auctoritas
961 4176 974 4198 ‚
1005 4151 1179 4188 nomen
1217 4137 1515 4188 AEschrionis
1555 4149 1731 4200 recepl.
1767 4166 1780 4188 a

202 4209 428 4257 Pfaeiefffl
472 4206 648 4256 samum
698 4209 775 4256 θὸῑ
823 4208 1027 4269 lemma,
1087 4207 1220 4270 (1¹¹0d
1261 4207 1424 4258 tradat
1473 4206 1522 4256 1¹¹
1567 4207 1732 4256 tabffl&
1775 4199 1780 4209 ¹
1928 4225 2029 4266 Non
2058 4233 2171 4277 ego,
2200 4233 2369 4266 secura!
2388 4221 2567 4265 biberes
2594 4220 2630 4264 si
2658 4218 2821 4274 pocula
2840 4219 3024 4272 Lethes,

201 4276 394 4336 pinxisse
418 4275 724 4326 Philaenidem
743 4278 944 4326 Veneris
960 4279 1102 4327 lusus
1115 4315 1128 4334 ,
1142 4291 1264 4339 quas
1282 4277 1467 4326 calamo
1484 4276 1532 4325 in
1553 4276 1733 4326 chartis
1775 4260 1780 4347 Ι
1982 4284 2199 4329 excidere
2218 4284 2315 4328 haec
2337 4282 2522 4327 credam
2542 4286 2722 4338 pectore
2748 4291 2875 4338 posse
2896 4283 2993 4324 tuo.

201 4345 505 4410 descripserat
529 4349 718 4407 auctor,
740 4359 835 4396 non
863 4345 1046 4409 pieton
1068 4346 1179 4396 vide
1205 4347 1518 4396 Letronnium
1545 4346 1592 4394 in
1627 4346 1732 4408 Epi-

201 4417 306 4467 stola
333 4417 396 4466 ad
422 4416 719 4466 Jacobsium.
749 4437 773 4459 ι»
803 4421 866 4468 B.
897 4419 965 4466 Ex
995 4430 1054 4466 eo
1081 4416 1210 4478 quod
1241 4418 1288 4466 in
1315 4416 1560 4466 Michaelis
1585 4416 1734 4466 Char-

199 4487 346 4536 tuiarii
373 4488 541 4539 codice
577 4489 802 4551 junctum
842 4488 1202 4550 (συνημμένον)
1229 4491 1336 4537 erat
1361 4487 1456 4537 hoc
1497 4502 1575 4549 ep.
1620 4501 1732 4536 cum

199 4556 527 4618 epigrammate
544 4556 839 4606 Dioscuridis
867 4571 916 4607 n.
945 4562 1036 4607 450
1051 4595 1064 4617 ‚
1085 4559 1141 4606 ut
1158 4558 1344 4606 dict-um
1363 4571 1508 4618 supra
1527 4560 1638 4618 post
1655 4571 1728 4621 ep.

1881 4420 2191 4470 ccchvn.
2236 4419 2435 4467 Lemma
2482 4437 2494 4464 2
2543 4419 2608 4471 εἰς
2652 4415 2945 4476 Ἀδείμαντον
3001 4416 3081 4463 τὸν
3126 4415 3371 4466 ὑπατικόν.

1823 4511 1844 4533 «
1869 4489 2011 4548 Quod
2044 4488 2295 4551 epitheton
2328 4488 2404 4536 est
2430 4486 2698 4536 absurdum
2732 4484 2794 4533 de
2820 4483 3017 4533 homine
3041 4496 3185 4546 quem
3207 4483 3373 4534 lauda-

1821 4562 1945 4611 verit
1970 4558 2256 4610 Simonides.
2277 4562 2334 4608 In
2352 4557 2626 4622 apographo
2646 4560 2753 4608 Par.
2771 4555 2967 4619 quidem
2984 4557 3060 4604 est
3080 4567 3372 4616 anonymum

200 4627 294 4684 343,
321 4627 568 4675 fleckerus
594 4629 646 4686 1,
671 4638 720 4689 p.
749 4633 837 4684 65,
873 4627 1054 4691 colligit
1075 4625 1125 4674 in
1162 4625 1382 4689 ejusdem
1418 4626 1542 4688 cippi
1578 4627 1735 4676 lateri-
1821 4631 1908 4695 [et.
1940 4630 1989 4678 in
2021 4629 2199 4679 codiee
2228 4627 2540 4691 ambiguum,
2580 4628 2643 4678 ad
2667 4629 2822 4677 hocne
2862 4639 2923 4676 an
2958 4625 3021 4674 ad
3050 4639 3261 4689 sequens
3292 4641 3368 4690 ep.

201 4693 278 4743 bus
301 4697 458 4758 posita
487 4697 640 4746 fuisse
658 4734 672 4757 ‚
702 4696 796 4746 alia
823 4698 1042 4760 exempla
1064 4697 1359 4746 diversitatis
1379 4701 1643 4746 metrorum
1669 4699 1737 4747 af·
1822 4699 2131 4750 referendum
2152 4698 2215 4748 sit
2234 4701 2339 4761 Σιμ.
2369 4703 2453 4747 τοῦ
2472 4702 2533 4748 Κ.
2549 4698 2585 4760 ],
2609 4697 2697 4748 sed
2725 4695 2983 4746 Simonidis
3000 4709 3173 4746 nomen
3193 4697 3373 4748 diserte

203 4764 372 4824 ferens,
413 4769 466 4816 ut
501 4780 648 4830 supra
682 4780 756 4829 ep.
798 4771 888 4817 334
925 4770 976 4818 et
1010 4771 1123 4826 335,
1168 4771 1219 4818 et
1267 4773 1529 4830 utrumque
1567 4769 1736 4819 tribuit
1821 4771 2017 4822 exhibet
2049 4770 2140 4820 Dio
2167 4769 2420 4832 chrysost.
2448 4771 2533 4818 Or.
2562 4770 2794 4819 xxxvu.
2833 4780 2881 4830 p.
2910 4772 3011 4816 109.
3056 4787 3079 4809 υ
3118 4769 3181 4816 Β.
3218 4768 3376 4817 Habet

205 4833 474 4885 Dioscoridi.
510 4840 574 4885 At
593 4836 754 4899 ipsum
777 4841 1120 4901 argumentum
1145 4838 1380 4888 suadebat
1407 4842 1463 4887 ut
1486 4841 1736 4903 jungeren-
1821 4841 1967 4891 etiam
2008 4839 2299 4891 Plutarchus
2332 4842 2403 4888 De
2438 4839 2629 4902 malign.
2672 4841 2785 4887 Her.
2825 4850 2871 4900 p.
2910 4842 3019 4896 870,
3058 4839 3119 4898 D,
3161 4837 3249 4888 sed
3274 4837 3376 4888 sine

203 4907 289 4959 tur.
323 4909 372 4955 et
397 4906 561 4956 obstat
588 4905 827 4957 disertum
858 4907 1077 4960 Athenaei
1102 4909 1436 4959 testimonium
1461 4930 1471 4956 ε
1494 4913 1557 4966 εἰς
1576 4915 1736 4960 Φιλαι-
1826 4912 2017 4961 nomine
2045 4913 2218 4974 poetae.
2252 4937 2312 4947 -—
2352 4915 2367 4958 1
2410 4911 2565 4959 κείνου
2595 4923 2692 4959 om.
2732 4909 2881 4967 Plut.‚
2921 4907 3004 4970 qui
3036 4907 3088 4954 ὃν
3114 4909 3193 4956 διὰ
3221 4913 3370 4958 πᾶσα.

207 4977 290 5026 viia
315 4978 584 5040 ἀναφέρεται
611 4978 870 5028 ἀκόλαστον
905 4981 1212 5042 σύγγραμμα,
1249 4982 1362 5044 ὅπερ
1392 4984 1502 5042 φησί
1539 4989 1730 5040 ποιῆσαι
1776 4968 1782 5021 ¹
1823 4983 2042 5032 Alterum
2083 4981 2227 5030 etiam
2268 4981 2373 5030 Dio.
2408 5008 2464 5016 -—
2500 4987 2526 5029 2
2565 4979 2815 5042 ἐλευθερίας
2850 4979 2977 5027 Plut.
3035 4980 3085 5026 et
3125 4979 3231 5027 Dio.
3271 4976 3362 5026 Adi
