3829 5747
400 162 519 224 368

827 302 966 353 491.
1012 292 1505 351 ΜΝΑΣΑΛΚΟΥ.

384 432 523 491 'Alai
547 430 824 511 παρθενίας
845 431 1175 511 ὀλοόφρονος,
1205 422 1266 498 ἔς
1293 430 1398 489 ἄπο
1426 428 1644 511 φαιδρὰν

472 520 697 584 ἔκλασας
726 518 965 592 ἁλικίαν,
993 519 1276 601 ἱμερόεσσα
1312 521 1497 580 Κλεοῗ·

391 609 551 669 καδδέ
569 606 617 667 σ’
632 605 960 685 ἀμυξοίμεναι
985 607 1322 687 περιδάκρυες
1347 607 1449 666 αἵδ’
1478 608 1563 667 ἐπὶ
1582 606 1768 688 τύμὸῳ

468 700 590 765 λᾶες
617 695 882 775 Σειρήνων
910 696 1131 771 ἔσταμες
1156 696 1429 773 εἰδᾶλιμοι.

628 847 763 899 492.
808 838 1117 899 ΑΝΥΤΗΣ
1158 840 1706 900 ΜΙΤΥΛΗΝΑῙΑΣ.

390 984 671 1071 ’ῼχόμεθ’,
700 978 746 1045 ὦ
772 986 1016 1060 Μίλητε,
1050 986 1175 1067 φίλη
1208 987 1403 1066 ιιατρὶ,
1433 988 1539 1044 τῶν
1565 986 1863 1064 ἀθεμίστων

463 1071 560 1131 τὰν
592 1071 785 1151 ἄνομον
813 1076 1061 1136 Γαλατᾶν
1086 1074 1274 1153 κύπριν
1306 1075 1642 1150 ἀναινόμεναι
1660 1120 1677 1153 ,

388 1158 698 1237 παρθενικαὶ
723 1160 931 1238 τρισσαὶ
952 1160 1278 1233 πολιήτιδες,
1308 1160 1366 1226 ἃς
1391 1164 1420 1218 ὁ
1450 1158 1630 1239 βιατὰς

470 1246 684 1305 Κελτῶν
717 1248 788 1313 εἷς
806 1247 1004 1318 ταύτην
1036 1256 1221 1327 μοῖραν
1252 1248 1462 1329 ἔτρεψεν
1484 1248 1663 1327 Ἄρης.

389 1333 471 1391 Οὐ
496 1332 598 1413 γὰρ
626 1334 903 1411 ἐμείναμεν
935 1336 1088 1413 ἅμμα
1109 1338 1168 1395 τὸ
1198 1336 1441 1405 sumet<
1467 1339 1575 1397 οὐδ’
1605 1336 1903 1415 Ὑμέναιον,

469 1422 688 1503 νυμφίον
719 1425 838 1482 ἀλλ’
870 1420 1042 1495 Ἀίδην
1074 1426 1321 1502 κηδεμόν’
1352 1425 1625 1506 εὑρόμεθα.

589 1575 663 1625 49
673 1574 726 1626 3.
771 1567 1268 1627 ΑΝΤῙΠΑΤΡΟΥ
1306 1568 1739 1629 ΘΕΣΣΑΛΟΝ.

389 1708 472 1766 Οὗ
500 1706 670 1785 νούσῳ
693 1705 925 1767 Ῥοδόπα
953 1731 1011 1766 τε
1032 1709 1123 1767 καὶ
1151 1708 1186 1766 ἇ
1213 1708 1477 1788 γενέτειρα
1502 1704 1703 1769 Boio-xa

468 1794 575 1851 οὐδ’
603 1792 706 1853 ὑπὸ
742 1795 1033 1871 δυσμενέων
1070 1792 1284 1875 δούρατι
1311 1797 1625 1873 κεκλίμεθα·

390 1882 507 1941 ἀλλ’
540 1882 727 1955 αὐταὶ,
753 1882 958 1965 πάτρας
983 1884 1129 1943 ὁπότ’
1166 1882 1377 1964 ἔφλεγεν
1408 1884 1541 1945 ἄστυ
1574 1885 1822 1966 Κορίνθου

466 1970 649 2051 γοργὸς
676 1965 863 2051 Ἄρης,
892 1970 1043 2031 ἅΐδαν
1072 1972 1294 2051 ἄλκιμον
1318 1973 1582 2052 εἱλόμεθα.

388 2054 622 2120 Ἔκτανε
645 2059 747 2140 γὰρ
771 2058 949 2139 μάτηρ
976 2083 1042 2136 με
1074 2060 1423 2141 διασφακτῆρι
1447 2060 1675 2141 σιδάρῳ,

468 2148 575 2205 οὐδ’
606 2147 737 2207 ἰδίου
766 2146 926 2229 φειδὼ
954 2147 1207 2226 δύσμορος
1237 2146 1361 2227 ἔσχε
1392 2147 1507 2226 βίου
1527 2195 1544 2222 ,

390 2226 491 2315 ἕψε
510 2234 553 2292 δ’
588 2234 868 2315 ἔναυχενίῳ
900 2234 1071 2312 δειρᾶν
1106 2236 1310 2316 βρόχῳ·
1334 2228 1395 2308 ἧς
1424 2237 1527 2317 γὰρ
1562 2236 1784 2314 ἀμείνων

468 2321 776 2391 δουλοσύνας
792 2324 919 2401 ἁμῖν
950 2323 1141 2399 πότμος
1166 2323 1467 2403 ἐλευθέριος.

884 2474 1010 2525 494.
1050 2474 1443 2525 ΑΔΕΣΠΟΤΟΝ.

381 2598 484 2661 -Ἐν
517 2601 692 2682 πόντῳ
734 2560 992 2678 Σιὸδοῖμος
1030 2607 1059 2662 δ
1090 2603 1230 2682 Κρὴς
1262 2602 1443 2677 θάνεν,
1475 2596 1518 2682 ᾧ
1550 2604 1697 2685 φίλα,
1728 2607 1938 2685 Νηρεῢ,

468 2688 653 2747 δίκτυα
683 2690 851 2750 καὶτὸ
872 2690 961 2751 σὸν
984 2682 1049 2763 ἦν
1076 2698 1219 2751 κεῖνο
1242 2690 1456 2764 σύνηθες
1479 2692 1641 2772 ὕδωρ,

388 2776 694 2857 ἳχθυὸολεὺς
726 2782 755 2838 ὁ
788 2777 1031 2859 περισσὸς
1066 2782 1121 2838 ἐν
1162 2778 1427 2859 ἀνδράσιν.
1510 2778 1667 2839 Ἀλλὰ
1704 2780 1944 2838 θάλασσα
2035 2783 2247 2848 piscator
2268 2784 2504 2835 excellens
2525 2785 2578 2834 in
2597 2784 2733 2837 viris.
2761 2786 2856 2837 Sed
2881 2800 3017 2838 mare

466 2864 525 2924 οὔ
542 2889 595 2925 τι
617 2865 866 2946 διακρίνει
884 2865 1133 2948 χείματος
1154 2866 1263 2927 οὐδ’
1286 2867 1463 2935 ἁλιεῖς.

662 3017 799 3069 495.
827 3009 1169 3069 ΑΛΚΑΙΟΥ
1208 3011 1667 3071 ΜΕΣΣΗΝΙΟΥ.

1522 160 1924 222 ANTHOLOG
1932 162 2028 221 ΠΕ
2072 159 2473 223 PALATINAE

2560 304 2670 351 491.
2703 303 3066 354 MNASALOAE.

2037 444 2146 493 Heu
2163 481 2176 505 ‚
2195 442 2292 493 heu
2320 444 2642 508 virginitatem
2670 448 3304 511 qum-mentes--pessumdat
3323 450 3338 497 ἔ
3357 462 3488 513 qua
3509 446 3680 496 hila-

2099 531 2332 595 abrupisti
2350 533 2676 596 juventutem,
2697 532 2914 583 amabilis
2939 535 3082 593 Cle03
3495 534 3682 599 [rem

2037 619 2088 668 et
2110 619 2162 667 te
2191 618 2565 682 laceratis-genis
2590 619 2825 670 deflentes
2843 621 2922 671 hae
2947 635 3093 685 super
3115 625 3308 674 tumulo

2097 703 2282 768 lapides
2307 705 2530 755 Sirenum
2555 708 2745 757 stamus
2775 708 2974 759 similes.

2392 849 2504 895 492.
2539 848 2766 896 ANYTAE
2796 850 3219 906 MITYLENAEAE.

2037 987 2275 1037 periimus
2291 1024 2306 1048 ,
2325 1002 2356 1037 o
2387 988 2550 1039 Milete
2564 1026 2577 1049 ‚
2598 1002 2712 1039 cara
2725 990 2882 1051 patria
2895 1029 2908 1052 ,
2933 992 3250 1043 scelestorum

2098 1072 2385 1137 flagitiosam
2405 1075 2688 1126 Galatarum
2717 1087 2950 1125 venerem
2977 1079 3266 1127 recusantes
3279 1116 3295 1138 ‚

2035 1160 2244 1226 virgines
2267 1164 2421 1213 terum
2449 1164 2580 1214 cives
2593 1202 2606 1227 ,
2625 1178 2750 1227 quas
2772 1165 3018 1217 violentus

2106 1250 2358 1299 Celtarum
2383 1250 2448 1300 ad
2471 1250 2600 1302 hanc
2623 1254 2804 1303 sortem
2831 1252 2992 1317 adegit
3013 1257 3158 1305 Mars.

2034 1338 2141 1387 Non
2166 1338 2296 1387 enim
2321 1339 2646 1389 sustinuimus
2663 1341 2912 1404 amplexus
2929 1342 3162 1393 nefandos
3183 1356 3271 1393 nec
3287 1345 3532 1408 nuptias
3549 1382 3568 1406 ‚

2097 1426 2370 1491 sponsalem
2387 1440 2506 1477 vero
2528 1431 2713 1478 Orcum
2739 1432 2953 1480 tutorem
2969 1430 3260 1483 invenimus.

2251 1571 2362 1619 493.
2390 1569 2726 1621 ANTIPATm
2757 1572 3374 1624 THESSALONICENSIS.

2033 1712 2138 1761 Non
2161 1712 2332 1762 morbo
2360 1712 2692 1778 Rhodopaque
2717 1717 2770 1765 et
2794 1715 2995 1779 genitrix
3017 1718 3190 1767 Boisca

2093 1812 2253 1863 neque
2278 1800 2370 1850 sub
2387 1800 2607 1851 hostium
2629 1800 2772 1853 hasta
2803 1804 3157 1859 succubuimus
3172 1844 3185 1867 ,

2033 1884 2120 1935 sed
2145 1886 2264 1949 ipsoe
2279 1924 2294 1947 ‚
2317 1886 2488 1951 patrias
2513 1901 2667 1951 quum
2691 1889 2960 1940 combussit
2983 1904 3146 1941 arcem
3165 1892 3388 1942 Corinthi

2093 1972 2322 2024 horridus
2339 1976 2486 2037 Mars,
2507 1976 2697 2027 obitum
2713 1977 2891 2027 sortem
2909 1978 3159 2043 elegimus.

2032 2061 2286 2111 Interfecit
2309 2063 2437 2113 enim
2465 2066 2623 2115 mater
2648 2079 2730 2116 me
2755 2066 2990 2117 mactanti
3017 2066 3170 2129 ferro,

2097 2162 2257 2213 neque
2281 2150 2490 2215 propriae
2513 2152 2858 2216 parcimoniam
2889 2154 3069 2204 misera
3091 2153 3262 2205 habuit
3287 2157 3422 2206 vitm
3437 2192 3458 2217 ,

2035 2236 2123 2287 sed
2147 2239 2334 2301 aptavit
2357 2240 2584 2299 collar-em
2611 2240 2791 2290 cervici
2815 2242 3045 2305 laqueum
3071 2263 3084 2293 ι
3121 2245 3226 2293 erat
3257 2242 3394 2294 enim
3453 2249 3666 2310 ponor

2095 2326 2332 2376 servitute
2354 2326 2493 2377 nobis
2515 2341 2648 2378 mors
2673 2328 3070 2381 liberas-decens,

2593 2478 2704 2526 494.
2747 2486 3019 2528 menan.

2035 2608 2092 2655 In
2117 2606 2240 2655 mari
2258 2606 2497 2657 Sodamus
2527 2609 2776 2660 Cretensis
2793 2610 2916 2661 obiit
2929 2648 2944 2672 ‚
2969 2612 3052 2662 cui
3068 2624 3196 2673 cara,
3216 2615 3379 2663 Nereu
3391 2650 3410 2675 ‚

2097 2694 2221 2745 retia
2237 2699 2288 2746 et
2306 2698 2394 2745 tua
2415 2700 2521 2747 erat
2542 2697 2623 2747 illa
2647 2702 2881 2749 consueta
2903 2713 3034 2762 aqua
3050 2737 3064 2761 ,
3187 2700 3191 2703 ’

3487 2790 3652 2843 dem.

2099 2870 2232 2923 haud
2248 2871 2516 2955 quidquam
2537 2872 2771 2927 discernit
2793 2878 3102 2939 tempestate,
3122 2890 3184 2927 ne
3205 2790 3508 2940 piscator-gs
3529 2883 3664 2944 qui-

2483 3021 2597 3068 495.
2631 3017 2837 3067 ALCAEI
2868 3019 3104 3067 MESSEN
3109 3019 3173 3068 11.

391 3147 615 3226 Στυγνὸς
652 3149 737 3206 ἐπ’
769 3148 1061 3230 Ἀρκτούρῳ
1091 3149 1303 3216 ναύταις
1339 3149 1520 3216 πλόος·
1556 3154 1615 3210 ἐκ
1655 3148 1710 3208 δὲ
1742 3149 1945 3228 βορείης
2036 3154 2212 3204 Tristis
2229 3155 2321 3205 sub
2343 3159 2551 3206 Arcturo
2577 3158 2742 3208 nautis
2759 3161 2832 3208 est
2851 3146 3120 3243 navigatim
3147 3161 3196 3209 et
3219 3173 3284 3209 ex
3299 3159 3518 3213 boreali

466 3236 719 3302 λαίλαπος
737 3236 1013 3304 Ἀσποίσιος
1042 3237 1225 3315 πικρὸν
1254 3236 1432 3305 ἔτευξα
1457 3237 1614 3316 μόρον
1631 3281 1646 3306 ,
1710 3303 1719 3312 ·

2097 3245 2306 3308 procella
2337 3247 2570 3310 Aspasius
2589 3261 2805 3298 amaram
2831 3251 3142 3300 nactus-sum
3167 3253 3376 3301 mortem
3395 3247 3428 3313 ,'

389 3317 450 3383 οὗ
476 3322 697 3403 στείχεις
724 3323 870 3404 παρὰ
905 3324 1136 3401 τύμὸον,
1168 3325 1405 3405 ὁδοιπόρε
1423 3349 1436 3364 ·
1466 3329 1621 3402 σῶμα
1657 3325 1711 3385 δὲ
1762 3325 1945 3392 πόντος
2037 3335 2179 3396 cuius
2203 3337 2424 3398 praeteris
2448 3335 2722 3400 tumulum,
2743 3339 2902 3389 viator
2922 3361 2936 3388 ι
2955 3353 3135 3405 corpus
3153 3355 3269 3392 vero
3285 3345 3494 3406 pontus

939 3528 1030 3584 ⁴9¹
1043 3557 1055 3570 .
1098 3537 1375 3570 mansuem.

386 3657 521 3708 Eheu
540 3656 783 3722 virginitas
799 3656 1096 3707 miserabile!
1130 3672 1240 3707 nam
1263 3657 1351 3706 tibi
1377 3657 1530 3706 duleis

452 3743 565 3790 Raec
590 3739 724 3806 rupit
752 3739 859 3789 vitoe
878 3737 1070 3788 flamina
1084 3775 1100 3799 ,
1119 3739 1321 3805 pulchra
1341 3739 1475 3792 Cleo.

385 3832 452 3875 At
474 3824 711 3874 tumulum
738 3833 903 3873 masto
926 3824 1244 3890 lacrymarum
1263 3823 1471 3873 radimus
1493 3821 1649 3872 imbre

450 3908 669 3957 Sirenum
697 3906 749 3954 in
771 3905 977 3971 speeiem
998 3921 1237 3956 marmora
1265 3905 1373 3956 ficta
1398 3921 1565 3955 manu.

993 4049 1110 4106 49²·
1137 4057 1331 4092 anua.

386 4180 463 4229 Ab
488 4180 738 4241 morimur,
761 4180 1011 4245 morimur,
1028 4181 1199 4231 Milete
1216 4218 1231 4243 ‚
1262 4197 1353 4230 nec
1380 4168 1527 4249 impia
1560 4183 1737 4247 probra

448 4263 699 4313 Gallorum
720 4264 967 4327 volumus,
989 4263 1146 4329 patria
1170 4279 1281 4313 cara
1297 4298 1312 4325 ,
1342 4265 1461 4330 pati.

385 4344 543 4411 Injicit
565 4344 693 4396 hunc
718 4346 856 4396 nobis
883 4347 1104 4396 ardorem
1130 4346 1407 4396 barbaricus
1432 4350 1564 4396 Mars
1581 4383 1595 4407 ,

451 4429 728 4495 Virginibus
756 4430 929 4490 ternis.
948 4431 1163 4493 civibus,
1190 4432 1340 4492 alma,
1360 4431 1471 4482 tuis.

385 4514 493 4562 Non
515 4521 840 4579 exspectamus
859 4511 1152 4576 thalamum,
1174 4515 1454 4580 prolemque
1479 4513 1729 4562 nefandam
1742 4552 1756 4576 ,

452 4601 675 4645 Assertor
699 4597 815 4646 casti
848 4597 1066 4662 corporis
1088 4600 1243 4647 Oreus
1261 4599 1373 4648 erit.

694 4734 808 4795 493.
841 4749 1109 4781 anui-amr
1154 4750 1622 4784 masticonensis.

388 4869 499 4918 Non
526 4867 605 4915 lue
632 4867 853 4932 pestifera
877 4867 1043 4933 vitam,
1069 4886 1169 4919 non
1192 4869 1341 4920 hostis
1364 4869 1426 4919 ab
1450 4886 1585 4928 ense,

456 4948 749 4998 Perdidimus
766 4947 1001 5016 Rhodope
1024 4961 1135 5002 »iata
1158 4988 1173 5014 ,
1201 4951 1365 5001 Boisca
1390 4967 1579 5016 parens.

2037 3525 2154 3587 Ipsoe
2183 3539 2290 3571 cum
2325 3525 2528 3588 patriam
2550 3529 2682 3574 Mars
2709 3535 2872 3575 ureret
2897 3526 3006 3590 igne
3027 3527 3312 3578 Corinthum
3327 3567 3343 3591 ,

2100 3605 2358 3654 Maluimus
2383 3606 2496 3656 forti
2515 3616 2670 3656 morte
2693 3608 2851 3674 perire
2871 3609 2993 3661 duae.

2034 3689 2158 3738 Nam
2185 3687 2304 3736 mibi
2330 3689 2556 3754 transegit
2574 3699 2727 3740 mater
2745 3691 3004 3757 precordia
3032 3691 3188 3748 ferro,

2099 3771 2210 3819 Non
2229 3770 2373 3835 magis
2394 3771 2496 3837 ipsa
2513 3771 2684 3822 animae
2703 3763 2898 3838 parcere
2923 3784 3054 3825 certa
3081 3791 3193 3826 suae.

2035 3855 2155 3915 Ergo
2183 3853 2296 3918 ligat
2321 3854 2447 3903 nodo
2465 3855 2646 3904 collum
2668 3855 2760 3904 sibi
2795 3872 2808 3906 :
2831 3857 2985 3907 libera
3006 3873 3212 3924 namque

2101 3937 2235 3985 Mors
2265 3935 2406 3985 nobis
2435 3937 2532 3987 vita
2567 3953 2664 4003 prae
2685 3937 2947 3988 famulante
2971 3941 3144 4005 placet.

2625 4100 2740 4155 494.
2779 4107 2992 4142 ructari.

2036 4245 2151 4294 Cres
2177 4243 2353 4310 periit,
2383 4247 2570 4309 Nereu,
2597 4243 2809 4295 Sodamis
2837 4246 2888 4295 in
2912 4261 3137 4312 aequore:
3167 4245 3280 4295 daut
3309 4247 3407 4300 hoe

2099 4327 2240 4376 Retia
2260 4365 2275 4390 ‚
2296 4327 2508 4393 dantque
2533 4337 2655 4389 tum,
2679 4343 2796 4392 quas
2823 4327 2946 4378 bene
2969 4339 3134 4394 norat,
3153 4345 3308 4395 aquae.

2035 4409 2220 4460 Primus
2238 4409 2287 4459 in
2306 4418 2410 4460 arte
2427 4409 2518 4461 fuit
2550 4428 2563 4462 :
2585 4413 2667 4462 sed
2683 4413 2812 4461 enim
2835 4411 3110 4463 discrimina
3125 4429 3264 4464 nosse

2100 4495 2160 4542 Et
2193 4493 2482 4558 piscatorum
2501 4511 2622 4544 saeva
2636 4503 2824 4544 recusat
2845 4493 3032 4560 hyems.

2499 4648 2614 4710 495.
2659 4661 2817 4694 amm
2860 4661 3105 4695 armatur.

2033 4790 2190 4840 Triste
2208 4789 2298 4840 sub
2323 4796 2532 4842 Arcturo
2555 4793 2711 4844 nautis
2731 4795 2826 4845 iter
2846 4813 2859 4847 ε
2885 4795 2970 4846 ille
2999 4796 3207 4862 procella

2100 4873 2337 4922 'Iurbidm
2354 4875 2553 4940 Aspasio
2571 4873 2666 4926 fata
2684 4893 2905 4944 suprema
2925 4879 3056 4929 dedit
3077 4895 3091 4930 ε

2038 4956 2181 5018 Cujus
2203 4955 2283 5004 hie
2307 4966 2377 5004 est
2401 4958 2614 5007 tumulus
2631 4995 2646 5019 ‚
2673 4975 2816 5023 quem
2837 4961 3076 5026 conspicis
3105 4961 3315 5028 hospes3
3347 4973 3395 5012 at
3415 4964 3603 5030 ipsum
