3829 5747
1326 168 1401 228 lN
1448 168 1695 230 CAPUT
1736 168 1837 229 Vll
1880 169 2336 232 ANNOTATIO.

240 287 419 348 (εἷτουν
446 287 631 348 Boiss.)
668 287 955 352 Δυῤῥαχίτην
985 288 1081 338 ἀπὸ
1110 289 1291 346 πόλεως
1312 291 1547 354 Δυχνίὸου
1586 292 1787 354 (Δυχνι-
1829 291 1837 316 ¹

235 359 318 405 δοῦ
339 357 515 418 Boiss.)
530 395 543 416 ‚
573 360 653 407 τὸν
677 359 756 406 καὶ
778 359 953 406 ὕπατον
978 357 1218 422 γενόμενον
1237 361 1396 422 ἀρετῆς
1412 363 1565 411 ἕνεκα.
1596 381 1621 404 «ι
1646 365 1791 412 Joan-

236 441 325 476 nes
350 431 456 477 erat
477 428 734 491 proel'ectus
758 428 934 490 lllyrici
958 429 1050 478 sub
1075 431 1343 480 Anastasio.
1366 433 1663 483 Consulatus
1686 433 1792 494 ejus

236 495 299 544 ad
328 509 511 546 anuum
560 503 651 548 500
692 495 905 546 refertur
930 510 959 546 a
998 499 1247 562 Ducangio
1287 500 1335 549 in
1376 502 1544 551 Famil.
1590 505 1789 565 Byzant.

236 581 285 629 p.
316 571 395 616 8ο.
443 569 676 618 Brunck.
708 565 804 616 Sed
844 567 1064 618 Reiskius
1107 570 1237 619 hunc
1272 572 1508 621 Joannem
1546 573 1786 623 anastasii

237 636 402 685 Dicori
447 651 679 700 generum
729 637 879 687 fuisse
914 637 1056 688 docte
1099 639 1317 703 disputat
1352 655 1403 704 p.
1448 646 1549 692 161.
1578 669 1639 680 -
1667 651 1693 694 2
1734 645 1789 702 ἢν

236 707 293 764 δὴ
329 723 381 754 π.
422 708 559 756 Plan.
594 727 619 750 «
648 707 722 757 Ab
750 709 1013 759 Heraclidis
1050 711 1293 761 conditam
1331 726 1437 762 esse
1464 714 1782 777 Epidamnum

235 779 411 824 auctor
454 779 530 826 est
569 775 785 839 Thucyd.
824 780 874 838 1,
920 785 977 830 24
1008 801 1019 828 :
1059 781 1227 840 ταύτην
1266 783 1513 846 ἀπῴκισαν
1549 786 1629 848 μὲν
1668 789 1785 848 Κερ-

236 851 441 908 κυραῖοι,
463 847 672 904 οἰκιστὴς
690 845 731 894 δ’
754 847 933 907 ἐγένετο
961 851 1135 905 Φάλιος
1158 851 1532 913 Ἐρατοκλείδου,
1553 854 1789 916 Κορίνθιος

235 917 381 975 γένος,
406 919 502 962 τῶν
517 915 594 975 ἀφ’
608 917 903 978 Ἡρακλέους.
926 949 987 960 -
1008 923 1037 968 3
1057 921 1277 984 μέρμερον
1296 921 1417 970 eod.
1436 923 1594 984 Ἥρως
1608 961 1622 982 ,
1642 926 1791 972 Joan-

232 998 339 1044 nes,
374 985 621 1034 malorum
648 986 901 1036 bominum
918 1025 932 1048 ,
960 1003 1051 1038 ceu
1074 991 1196 1040 alter
1226 992 1477 1052 Hercule&
1507 993 1790 1044 insectator.

231 1081 294 1091 —
312 1062 342 1104 5
380 1056 588 1104 εὐσεδῶν
618 1055 739 1106 Cod.
776 1087 835 1097 —
860 1061 885 1107 7
907 1060 1149 1122 Λύχναδυν
1180 1061 1335 1122 Plau,
1386 1063 1529 1112 male.
1558 1064 1684 1113 Urbs
1718 1065 1787 1113 11·

231 1125 365 1186 lyrim
384 1124 449 1174 ad
468 1126 631 1174 lacum
654 1126 863 1177 nominis
886 1129 1122 1192 ejusdem.
1144 1133 1433 1193 Sequuntur
1456 1133 1599 1183 lusus
1634 1133 1793 1198 frigidi

228 1199 279 1245 et
296 1194 467 1258 inepti.
502 1215 525 1238 ν
558 1199 676 1244 Jac-
708 1223 769 1232 —
797 1201 827 1247 9
854 1198 927 1248 sic
956 1198 1099 1262 cod„
1120 1213 1217 1250 non
1248 1202 1509 1266 ἀμέλαμψε.

290 1329 597 1381 Dcxcvm.
618 1333 820 1382 Lemma
840 1345 852 1373 ἕ
872 1333 933 1384 εἷς
948 1333 1028 1381 τὸν
1045 1333 1182 1382 αὐτὸν
1198 1333 1433 1393 Ἰωάννην,
1449 1335 1529 1382 καὶ
1545 1334 1614 1382 ὅτι
1628 1335 1794 1385 τεσσά-

231 1413 437 1459 ρακοντα
460 1402 540 1448 καὶ
564 1401 645 1452 δύο
671 1403 809 1462 μόνον
830 1403 1061 1458 ἐνιαυτοὺς
1080 1403 1270 1451 ἐπεθίω.
1296 1405 1354 1458 Ei
1369 1403 1531 1465 paullo
1548 1403 1751 1454 inferius
1778 1419 1789 1447 ²

230 1475 311 1518 τοῦ
330 1472 478 1520 αὐτοῦ
497 1473 822 1537 Χριστοδώρου
840 1478 922 1522 τοῦ
942 1473 1143 1534 μεγάλου
1161 1479 1358 1531 ποιητοῦ
1378 1478 1458 1522 καὶ
1476 1478 1791 1540 περιωνύμου·

229 1539 363 1594 οὗτος
388 1543 647 1602 Αἰγύπτιος
666 1543 724 1602 ἢν
752 1543 846 1593 ἀπὸ
885 1539 1004 1598 τίνος
1031 1543 1209 1600 πόλεως
1243 1545 1578 1604 ὀνομαζομένης
1610 1549 1794 1595 Κοπτοῦ

232 1609 361 1670 (sic).
382 1612 527 1661 cous.
552 1613 666 1662 adc.
688 1616 734 1664 11
760 1613 862 1662 init.
880 1612 1007 1662 Urbs
1022 1612 1315 1678 Epidamnus
1328 1615 1561 1677 loquitur-⁴.
1575 1643 1638 1652 —
1664 1623 1681 1665 1
1700 1621 1793 1665 κεῖ-

230 1697 314 1738 μαι
342 1682 493 1742 cod..
506 1684 717 1735 correxit
730 1684 976 1742 Reiskiusz
997 1685 1131 1750 quod
1149 1685 1211 1735 de
1230 1689 1411 1736 statua
1425 1687 1625 1736 Joannis
1648 1685 1790 1736 intel-

228 1751 483 1814 ligendum
504 1767 611 1804 esse
632 1755 858 1818 exposuit
880 1755 1096 1814 Jacobs..
1121 1755 1252 1805 unde
1269 1757 1420 1814 αὐτὸς.
1436 1785 1498 1792 -
1522 1762 1551 1807 3
1572 1759 1793 1818 μουσάων

230 1825 279 1869 et
310 1823 363 1875 ὃς
399 1825 540 1872 πλέον
568 1825 689 1874 Cod.
725 1845 749 1867 «ι
773 1825 1129 1874 Liberalitatem
1163 1825 1363 1875 Joannis
1384 1840 1498 1890 erga
1520 1830 1691 1890 poetas
1718 1826 1795 1876 his

233 1893 400 1943 verbis
431 1893 617 1944 laudari
647 1896 894 1955 existimo,
936 1895 1021 1958 qui
1049 1895 1374 1960 Epidamnum
1415 1897 1615 1958 adducti
1642 1897 1794 1960 ipsam

232 1963 409 2012 urbem
448 1965 705 2027 pra-sentia
749 1969 799 2015 et
845 1965 1145 2016 carminibus
1198 1966 1303 2016 suis
1360 1967 1688 2017 illustrarunt.
1734 1993 1773 2002 —

228 2039 257 2080 c
288 2036 479 2096 μέτριον
510 2035 651 2093 Cod.,
681 2034 767 2085 sed
806 2053 819 2083 ι
844 2049 1000 2085 eraso.
1029 2037 1297 2086 Salmasius
1326 2039 1378 2086 et
1408 2037 1617 2086 Brunck.
1649 2039 1796 2099 ὁριζο-

228 2107 405 2167 μένην,
438 2106 526 2156 sed
554 2107 763 2156 alterum
788 2107 971 2156 servari
989 2119 1133 2170 posse
1150 2108 1395 2158 existimo.
1424 2107 1647 2172 vulgaris
1674 2107 1797 2158 ratio

230 2174 437 2225 tulisset
462 2197 473 2225 ε
502 2179 532 2234 ἡ
560 2178 703 2225 αὐτοῦ
734 2176 927 2234 παλάμη
956 2177 1076 2236 μόνη
1104 2179 1190 2227 οὐκ
1216 2179 1307 2228 εἶδε
1327 2181 1490 2240 μέτρον
1516 2179 1795 2243 ὁριζόμενον,

230 2244 459 2306 epitheto
494 2245 557 2296 ad
586 2246 817 2297 orationis
848 2246 1037 2309 copiam
1064 2246 1337 2312 augendam
1378 2249 1563 2299 addito.
1598 2248 1798 2298 Doctior

228 2316 305 2362 est
324 2315 491 2364 oratio
519 2316 591 2364 sic
609 2327 843 2365 conversa
864 2335 877 2362 ι
898 2317 1155 2378 ὁριζόμενον
1176 2320 1337 2378 μέτρον
1372 2318 1458 2366 οὐκ
1482 2319 1580 2367 εἶδε
1605 2319 1688 2376 τὴν
1712 2319 1797 2367 αὖ·

228 2390 311 2433 τοῦ
344 2385 587 2448 παλάμην.
627 2389 720 2435 Pro
756 2387 947 2444 δωτίνης
982 2389 1146 2435 autem
1174 2387 1425 2450 (Codicis)
1452 2387 1585 2437 haud
1609 2388 1713 2437 scio
1737 2401 1798 2437 an

227 2455 431 2516 δωτίνης
448 2455 705 2520 legendum
730 2456 810 2506 sit.
833 2455 1013 2518 [Quod
1050 2457 1230 2520 recepit
1260 2457 1451 2522 Bois-s]
1472 2461 1655 2508 Sensus
1680 2460 1756 2508 est
1782 2473 1795 2500 ι

226 2539 389 2587 quum
416 2527 467 2575 in
504 2526 611 2576 aliis
652 2525 801 2576 rebus
828 2526 1055 2576 omnibus
1080 2526 1283 2577 modum
1312 2529 1403 2577 sibi
1444 2527 1699 2579 statuisset
1726 2528 1800 2577 vit

229 2596 437 2661 insignis
456 2597 808 2660 temperantias,
830 2597 879 2646 in
900 2611 997 2647 una
1018 2597 1337 2649 beneficentia
1364 2600 1563 2649 modum
1597 2602 1647 2649 et
1678 2599 1801 2649 fines

230 2681 325 2716 non
356 2671 580 2718 neverat.
605 2689 629 2712 υ
648 2672 767 2719 Jac.
786 2695 846 2704 —-
864 2673 893 2718 7
915 2668 1087 2718 lacuna
1106 2669 1154 2717 in
1183 2669 1378 2729 Codice,
1409 2683 1556 2732 quam
1582 2669 1802 2733 implevit

230 2739 492 2798 Reiskius3
515 2739 647 2789 idem
674 2738 886 2788 correxit
910 2739 1099 2798 ὑπήνην
1134 2739 1369 2802 scriptum
1392 2739 1439 2788 in
1465 2739 1585 2790 Cod.
1612 2739 1801 2804 signiti-

232 2812 377 2857 catur
426 2809 697 2858 consularis
729 2807 953 2872 dignitas,
997 2835 1059 2846 --
1097 2815 1149 2858 12
1188 2811 1444 2871 γινομένων
1474 2809 1620 2868 Cod.‚
1665 2823 1796 2860 corr.

230 2880 445 2929 Salmas.
480 2900 503 2921 a
532 2881 773 2943 Πατὲρων,
802 2882 939 2943 patre
954 2883 1006 2930 et
1022 2883 1195 2941 matre,
1217 2880 1512 2944 parentibus.
1542 2878 1667 2930 Vide
1687 2894 1798 2931 mea

236 2950 297 2998 ad
327 2952 511 3013 Georg.
540 2949 770 3013 Pacbym.
800 2964 848 3014 p.
876 2955 924 3011 3,
946 2953 1048 2999 not.
1082 2954 1129 3000 4.
1160 2970 1184 2994 ν
1207 2952 1266 3000 Β.

300 3084 561 3132 ccxcix.
595 3080 794 3132 Lemma
812 3096 825 3123 2
852 3084 915 3137 εἰς
934 3084 1036 3131 τινα
1062 3084 1109 3131 ἐν
1126 3088 1193 3144 τῷ
1223 3083 1413 3145 Ἰκαρίῳ
1436 3084 1625 3144 πελάγει
1647 3086 1804 3133 κινδυ-

234 3152 505 3213 νεύσαντα,
532 3158 589 3204 οὐ
636 3158 725 3214 μὴν
750 3154 827 3201 καὶ
851 3155 1207 3215 τελευτήσαντι,
1240 3155 1356 3211 πλὴν
1388 3154 1458 3202 ὅτι
1490 3157 1574 3211 τήν
1608 3155 1807 3218 Ίκαρίην

240 3221 494 3269 (θάλασσαν
540 3227 743 3284 ἰσχυρῶς
787 3223 1106 3283 ἐπιμέμφεται.
1149 3249 1207 3258 -
1239 3228 1254 3271 t
1302 3226 1533 3283 νεόφοιτον
1573 3236 1603 3272 a
1630 3236 1703 3287 pr.
1736 3238 1803 3273 m.

238 3290 397 3339 fuisse
433 3290 631 3340 videtur
667 3292 717 3339 in
748 3291 891 3351 cod„
922 3290 1098 3341 deinde
1130 3308 1174 3340 οι
1220 3306 1419 3341 erasum
1448 3296 1498 3342 et
1534 3294 1557 3318 *
1590 3296 1807 3354 νεόφυτον

235 3360 504 3423 seriptum,
541 3374 653 3410 cum
683 3362 805 3419 ζήτει
832 3361 881 3409 in
909 3374 1063 3424 marg.
1095 3378 1119 3401 a
1160 3360 1239 3410 Sic
1270 3362 1539 3424 appellatur
1571 3376 1671 3422 aer,
1696 3366 1807 3413 tum

238 3430 463 3490 primum
501 3430 627 3479 Icari
672 3433 887 3481 tentatus
912 3431 1018 3480 alis.
1060 3457 1123 3466 —
1148 3438 1175 3480 2
1208 3433 1533 3494 πτεοοδρομίης
1574 3434 1805 3495 Brunck.;

234 3500 541 3562 νεοοὸρομίης
582 3501 819 3559 Basilius,
864 3500 1065 3550 frustra.
1112 3528 1173 3537 -·
1209 3506 1257 3551 3.
1299 3504 1471 3561 Κεῖνοε,
1510 3504 1777 3567 naufragus
1796 3542 1809 3562 ,

237 3570 387 3632 cujus
424 3582 600 3618 nomen
625 3570 673 3618 in
692 3570 836 3633 titulo
871 3571 1105 3634 scriptum
1124 3570 1277 3621 fuisse
1316 3574 1447 3633 puta.
1482 3572 1677 3621 Utinam
1710 3587 1808 3623 nec

237 3640 413 3689 Triton
431 3639 523 3688 tibi
541 3640 702 3689 locum
732 3642 781 3689 in
810 3640 957 3690 maris
984 3640 1242 3703 superficie
1272 3642 1541 3699 tribuisset,
1570 3642 1603 3691 i.
1634 3657 1678 3693 e.
1710 3643 1809 3693 uti—

240 3723 357 3758 nam
396 3710 595 3758 omnino
640 3723 736 3760 non
773 3724 922 3760 esses.
960 3731 985 3754 ι»
1027 3714 1143 3760 lac.
1196 3714 1298 3760 Hoc
1330 3715 1490 3773 recte,
1538 3714 1625 3762 secl
1660 3719 1809 3763 κεῖνον

240 3782 478 3843 equidem
535 3781 797 3844 intelligam
850 3786 1059 3832 icarum.
1110 3784 1197 3831 Est
1233 3781 1430 3831 devotio
1486 3783 1674 3842 lcarizn,
1717 3797 1812 3831 non

242 3850 556 3900 monumenti
596 3850 861 3913 inscriptio.
899 3877 962 3887 —
990 3857 1017 3901 5
1040 3850 1217 3915 βόρειος
1252 3851 1393 3908 Cod..
1424 3865 1547 3901 corr.
1575 3852 1812 3903 Reiskius.

242 3947 305 3957 --
330 3928 361 3970 6
390 3920 512 3981 ᾰγὴν
531 3932 650 3983 apr.
671 3934 739 3968 m.
767 3921 1003 3983 scriptum
1029 3920 1078 3970 in
1096 3920 1237 3981 cod„
1266 3921 1439 3971 deinde
1468 3923 1594 3971 male
1612 3923 1659 3971 in
1684 3924 1810 3983 άγειν

246 3992 522 4040 mutatum.
552 4017 613 4025 -
630 3995 678 4041 8.
704 3994 777 4041 De
795 3990 933 4041 hiatu
954 3991 1077 4041 conf.
1099 3992 1293 4041 Jacobs.
1314 3990 1377 4040 ad
1393 4006 1469 4055 ep.
1499 3998 1607 4054 079,
1638 4000 1685 4044 8.

315 4120 469 4169 DCC.
501 4120 729 4169 Lemma:
748 4121 812 4177 εἰς
825 4120 1065 4181 Ῥουρίνου
1079 4122 1200 4176 τινὸς
1214 4128 1411 4181 γυναῖκα
1435 4124 1624 4171 Παῦλον
1643 4125 1814 4185 Ταραν-

244 4191 396 4247 τίνην.
421 4192 548 4245 Quae
565 4188 832 4238 marituma
843 4188 994 4239 caedis
1010 4189 1211 4241 crimine
1223 4190 1500 4241 testimonio
1511 4205 1601 4239 suo
1618 4192 1815 4243 liberat.

251 4286 317 4295 —
349 4266 367 4307 1
398 4260 598 4321 ἔκρυψεν
618 4258 761 4319 cod,
785 4272 907 4308 corr.
932 4261 1133 4311 Salmas.
1162 4288 1219 4298 -—
1245 4268 1272 4310 2
1293 4262 1332 4309 τ’
1362 4262 1409 4310 in
1428 4261 1547 4311 cod.
1570 4264 1810 4315 omissum

242 4327 446 4378 addidit
466 4329 627 4377 Reisk.
652 4329 728 4378 vel
754 4330 901 4379 Salm.
933 4358 996 4366 —
1019 4336 1049 4381 3
1066 4334 1317 4381 κατέκτανε
1342 4331 1463 4381 cod.
1479 4358 1540 4367 —
1556 4335 1582 4381 4
1612 4334 1822 4395 ῥουφῖνος

246 4400 385 4457 (sic)
412 4398 557 4459 cod,
578 4398 712 4461 quod
735 4400 916 4463 optime
941 4402 1154 4451 correxit
1174 4402 1445 4462 Heckerus,
1473 4404 1532 4450 ut
1553 4403 1822 4465 corripiun-

244 4473 335 4518 tur
366 4469 503 4532 apud
538 4470 745 4519 seriores
768 4474 1043 4532 Λουκιανός,
1078 4470 1403 4530 ’Ῑουστινιανός
1432 4474 1483 4521 et
1509 4472 1681 4522 similia
1707 4474 1822 4524 alia.

246 4540 515 4598 Ῥουφίνιος
543 4536 720 4587 edebat
764 4538 959 4589 Jacobs.
1000 4554 1111 4590 curn
1156 4538 1346 4589 Reiskio
1376 4545 1426 4591 et
1450 4542 1709 4603 Bernardo,
1740 4542 1825 4592 sed

248 4607 531 4657 rectissime
555 4607 758 4671 explicat
788 4626 799 4658 ε
826 4611 927 4659 Cur
950 4610 1131 4660 frustra
1155 4614 1226 4660 est
1247 4625 1453 4671 nomen,
1470 4611 1520 4660 id
1546 4616 1625 4661 est
1646 4613 1828 4662 frustra

246 4678 461 4727 infamia
482 4677 702 4728 laborat?
735 4678 795 4729 de
821 4693 922 4742 quo
940 4694 1087 4731 sensu
1108 4681 1221 4731 vide
1238 4696 1351 4750 quaa
1378 4681 1499 4732 dixit
1520 4683 1585 4733 ad
1610 4696 1688 4745 ep.
1714 4689 1825 4741 639,

248 4754 297 4798 3.
325 4748 553 4797 flecken-o
566 4752 727 4799 tamen
752 4768 774 4791 α
797 4748 905 4799 haec
924 4751 1163 4801 sententia
1179 4750 1257 4802 bis
1275 4751 1459 4806 verbis.
1487 4766 1599 4815 quae
1624 4766 1685 4801 ne
1698 4754 1829 4801 recte

248 4819 465 4881 quidem
494 4832 653 4883 graeca
685 4818 930 4881 videntur,
958 4822 1117 4872 inesse
1138 4837 1235 4872 non
1258 4837 1401 4887 posse
1417 4822 1627 4873 videtur.
1659 4843 1682 4866 ν
1713 4822 1831 4880 Qui·

249 4892 351 4940 bus
376 4892 583 4949 temere,
604 4893 660 4939 ut
680 4890 924 4949 existimo,
950 4890 1095 4943 dictis
1113 4892 1309 4957 subjicit
1336 4910 1347 4941 :
1384 4914 1406 4937 α
1427 4896 1673 4957 integrum
1693 4892 1827 4943 disti.

246 4960 393 5009 chon
419 4960 490 5009 ita
511 4959 817 5011 scribendum
838 4965 957 5025 puto
986 5000 993 5011 .

1841 2555 1855 3323 l

1850 3326 1865 4111 l

1870 4986 1877 5019 ἰ
1920 4961 2042 5011 elidit
2069 4961 2284 5011 Grotius,

3305 178 3426 238 503

2001 295 2100 343 οὔτι
2120 297 2167 352 μ’
2190 295 2323 358 ἀνὴρ.
2343 295 2370 344 ὃ
2388 297 2592 357 λέγουσι,
2616 297 2892 346 κατέκτανεν
2921 297 2964 352 ἐς
2981 297 3130 360 γάμον
3144 298 3281 357 ἄλλης

2063 366 2360 428 παπταίνων,
2390 369 2445 417 τὸ
2483 367 2632 430 μάτ-ην
2658 368 2851 430 οὕνομα,
2878 369 3163 430 Ῥουριανός.

1882 536 2042 586 Verba
2065 539 2119 587 τὸ
2157 538 2304 600 μα’την
2331 540 2510 603 οὔνομα
2545 541 2800 591 reserenda
2833 542 2896 592 ad
2925 544 3130 606 λέγουσι,
3171 544 3227 592 ut
3251 542 3432 593 dicitur

1880 607 2014 667 λόγος
2048 613 2194 657 ταῦτα
2221 609 2388 668 ἄλλως,
2421 613 2472 660 et
2494 611 2641 673 ὄνομα
2671 611 2754 661 hic
2771 615 2848 662 est
2879 612 3030 676 sama
3059 613 3186 663 iuter
3211 613 3431 664 homines

1882 690 2076 739 sparsa,
2106 691 2255 740 quain
2283 679 2452 728 falsam
2470 693 2578 729 esse
2604 678 2748 730 docet
2766 680 3052 733 adverbium
3082 682 3247 744 μάτην,
3275 683 3334 730 ut
3351 696 3427 745 ep.

1880 753 1992 808 639,
2012 754 2041 800 3
2063 766 2077 797 2
2109 749 2256 806 ἄλλως
2283 751 2472 813 τοῦνομ’
2499 751 2680 814 έχουσι.
2708 753 2972 816 compares
2989 755 3200 802 Pausan.
3223 755 3354 810 Vln,
3380 757 3428 812 3,

1880 823 1910 868 3
1941 833 1953 864 ε
1983 819 2134 882 ἔχοιεν
2162 820 2202 868 δ’
2223 820 2279 868 ἂν
2301 823 2381 869 καὶ
2407 822 2558 876 ἄλλως
2587 823 2642 872 τὸ
2687 823 2835 881 ὄνομα
2863 825 2906 871 οἱ
2926 824 3111 884 ἀστέρες
3144 823 3219 872 ἐπὶ
3237 827 3349 884 τιμῇ
3371 827 3430 882 τῇ

1883 891 2192 948 Καλλιστοῦς,
2221 891 2318 940 ἐπεὶ
2336 891 2479 953 τάφον
2501 909 2554 955 γε
2573 894 2715 951 αὐτῆς
2728 893 3061 955 ἀποφαίνουσιν
3086 896 3129 942 οῖ
3153 893 3376 955 Ἀρκάδες.
3405 913 3428 936 ν

1879 960 1969 1009 Illa
2005 973 2122 1009 num
2151 972 2312 1022 qrar'ce
2337 964 2640 1024 composita?
2667 991 2730 999 —
2754 971 2800 1013 c.
2835 983 2858 1006 «ι
2893 965 3148 1026 Ὡκύμορος
3183 963 3430 1027 duplicem

1881 1030 2322 1093 interpretationem
2338 1031 2552 1082 admittit
2576 1041 2589 1074 τ
2621 1035 2671 1082 et
2685 1047 2742 1083 ea
2761 1037 2837 1083 est
2859 1047 2971 1096 qnae
2990 1034 3257 1084 immatura
3276 1035 3432 1084 morte

1882 1101 2040 1163 periit,
2063 1104 2115 1150 et
2138 1115 2252 1163 qnae
2277 1101 2442 1152 subito
2479 1104 2713 1154 exstincta
2752 1106 2844 1154 est.
2876 1107 2948 1154 De
2978 1104 3141 1155 subito
3184 1118 3304 1156 casu
3336 1105 3433 1156 hoc

1882 1172 1988 1220 loco
2016 1172 2108 1234 agi,
2138 1172 2448 1234 probabilius.
2476 1193 2501 1217 υ
2529 1177 2646 1224 Jac.

1944 1349 2110 1396 noel.
2140 1350 2340 1398 Lemma
2387 1368 2399 1396 :
2446 1349 2509 1404 εἰς
2553 1349 2735 1410 Ἀχαιὸν
2765 1349 2844 1397 τὸν
2883 1351 3075 1407 Νικαέα,
3108 1350 3207 1398 υἱὸν
3249 1349 3432 1412 Διομή-

1882 1420 2002 1472 δους.
2033 1443 2094 1454 -
2126 1425 2143 1467 1
2175 1419 2307 1467 τῶιδ’
2327 1419 2398 1468 ἐπ’
2417 1421 2471 1468 et
2497 1419 2624 1476 ἤνεο·’
2658 1417 2867 1474 codem
2897 1418 3022 1481 ᾖντσ·
3041 1420 3199 1481 Plana,
3230 1423 3436 1473 correxit

1881 1494 1988 1541 Jos.
2017 1492 2243 1554 Scaliger.
2265 1521 2325 1532 —
2354 1498 2399 1540 2.
2433 1491 2649 1548 Ἁσκανίη
2688 1491 2822 1552 λίμνη
2859 1489 2911 1539 in
2938 1489 3190 1553 Bithynia,
3223 1492 3302 1542 cui
3320 1506 3432 1555 pro-

1882 1565 2062 1627 pinqua
2087 1563 2277 1619 Nicoea3
2297 1575 2346 1608 v.
2365 1560 2584 1610 Strabou.
2609 1562 2714 1620 XII,
2743 1573 2786 1608 c.
2811 1563 2858 1621 4,
2884 1560 2914 1622 §
2939 1567 2986 1610 5.
3015 1586 3077 1597 ·—
3097 1566 3126 1610 3
3144 1563 3195 1610 δέ
3215 1579 3272 1622 με
3291 1563 3433 1621 eod„

1882 1633 2089 1683 alterum
2118 1633 2249 1682 Plan.
2278 1658 2339 1667 —
2357 1636 2386 1682 4
2413 1634 2559 1694 ὓψιφα
2573 1669 2584 1679 .
2598 1637 2643 1690 ,ἥ
2663 1629 2806 1690 Cod.,
2832 1631 2982 1680 erasis
3005 1634 3062 1682 ut
3077 1631 3270 1682 videtur
3285 1633 3439 1683 literis

1881 1703 2074 1755 duabus
2099 1706 2149 1753 et
2171 1716 2299 1752 novo
2330 1721 2361 1765 φ
2386 1702 2547 1766 posito
2573 1715 2718 1766 super
2745 1719 2792 1750 α.
2831 1701 3034 1751 Salmas.
3079 1705 3284 1766 ὓψιφαέῆ
3317 1717 3436 1753 eno-

1881 1776 2029 1835 tavit3
2059 1777 2233 1838 ὑψιραῆ
2279 1775 2410 1823 Plau.
2435 1793 2460 1816 α
2489 1773 2728 1823 Ἀνατείνω
2764 1773 2844 1822 hic
2868 1773 2998 1822 idem
3035 1775 3169 1838 quod
3209 1777 3442 1827 usitatius

1882 1846 2117 1909 ἀνεγείρει».
2145 1870 2204 1880 -
2221 1852 2251 1894 6
2275 1847 2366 1893 υῑὲῑ
2390 1845 2430 1906 ᾧ
2444 1843 2566 1893 Cod.
2587 1846 2639 1894 et
2661 1844 2814 1902 Plan„
2836 1847 3006 1895 contra
3021 1848 3234 1895 mentem
3249 1850 3437 1909 poetoe;

1882 1917 2196 1966 correxerunt
2223 1914 2425 1964 Salmas.
2450 1917 2502 1963 et
2527 1912 2734 1963 Casaub.
2756 1913 2878 1963 Mire
2898 1913 2994 1963 hoc
3025 1913 3268 1965 distichon
3286 1915 3438 1966 inter·

1883 1989 2106 2050 pretatus
2122 1988 2199 2036 est
2217 1997 2442 2034 summus
2461 1983 2674 2035 Grotius.
2704 2005 2726 2028 υ
2755 1985 2866 2033 Jac.

1946 2152 2136 2201 Dccu.
2175 2153 2376 2200 Lemma
2423 2170 2436 2198 z
2477 2151 2540 2205 εἰς
2581 2151 2900 2212 Μενέστρατον
2940 2151 3073 2198 ἁλιέα
3121 2148 3442 2211 ἀποπνιγέντα
3546 2175 3553 2183 ·

1884 2223 1976 2271 ὑπὸ
2015 2223 2221 2286 φυκίδος.
2255 2220 2392 2270 Idem
2421 2223 2760 2282 argumentum
2788 2219 3019 2269 tractavit
3055 2219 3294 2270 Leonidas
3328 2222 3437 2269 Tar.

1887 2305 2036 2356 supra
2057 2305 2135 2355 ep.
2170 2295 2278 2343 504.
2310 2320 2367 2332 -
2393 2298 2419 2340 2
2449 2291 2635 2353 ἐξαμίης
2655 2290 2796 2348 Cod.,
2817 2290 2934 2340 item
2955 2290 3064 2339 libri
3086 2289 3311 2353 planudei
3326 2305 3440 2340 cum

1885 2365 2008 2414 vett.
2041 2363 2176 2422 edd„
2206 2365 2253 2418 ἐξ
2269 2361 2408 2420 ἁμίης
2427 2360 2638 2422 aliquot;
2669 2360 2854 2416 ῑππείης
2879 2358 3032 2409 edidit
3056 2358 3348 2422 StephanuS‚
3369 2374 3444 2409 so·

1884 2435 2028 2484 litum
2047 2433 2190 2483 lineae
2211 2430 2491 2494 epitheton3
2521 2430 2729 2492 ἑξαμίτης
2739 2428 3440 2492 Schneiderus,seaesetarum‚

1887 2505 2014 2555 linea
2040 2517 2096 2553 ex
2129 2503 2248 2552 setis
2276 2516 2356 2551 sex
2389 2502 2625 2551 contorta.
2665 2499 2846 2549 Probat
2872 2499 3076 2548 Meinek.
3105 2513 3153 2563 p.
3180 2505 3288 2560 200,
3317 2501 3456 2551 utin·

1886 2577 2050 2637 poeta,
2085 2572 2173 2623 sed
2208 2572 2269 2623 de
2293 2571 2630 2622 terminatione
2673 2569 2901 2620 feminina
2944 2568 3138 2620 dubitat
3173 2573 3440 2633 flecken-us,

1890 2644 1994 2706 ipse
2018 2655 2291 2707 proponens
2309 2641 2557 2704 ἀμνείης
2575 2642 2630 2690 ἐκ
2655 2640 2827 2704 τριχός.
2861 2639 3036 2689 Βοίεε.;
3074 2659 3096 2682 «ι
3120 2641 3298 2703 Recepi
3331 2643 3446 2690 Sca·

1890 2714 2026 2777 ligeri
2045 2714 2376 2776 conjecturam
2402 2713 2447 2768 ἐξ
2467 2713 2595 2768 ἁλίης
2613 2748 2627 2768 ,
2659 2710 2746 2760 sed
2764 2723 2877 2772 quae
2899 2710 2979 2759 vix
3004 2711 3198 2773 placere
3211 2711 3366 2773 possit
3382 2711 3446 2760 ob

1892 2787 2168 2848 sennense-1.
2190 2785 2364 2847 τριχός.
2389 2783 2494 2833 Erit
2519 2783 2566 2838 ἐξ
2579 2784 2733 2841 ἁλίης,
2758 2795 2827 2831 ex·
2849 2784 3009 2830 mari.
3038 2800 3062 2822 ν
3087 2779 3249 2830 Schol.
3271 2781 3444 2831 Wecb.

1892 2869 1978 2919 pro
2005 2855 2089 2907 illo
2112 2855 2400 2916 conjiciebat
2427 2855 2633 2917 εὖτριχος
2647 2892 2660 2913 ,
2684 2871 2706 2894 κ
2729 2853 2872 2913 ἤγουν
2907 2853 3050 2907 καλὰς
3069 2851 3228 2916 τρίχας
3246 2852 3447 2915 ἐχούσης

1893 2928 2103 2983 δόνακος.
2132 2947 2155 2969 ν
2183 2952 2244 2963 —
2271 2934 2299 2976 5
2327 2926 2453 2987 εἰδᾶρ
2481 2924 2626 2979 cod..
2657 2924 2746 2973 sed
2776 2926 2907 2973 recte
2939 2923 3072 2972 Plan.
3105 2942 3131 2965 ιι
3163 2922 3333 2995 νει-Μ·
3355 2924 3450 2984 φο-

1892 3014 1989 3047 νιον
2023 2996 2194 3046 πλάνον
2215 3034 2229 3057 ,
2275 2994 2526 3059 fraudem
2575 2993 2807 3051 letalem,
2841 2992 3154 3057 appositionis
3190 2992 3300 3043 loco
3333 3006 3449 3042 cum

1893 3070 2022 3130 εἶδαρ
2047 3068 2298 3129 ἀγκίστρου
2331 3064 2660 3130 conjungenda
2695 3066 2836 3123 sunt3
2864 3064 2957 3114 nisi
2984 3063 3108 3113 sorte
3125 3062 3266 3112 malis
3292 3064 3450 3125 φονίου

1895 3139 2087 3196 πλάνον,
2119 3139 2176 3187 ut
2200 3136 2372 3185 πλάνον
2411 3134 2704 3197 adjectivum
2729 3134 2809 3183 sit.
2845 3154 2869 3177 ν
2907 3132 3134 3183 mentek.
3180 3134 3236 3182 ln
3267 3132 3451 3183 talibus

1895 3207 2019 3257 locis
2041 3209 2236 3257 constat
2269 3218 2420 3268 quam
2453 3205 2594 3255 facile
2618 3204 2842 3254 labentur
2867 3204 3083 3260 librarii3
3115 3202 3199 3251 hic
3226 3216 3324 3273 una
3349 3202 3453 3252 lite-

1897 3278 2006 3327 rula
2048 3280 2240 3327 mutata
2282 3290 2379 3327 non
2420 3274 2804 3326 contemnendus
2862 3274 2991 3325 nitor
3028 3272 3194 3323 versui
3233 3272 3450 3327 acceditz

1899 3348 2031 3398 coni'.
2061 3348 2266 3396 Theocr.
2299 3348 2420 3405 XXI,
2452 3352 2544 3395 42:
2572 3347 2627 3395 ἐκ
2661 3346 2885 3404 καλάμων
2919 3347 2969 3393 δὲ
2999 3343 3174 3392 πλάνον
3209 3345 3452 3393 κατέσειον

1900 3420 2090 3468 ἐδωδάν.
2113 3418 2270 3468 Etiam
2291 3418 2538 3467 Heckerus
2557 3417 2754 3479 recepit,
2771 3416 3023 3465 conferens
3039 3415 3242 3480 Oppian.
3269 3416 3391 3478 Cyn.
3411 3418 3451 3473 1.

1901 3498 1988 3543 56:
2006 3489 2115 3539 Hal.
2139 3493 2218 3547 43.
2241 3490 2326 3548 lv,
2345 3488 2426 3537 ubi
2448 3488 2692 3547 ἄγκιστρον
2734 3485 2914 3535 dicitur
2931 3486 3158 3541 δαφοινόν.
3188 3489 3280 3533 -Ιι
3305 3486 3455 3543 ὀξεὶην

1902 3562 2094 3623 ἑρυθρήν
2117 3560 2234 3620 (sic,
2261 3572 2377 3607 cum
2405 3557 2580 3617 acuto)
2603 3554 2746 3615 Cod.‚
2777 3558 2934 3615 ἐρυθρή
2957 3556 3090 3604 Plan.
3114 3552 3297 3604 Deinde
3311 3556 3455 3615 ἔφριξε

1902 3633 2056 3691 πάγην
2095 3642 2282 3688 omneS‚
2307 3627 2442 3690 quod
2476 3626 2656 3689 optime
2695 3624 2902 3674 correxit
2933 3624 3223 3674 Meinekius.
3259 3624 3450 3675 Jacobs,

1903 3700 2149 3764 cogitabat
2166 3700 2228 3748 de
2249 3719 2270 3741 κ
2294 3699 2439 3757 linea,
2465 3710 2614 3759 qnam
2637 3694 2784 3743 hamo
2806 3694 3049 3743 inhaerens
3072 3693 3220 3757 piscis
3242 3695 3456 3744 tremulo

1904 3775 2042 3820 motu
2081 3768 2326 3818 concussit
2353 3788 2395 3825 ν,
2441 3768 2529 3815 sed
2567 3765 2728 3828 ipsum
2755 3764 2954 3813 hamum
2992 3762 3088 3812 dici
3124 3764 3275 3819 ὀξεῖαν
3305 3764 3456 3824 πάγην

1905 3838 2258 3889 demonstravit
2301 3837 2548 3887 Heckerus
2598 3834 2772 3883 collato
2817 3831 3006 3882 Archias
3054 3846 3217 3892 versu,
3261 3835 3346 3891 vl,
3374 3846 3452 3894 ep.

1911 3916 2017 3968 192,
2041 3914 2070 3959 4
2098 3924 2112 3953 2
2143 3910 2405 3970 ἄγκιστρον,
2439 3906 2632 3969 κρυρίην
2655 3904 2892 3953 εἰναλίοισι
2917 3904 3089 3964 πάγην.
3119 3906 3192 3953 De
3221 3903 3458 3953 arundine

1907 3979 2178 4043 intelligens
2221 3978 2426 4028 Meinek.
2474 3974 2758 4038 conjiciebat
2805 3974 3006 4033 ὀξυΐνην,
3049 3994 3074 4017 α
3104 3974 3167 4023 ab
3189 3974 3301 4029 ὀξύα
3317 4010 3331 4033 ,
3358 3988 3458 4036 quo

1906 4050 2092 4100 arboris
2135 4062 2307 4111 genere
2357 4047 2621 4111 piscatores
2680 4044 2743 4095 ad
2811 4042 3136 4093 conficiendas
3195 4044 3459 4094 arundines

1909 4135 2026 4171 usos
2055 4133 2166 4170 esse
2204 4131 2510 4181 nequaquam
2537 4116 2850 4180 improbabile
2889 4119 2982 4165 est.
3009 4114 3162 4179 Magis
3188 4114 3336 4165 etiam
3364 4114 3459 4178 pla-

1908 4194 2042 4243 ceret
2083 4192 2308 4247 οἰσυΐνην.
2361 4210 2384 4233 »
2421 4216 2484 4224 —
2515 4199 2542 4239 5
2593 4188 2822 4249 ἀγρυμένη
2867 4185 3007 4243 cod.;
3051 4186 3281 4247 ἀγνυμένη
3322 4185 3458 4235 Plan.

1913 4282 1936 4305 α
1973 4266 2098 4319 Quae
2135 4261 2280 4311 lectio
2305 4258 2532 4309 Jacobsio
2557 4271 2650 4307 non
2685 4256 2955 4320 displicuit,
2987 4269 3076 4306 nec
3103 4255 3237 4305 mibi.
3269 4254 3462 4304 Idcirco

1914 4332 2178 4381 Palatinam
2194 4329 2352 4393 rejeci.
2371 4350 2396 4373 υ
2415 4332 2475 4378 Β.
2499 4328 2720 4378 Meinelt.:
2741 4347 2764 4369 a
2784 4325 3092 4377 probandum
3112 4324 3310 4375 videtur
3323 4327 3463 4383 ἀγνυ-

1913 4406 2042 4463 μὲνη,
2073 4402 2206 4465 quod
2233 4400 2441 4450 verbum
2481 4399 2544 4449 de
2559 4398 2690 4463 pisce
2727 4396 2878 4461 spinis
2903 4398 3074 4460 pleno,
3101 4394 3260 4457 qualis
3293 4394 3464 4458 phycis

1912 4477 1988 4522 est
2025 4472 2400 4535 [ἁκανθοστεφὴς
2436 4470 2570 4519 dicta
2609 4466 2850 4517 Aristoteli
2865 4466 2903 4529 ]‚
2946 4466 3066 4515 satis
3099 4464 3465 4515 accommodate

1913 4542 2104 4592 dicitur.
2135 4541 2402 4591 Piscatores
2425 4539 2690 4589 minutulos
2712 4538 2868 4601 pisces
2893 4536 3120 4587 dentibus
3149 4548 3346 4584 necasse
3373 4549 3462 4583 no-

1912 4618 2020 4662 tum
2045 4614 2138 4663 est.
2169 4631 2192 4654 ν
2236 4610 2377 4659 Conf.
2406 4622 2486 4673 ep.
2525 4614 2634 4667 504,
2664 4616 2712 4659 6.
2752 4607 2910 4657 Alium
2955 4620 3142 4657 morem
3185 4618 3248 4655 ex
3295 4605 3466 4655 Bebrio

1914 4682 2028 4732 Fah.
2059 4684 2140 4739 Vl,
2174 4687 2246 4741 15,
2269 4680 2446 4729 indicat
2467 4681 2670 4729 Becker.
2696 4677 2882 4728 Deinde
2903 4676 3037 4725 Plan.
3059 4675 3185 4726 male
3213 4676 3464 4735 ὑποδύντα,

1917 4767 2026 4802 cum
2051 4765 2154 4801 var.
2176 4764 2254 4813 ap.
2293 4750 2468 4799 Wecb.
2499 4751 2578 4798 ὑπ’
2604 4750 2784 4799 ὀδόντα.
2819 4767 2842 4791 α
2866 4748 3054 4811 Adam».
3081 4745 3240 4795 schol.
3269 4743 3466 4795 Wech.2

1917 4824 2140 4885 Πίνδαρος
2158 4822 2325 4883 λάδρον
2347 4822 2448 4871 ἀντὶ
2466 4826 2548 4871 τοῦ
2568 4822 2746 4883 ὑψηλοῦ
2769 4818 2973 4877 ἐνόησεν.
2989 4818 3244 4881 Respicere
3270 4815 3467 4865 videtur

1917 4896 2054 4944 Nom.
2089 4894 2216 4951 11111,
2246 4896 2324 4943 79.
2357 4913 2379 4935 ν
2424 4894 2482 4942 Β.
2522 4920 2576 4932 -
2615 4898 2662 4942 ο.
2692 4894 2747 4941 ln
2775 4888 2870 4940 tine
2906 4890 3152 4950 γνωμίδιον
3179 4886 3242 4939 de
3268 4900 3356 4935 suo
3379 4885 3468 4935 ad·
