3829 5747
441 161 559 218 236

440 291 498 329 ex
525 277 769 328 homerico
792 277 949 340 ἐγχείη
976 276 1050 324 vel
1078 275 1186 338 δόρυ
1225 275 1504 337 μαίνεται
1543 273 1590 320 ἐν
1619 271 1907 334 παλάμῃσιν,
1930 269 1990 320 n.

439 352 499 408 θ,
534 353 646 406 111·,
691 351 754 408 Π,
793 351 872 396 74.
902 349 964 395 Et
989 345 1042 394 in
1079 344 1270 395 hastam
1309 342 1557 394 transtulit
1595 340 1862 405 epitheton,
1890 353 1992 402 quo

439 418 744 469 Stesichorus
780 418 935 481 ipsam
961 429 1236 480 pugnarum
1263 414 1406 464 deam
1431 416 1688 464 ornaverat
1727 425 1806 474 ap.
1836 409 1988 460 schol.

437 487 684 551 Aristoph.
715 486 842 536 Nub.
871 490 963 537 984
994 505 1007 534 :

559 597 782 647 Παλλάδα
799 597 1072 660 περσέπολιν
1093 596 1246 658 κλῄζω
1263 632 1275 656 ,
1298 594 1615 657 πολεμαδόκον
1628 629 1641 650 ,
1661 591 1818 653 ἁγνάν.

1558 149 2068 210 ANTHOLOGIAE
2123 129 2526 209 PALATJNAE

2078 273 2343 334 grammate
2369 270 2522 334 clypei
2548 268 2713 332 Cydi.e-
2728 282 2805 330 ap.
2832 271 3037 318 Pausan.
3062 269 3121 328 X,
3141 279 3185 314 c.
3208 270 3285 323 21,
3315 269 3344 314 3
3366 285 3377 312 2
3398 265 3463 313 ¹11
3480 281 3622 325 μμαι

2082 343 2139 398 δὴ
2171 343 2409 391 ποθέουσα
2445 344 2550 397 νέην
2574 341 2642 389 ἔτι
2681 339 2852 388 Κυδίου
2872 341 3007 398 ῆόην,
3028 335 3183 400 pro'H
3206 337 3331 398 μάλα
3348 335 3403 392 δὴ
3438 352 3492 382 π.
3518 355 3541 376 1³
3570 361 3624 372 -κ

2082 421 2108 462 2
2128 414 2407 478 ὑποῤῥοφίας
2426 412 2567 468 cod.;
2584 411 2847 474 ὑπωροφίας
2868 409 3022 470 Plan.;
3043 407 3254 457 correxit
3282 405 3515 455 Brodaeus
3542 408 3627 456 col-

2077 485 2178 534 lato
2204 483 2463 534 Simonidae
2492 482 2837 545 epigrammate
2862 493 3013 542 supra
3036 487 3083 538 2,
3102 485 3146 526 2.
3168 481 3285 539 Νηῷ
3314 478 3447 526 Plan.
3468 478 3625 540 Ὗποῤ-

2081 553 2215 615 ῥορία
2240 567 2369 603 nunc
2406 552 2598 602 Jacobs.
2642 550 2724 600 hic
2760 562 2957 612 quoque
2990 548 3261 597 secundum
3306 547 3537 596 codicem
3581 551 3627 596 et

2080 623 2295 684 suidam,
2324 638 2412 686 pro
2438 623 2699 685 ὑπωροςία,
2744 618 2879 682 quod
2922 619 3189 668 Meinekius
3224 621 3373 668 tenet.
3440 637 3465 658 α
3514 618 3628 666 Hinc

438 707 674 758 Pindarus
709 720 904 770 quoque
939 705 1088 764 dixit,
1123 707 1169 754 ἐν
1194 705 1531 764 πολεμαδόκοις
1571 703 1723 765 Ἀρεος
1761 701 1989 759 ὅπλοισιν,
2032 687 2036 716 ¹
2079 693 2287 742 Suidas:
2316 694 2571 755 άλκιμάχη·
2603 695 2633 748 ἡ
2670 692 2857 749 Ἀθηνᾶ,
2889 694 2918 746 ἡ
2946 688 2995 736 ἐν
3017 689 3237 750 πολεμοις
3273 689 3491 750 κραταιά.
3519 707 3546 732 ¹·
3568 691 3623 736 B.

437 779 578 840 ΡΨ·
601 781 660 838 Χ’
681 785 757 828 ²²·
784 797 806 818 ⁹
832 781 948 827 ‘¹⁰⁶'
981 777 1113 825 ‘'¹³¹'‘
1159 778 1302 836 ⁰⁰”·⁵²'
1333 774 1454 824 ⁰⁰⁶·
1481 777 1643 835 ⁶⁰⁰⁰⁵’
1669 771 1802 834 ΨΜ
1829 782 1972 818 κω
2032 808 2037 857 ⁵
2080 840 2291 888 alterum
2322 839 2371 888 in
2403 839 2533 888 man.
2568 837 2732 886 suidae
2764 835 2876 884 nbri
2914 835 3153 883 fluctuant
3180 833 3309 882 inter
3334 859 3395 868 -
3424 851 3547 894 2012„
3574 859 3627 868 -

437 849 522 899 bat
545 849 694 898 Boiss.
721 851 792 897 De
813 848 998 908 κράνεια
1021 846 1146 894 cons.
1181 859 1258 907 cp.
1286 849 1388 904 123,
1420 852 1461 894 1.
1489 869 1553 879 --
1579 848 1608 892 3
1627 844 1657 899 ἢ
1677 841 1798 890 Cod.
1830 853 1917 903 pro
1942 838 1987 897 ἦ.

2080 771 2300 831 Ungerus
2316 769 2552 824 Παλλάδος
2587 767 2879 827 Ἀλκιμάχας.
2912 790 2974 798 -
3005 767 3034 811 3
3063 763 3350 824 κεκονημένα
3373 761 3517 822 cod„
3548 762 3628 810 sed

435 927 613 981 Apogr.
634 921 738 967 Par.
755 919 802 975 ἡ.
821 921 918 966 —4
934 918 982 964 ἐν
1002 915 1452 978 προμάχοιςίδρὺσας
1473 915 1606 976 (cum
1625 914 1740 960 nota
1759 909 1994 971 deprava·
2032 902 2037 958 Ι
2081 928 2171 973 ip...
2204 941 2259 950 -
2300 928 2399 972 ιαμ.
2436 937 2497 946 --
2528 913 2555 960 4
2585 911 2657 958 ἀεὶ
2684 907 2841 966 Plau,
2868 909 3045 969 praeter
3088 904 3165 954 ed.
3195 906 3349 968 princ.
3386 907 3626 956 Hec-kerus

435 988 617 1050 tionis)
637 989 765 1043 δήϊον
786 987 1005 1049 ἀμπέλων
1025 985 1202 1045 Codex,
1224 984 1370 1046 quiin
1390 982 1604 1046 margine
1627 1000 1723 1044 ιγρ.
1749 982 1990 1043 ἁμπεδιον,

435 1062 485 1108 et
508 1061 646 1116 ζήτει.
675 1059 808 1118 (Non
827 1058 987 1106 exstat
1016 1056 1166 1119 epigr.
1206 1055 1256 1104 in
1291 1055 1456 1114 Plan.)
1485 1059 1605 1110 Quae
1633 1051 1891 1101 audaciore
1918 1063 1995 1098 co·
2033 1086 2036 1095 .

434 1133 572 1185 natu,
607 1125 755 1175 verba
790 1126 938 1176 etiam
974 1129 1368 1188 transponentes,
1412 1125 1662 1172 tentarunt
1693 1121 1862 1171 critici.
1899 1124 1989 1168 Ρο-

435 1203 618 1249 stremo
643 1195 899 1245 Jacobsius
920 1195 968 1245 in
991 1197 1119 1245 notis
1135 1207 1251 1245 mss.
1279 1215 1292 1243 ι
1317 1215 1340 1236 ιι
1363 1197 1492 1242 Fort.
1510 1195 1555 1240 ἐν
1579 1193 1834 1254 προμάχοις
1853 1193 1992 1245 θύσας

435 1272 477 1318 δ.
504 1271 644 1331 diam,
684 1267 896 1332 furebas
942 1269 996 1316 in
1031 1269 1239 1330 proele'o.
1277 1266 1416 1316 Cous.
1458 1263 1595 1314 Iliad.
1625 1267 1679 1321 E,
1720 1267 1797 1322 87,
1827 1266 1933 1310 249.
1966 1281 1990 1303 ι»

434 1339 530 1388 Sed
547 1341 736 1403 egregie
761 1338 1026 1388 Meinekius
1052 1351 1100 1401 p.
1126 1343 1212 1386 138
1239 1351 1251 1378 ε
1275 1353 1300 1378 «ι
1325 1334 1564 1397 Equidem
1586 1346 1758 1382 vereor
1781 1345 1841 1381 ne
1861 1330 1993 1379 aliud

437 1407 556 1471 quid
591 1409 764 1458 dixerit
794 1411 938 1470 poeta
967 1421 1114 1469 quam
1138 1406 1229 1455 viri
1255 1405 1385 1455 docti
1413 1405 1740 1482 suspicantur.
1776 1401 1992 1452 Primum

435 1477 559 1526 illud
582 1492 679 1526 non
701 1481 863 1541 potest
879 1476 1107 1534 dubitari,
1127 1476 1247 1538 quin
1261 1475 1452 1525 hastam
1471 1477 1614 1536 poeta
1633 1473 1783 1535 ipsam
1797 1473 1994 1533 loquen-

435 1549 536 1595 tem
561 1553 611 1596 et
637 1548 698 1596 ad
727 1561 786 1597 ea
809 1561 922 1609 quae
947 1547 1194 1608 superiore
1221 1545 1431 1595 disticho
1461 1544 1754 1604 interrogata
1773 1546 1893 1599 erat,
1924 1555 1993 1588 re·

436 1617 754 1677 spondentem
781 1617 1035 1666 induxerit.
1061 1619 1230 1678 ltaque
1253 1614 1523 1664 necessario
1547 1612 1810 1674 requiritur
1837 1611 1994 1674 prima

435 1700 670 1750 persona3
692 1700 850 1748 neque
873 1700 978 1735 eam
1007 1687 1287 1748 conjectura
1321 1687 1502 1736 inferre
1527 1698 1650 1747 opus
1675 1687 1768 1742 est,
1788 1684 1876 1731 sed
1909 1680 1994 1730 ha·

434 1757 608 1808 bemus
623 1757 672 1806 in
696 1759 843 1816 δήϊον,
881 1755 1013 1819 quod
1057 1770 1146 1820 pro
1172 1759 1316 1816 δηῑὸω
1347 1756 1472 1805 dixit
1510 1754 1664 1816 Apoll.
1702 1752 1856 1802 Rhod.
1894 1755 1987 1813 111,

440 1831 575 1877 1374.
607 1828 710 1876 Hoc
739 1827 780 1876 si
807 1840 978 1876 verum
997 1829 1089 1886 est,
1110 1826 1422 1888 consequitur
1446 1825 1494 1874 in
1524 1825 1708 1887 ἱδρύσας
1733 1825 1885 1873 latere
1910 1821 1992 1871 ho-

433 1897 557 1950 stilis
583 1897 747 1962 populi
784 1910 977 1956 nomen,
1007 1900 1176 1944 contra
1213 1909 1359 1958 quem
1387 1895 1578 1944 Meuius
1596 1896 1914 1957 pugnaverat.
1943 1895 1992 1942 ls

433 1984 551 2019 vero
589 1969 672 2018 vix
711 1967 835 2017 alius
876 1978 983 2016 esse
1015 1970 1177 2029 potest
1211 1980 1359 2029 quam
1387 1964 1595 2028 populus
1643 1963 1987 2026 Odrysarum.

2080 980 2275 1044 corrigit
2299 981 2537 1044 ῥυσαμένα
2554 1016 2567 1038 ,
2585 978 2674 1028 sed
2691 977 2785 1027 alia
2811 979 2886 1026 est
2912 975 3037 1025 ratio
3065 975 3115 1023 in
3142 977 3381 1038 sequente
3405 977 3627 1039 epigram·

2080 1055 2210 1100 mate
2228 1091 2241 1112 ,
2266 1065 2316 1100 ν.
2347 1058 2374 1100 2
2390 1087 2402 1111 ,
2417 1065 2509 1099 nec
2532 1051 2795 1112 quiequam
2814 1045 3126 1096 movendum.

2142 1209 2324 1257 CXXV.
2346 1211 2545 1256 Lemma
2577 1227 2589 1255 :
2619 1208 2682 1262 εἷς
2710 1207 2763 1252 τὸ
2792 1205 2923 1254 αὐτὸ.
2960 1207 3016 1253 in
3038 1206 3172 1252 Plan.
3205 1207 3281 1253 est
3308 1205 3495 1260 ἄδηλον.
3528 1205 3628 1264 Ipsa

2080 1278 2217 1334 ἀσπὶς
2242 1280 2476 1343 loquitur.
2505 1305 2566 1315 —
2594 1284 2637 1327 1.
2666 1280 2802 1339 τῇδε,
2835 1277 2883 1325 in
2914 1276 3097 1337 templo
3129 1276 3311 1337 aliquo.
3342 1295 3367 1317 «ι
3400 1279 3496 1325 Aut
3520 1277 3626 1322 τεῐδε

2080 1353 2169 1398 aut
2193 1351 2302 1413 τᾷδε
2343 1348 2667 1399 scribendum.
2716 1349 2971 1410 Eleganter
3005 1349 3319 1396 Hermannus
3364 1347 3541 1407 opusc.
3588 1348 3624 1402 l.

2079 1431 2125 1480 p.
2156 1425 2234 1480 93,
2256 1421 2429 1480 κάμνον
2450 1434 2538 1482 pro
2565 1420 2727 1470 καλὸν.
2766 1417 2900 1479 quod
2922 1431 3099 1481 parum
3125 1416 3359 1466 derorum
3392 1415 3529 1464 sortis
3558 1429 3627 1476 pe-

2081 1490 2227 1540 ctoris
2250 1491 2496 1553 epitheton
2521 1493 2611 1539 est.
2644 1489 2835 1538 Codicis
2859 1491 3023 1537 tamen
3053 1487 3314 1536 lectionem
3350 1489 3525 1535 tuetur
3552 1485 3625 1534 ho-

2032 1591 2038 1625 ,
2079 1561 2317 1611 mericum
2333 1565 2475 1623 πάρος
2501 1563 2619 1625 χρόα
2638 1563 2778 1609 καλὸν
2806 1563 3003 1609 ἱκέσθαι.
3030 1557 3278 1608 ιιΜεὶηεΙί.
3309 1569 3359 1620 p.
3386 1563 3463 1606 91.
3492 1559 3623 1605 Recte

2080 1635 2217 1683 addit
2253 1633 2519 1692 Her-herus»,
2559 1633 2737 1692 κάμνον
2770 1633 2955 1692 στέρνον
2990 1643 3019 1678 a
3051 1628 3165 1677 sorti
3189 1627 3297 1675 viro
3324 1625 3534 1674 alienum
3556 1626 3623 1672 w·-

2080 1705 2215 1762 deri,
2256 1707 2306 1752 et
2337 1702 2533 1750 minime
2574 1701 2753 1749 mirum
2800 1713 2909 1749 esse
2950 1701 3172 1762 elypeum
3204 1708 3235 1744 a
3274 1693 3625 1758 pulchritudine

2078 1775 2278 1825 laudare
2304 1772 2487 1822 domini
2522 1775 2711 1834 pectus,
2739 1799 2799 1810 -
2821 1776 2850 1820 3
2886 1771 3002 1834 ἅπερ
3025 1769 3277 1819 Heckerus
3314 1780 3407 1829 pro
3443 1768 3621 1826 καίπερ,

2079 1845 2312 1907 asyndeto
2345 1844 2563 1892 offensus
2582 1841 2779 1892 minime
2798 1841 2977 1902 inepto.
2998 1868 3057 1878 -
3084 1845 3111 1888 4
3140 1839 3365 1898 δεξαμένα
3388 1835 3539 1892 Plan.;
3566 1838 3625 1884 δε·

2079 1919 2248 1978 ξαμένη
2273 1913 2393 1964 cod.
2422 1918 2474 1963 et
2506 1911 2663 1971 Suid.,
2680 1911 2763 1974 qui
2792 1911 2905 1958 hinc
2936 1931 2948 1958 z
2974 1911 3143 1972 κάμαξ·
3172 1909 3307 1970 ὀρθὸν
3331 1909 3487 1963 ξύλον·
3508 1909 3619 1966 λέγε-

2032 2004 2037 2023 ι
2078 2004 2155 2034 ται
2180 1988 2403 2044 Θηλυκῶς.
2424 2011 2487 2019 -
2514 1991 2541 2033 5
2574 1985 2775 2032 κλειτοῖο
2808 1980 2973 2030 Codex
3012 1985 3062 2030 et
3084 1984 3188 2031 tres
3215 1977 3328 2027 libri
3354 1976 3620 2035 Planudea’,

435 2041 648 2090 Meuium
676 2042 838 2119 autem
864 2039 1000 2118 illum
1030 2037 1264 2116 Philippi3
1293 2035 1526 2116 Demetrii
1551 2034 1634 2084 filii
1655 2071 1668 2092 ν
1693 2034 1842 2082 fui-‘³⁵⁰
1871 2033 1991 2083 mffi·
2032 2032 2037 2048 ¹
2078 2057 2219 2119 cujus
2245 2055 2383 2105 editt.
2412 2056 2626 2103 κλεινοῖο.
2664 2072 2687 2094 κ
2716 2051 2894 2113 Scripsi
2929 2051 3160 2108 Κλείτοιο,
3187 2061 3367 2098 nomen
3394 2048 3484 2096 viri
3505 2046 3621 2096 enim

433 2115 533 2160 tem
561 2123 795 2171 suspicor,
824 2121 964 2170 cujus
1002 2107 1064 2156 de
1092 2107 1294 2169 Odrysis
1319 2109 1570 2155 victoriam
1599 2103 1811 2153 celebrat
1841 2106 1987 2166 poeta
2032 2110 2037 2159 Ι
2079 2125 2459 2175 desiderabatur·
2502 2145 2526 2167 ,‚
2566 2127 2681 2173 Jac·
2736 2124 3019 2172 Disseusum
3059 2123 3109 2170 in
3148 2121 3242 2170 hac
3284 2133 3339 2169 re
3378 2133 3525 2168 suum
3562 2119 3619 2166 si,

435 2193 705 2242 anonymus
737 2178 880 2227 Antii.
932 2178 1065 2226 Plan.
1087 2186 1115 2227 6
1144 2191 1156 2218 =
1188 2178 1396 2239 κοίρανος
1443 2176 1720 2236 Εὐρώπας...
1753 2173 1989 2234 Ejusdem
2032 2198 2036 2213 ι

437 2249 640 2313 Philippi
667 2251 835 2298 contra
860 2247 1136 2307 Dardanos,
1169 2245 1422 2295 finitimam
1445 2245 1646 2306 Odrysis
1671 2247 1881 2306 gentem,
1907 2256 1990 2291 ex·
2032 2264 2036 2273 ·

434 2323 616 2388 peditio
643 2327 938 2373 memoratur
961 2335 990 2371 a
1024 2321 1260 2384 pluribus.
1309 2320 1445 2382 (vid.
1482 2333 1558 2382 ep.
1600 2325 1710 2379 115,
1740 2318 1821 2378 3.)
1852 2321 1990 2367 Hanc

434 2394 762 2459 conjecturam
789 2393 832 2442 si
851 2395 960 2456 quis
979 2406 1037 2441 eo
1056 2392 1258 2441 convelli
1277 2391 1531 2450 existimet,
1552 2390 1685 2452 quod
1704 2402 1801 2438 non
1820 2389 1989 2451 proba·

436 2464 532 2514 bile
561 2477 668 2514 esse
701 2463 925 2513 videatur
949 2463 1132 2512 Niciam
1151 2461 1390 2511 Milesium
1409 2500 1422 2522 ,
1455 2460 1696 2510 Theocriti
1721 2459 1959 2521 aequalem
1975 2495 1989 2516 ‚

436 2534 644 2598 Philippi
667 2536 861 2584 a¹tatem
885 2533 1116 2596 tetigisse,
1137 2531 1253 2581 nihil
1276 2531 1484 2595 impedio
1507 2530 1768 2593 quominus
1794 2529 1985 2578 Meuius
2031 2564 2036 2575 .

434 2604 689 2668 Iphicratis
715 2604 855 2653 miles
875 2603 1028 2652 fuisse
1049 2604 1308 2660 statuatur,
1341 2601 1402 2650 de
1439 2603 1578 2663 cujus
1605 2599 1990 2662 expeditionibus
2031 2588 2036 2633 ἕ

436 2678 602 2726 contra
639 2674 853 2736 Odrysas
893 2673 1134 2736 susceptis
1179 2673 1292 2720 vide
1337 2672 1617 2732 Polymnum
1657 2673 1864 2731 Strateg.
1897 2672 1985 2729 111,

437 2753 488 2808 8,
516 2746 765 2810 §fio—62.
787 2763 812 2787 ι»
838 2746 1059 2806 Ungerus
1091 2745 1375 2804 (Beilroeye
1401 2755 1448 2804 p.
1477 2745 1563 2799 34)
1592 2741 1694 2789 sine
1722 2739 1990 2789 mutatione

435 2817 536 2866 ulla
561 2814 702 2865 scribi
721 2828 864 2879 posse
885 2817 1026 2879 putat
1045 2814 1092 2862 ἐν
1118 2812 1399 2876 προμάχοισι
1416 2813 1594 2877 Δρύσις
1613 2850 1624 2871 ,
1648 2811 1756 2860 coll.
1786 2810 1988 2859 Parado-

435 2888 508 2937 xis
525 2886 782 2942 Thebanis,
798 2886 961 2934 coroll.
982 2891 1056 2943 22,
1073 2897 1120 2947 p.
1138 2888 1254 2943 4433
1274 2882 1502 2945 idemque
1516 2882 1728 2931 restituit
1748 2880 1991 2944 Stephano

436 2960 549 3020 ΒΕΖ.
578 2970 628 3006 V.
664 2962 798 3018 Δρῦς,
823 2956 952 3010 πόλις
971 2955 1154 3018 Θρᾴκης
1281 2957 1307 3002 ό
1334 2955 1520 3009 πολίτης
1551 2955 1718 3013 Δρυεὺς
1738 2955 1816 3000 καὶ
1842 2953 1987 3015 Δρύ-

436 3111 608 3148 corum
632 3109 844 3145 errorem
866 3094 1264 3157 deprehenderat.
1287 3096 1358 3143 En
1381 3094 1487 3156 ejus
1514 3094 1732 3142 notulam
1763 3108 1775 3136 :
1811 3112 1834 3136 «
1865 3095 1989 3145 Con-

431 3167 549 3229 jecit
573 3169 676 3215 lae.
706 3166 902 3227 ἐθρισας.
933 3165 1110 3227 Scripsi
1130 3168 1303 3228 ὲθρισα.
1331 3164 1733 3226 Hastaloquitur.
1775 3183 1801 3207 ν

2078 2197 2323 2259 gnificavit
2354 2195 2507 2246 Boiss.
2538 2194 2602 2244 ad
2636 2193 2882 2242 Christod.
2909 2206 2957 2242 v.
3001 2197 3091 2242 263
3116 2195 3167 2240 et
3202 2190 3389 2254 saepius
3416 2190 3537 2239 alibi.
3570 2219 3623 2229 -

2079 2275 2126 2315 6.
2160 2268 2266 2314 «Et
2296 2264 2360 2313 ad
2392 2263 2681 2313 sententiam
2710 2262 2871 2325 aptius
2906 2265 2956 2312 et
2994 2261 3060 2311 ad
3094 2273 3282 2310 morem
3314 2260 3621 2323 elegiacorum

2077 2338 2334 2399 poetarum
2357 2334 2583 2385 usitatius
2604 2336 2735 2382 esset
2758 2335 3056 2397 βλοσυροῦ
3086 2333 3308 2395 φλοῖσὸον
3327 2331 3578 2382 Ἐνυαλίου.
3600 2355 3619 2372 ··

2078 2405 2297 2454 Meinek.

2139 2541 2257 2587 Post
2280 2539 2371 2587 hoc
2396 2537 2689 2600 epigramma
2705 2536 2881 2584 lacuna
2897 2537 2972 2584 est
3000 2534 3049 2582 in
3076 2532 3254 2582 Codice
3274 2546 3507 2582 versuum
3532 2547 3621 2594 sex,

2078 2623 2191 2656 cum
2220 2609 2339 2672 sigla
2377 2610 2515 2666 ζήτει.
2556 2606 2651 2656 Sed
2678 2606 2728 2654 in
2765 2605 2979 2668 margine
3012 2604 3249 2666 scriptum
3274 2617 3286 2645 ²
3314 2604 3370 2652 οὗ
3396 2605 3534 2653 λείπει
3564 2609 3620 2658 ὡς

2032 2694 2036 2711 ·
2079 2681 2227 2741 οἶμαι.

2140 2834 2355 2883 cxxvi.
2385 2833 2585 2881 Lemma
2617 2850 2630 2879 ε
2661 2831 2873 2888 ἀνάθημα
2900 2829 3220 2893 Διοσκορίδου.
3246 2855 3312 2889 -,-
3344 2835 3363 2880 1
3396 2831 3492 2881 τόδ’
3512 2831 3613 2881 Mei-

2077 2904 2251 2953 nekius
2277 2916 2325 2965 p.
2358 2908 2441 2952 162
2457 2938 2469 2959 ‚
2486 2900 2720 2965 probante
2741 2900 2986 2955 fleckero:
3009 2900 3141 2962 οᾱμά
3154 2916 3225 2948 τοι
3244 2899 3433 2951 Codex.
3454 2901 3619 2950 Deinde

437 3046 556 3085 σης.
588 3028 814 3077 Ceterum
841 3024 1182 3074 Boissonadius
1211 3036 1410 3086 quoque
1442 3021 1824 3085 praecedentium
1863 3025 1992 3071 criti·
2030 2993 2034 3047 ³
2080 2975 2345 3025 Salmasms
2371 2973 2601 3031 nomwu’
2632 2970 2853 3019 Reismus
2878 2973 2928 3019 et
2948 2968 3219 3019 Bru⁰⁰¹⁴i¹¹⁸
3238 2972 3479 3031 nomm„
3496 3006 3509 3028 '
3532 2974 3614 3021 ¹⁴⁰·

2077 3044 2277 3093 beckius
2295 3042 2622 3105 Pathol.prol.
2644 3054 2691 3103 p.
2714 3045 2806 3091 390
2836 3042 3087 3090 Πολύλλου.
3118 3058 3142 3082 α
3174 3039 3269 3089 Sed
3288 3039 3413 3090 nihil
3438 3046 3613 3091 mutan-

2078 3116 2195 3165 dum
2213 3116 2421 3164 videtur.
2456 3113 2760 3161 simillimum
2784 3125 2962 3160 nornen
2986 3112 3204 3166 Δινύττεις
3224 3111 3382 3161 habes
3402 3126 3477 3176 ap.
3501 3117 3617 3163 Pau-

2032 3209 2034 3223 ι
2078 3198 2180 3233 san.
2214 3185 2302 3241 Vl,
2338 3190 2382 3232 8.
2418 3203 2442 3224 υ
2478 3181 2695 3231 Mantele.
2721 3186 2847 3229 —2.
2868 3180 3053 3229 Vitium
3073 3180 3220 3229 latere
3244 3180 3295 3229 in
3313 3183 3449 3237 ἄλλος
3467 3197 3621 3233 omnes

1046 3278 1057 3288 =
1307 3306 1326 3325 ..
2031 3277 2035 3300 ι
2078 3252 2400 3303 consentiunt.
2432 3252 2649 3313 Heynius
2666 3252 2829 3307 Ὕλλος
2846 3286 2858 3305 ,
2894 3250 3196 3311 Tyrwhittus
3216 3251 3409 3307 Γάλλος.
3438 3254 3577 3302 Boiss.
3604 3268 3613 3295 ε

499 3318 719 3368 cxxnl.
746 3319 946 3366 Lemma
977 3335 988 3362 :
1018 3317 1081 3370 εἰς
1117 3316 1171 3363 τὸ
1209 3316 1338 3363 αὐτο.
1369 3342 1433 3351 —
1467 3316 1614 3376 ίτῇδε
1645 3314 1792 3363 codex
1811 3354 1824 3375 ,
1861 3330 1985 3365 corr.
2031 3332 2034 3345 ¹

2081 3344 2104 3365 «
2146 3323 2342 3385 Conjeci
2377 3326 2525 3377 Δᾶλος
2542 3359 2555 3380 ,
2600 3320 2735 3383 quod
2790 3320 3168 3383 palaeographice
3212 3320 3461 3382 probabile
3500 3326 3571 3372 est
3603 3338 3614 3364 =

437 3388 660 3447 Meinek.;
691 3399 804 3435 nam
833 3385 1070 3435 dialectus
1098 3388 1326 3434 constans
1358 3384 1406 3433 in
1439 3383 1652 3445 reliquis.
1684 3406 1705 3427 «ι
1729 3386 1853 3434 Hinc
1876 3387 1986 3435 Sui·
2031 3399 2035 3459 f
2080 3396 2318 3449 ΑΛΛΟΣ,
2341 3395 2563 3441 ΔΑΛΟΣ.
2604 3391 2699 3440 Sed
2736 3391 3011 3453 exemplum
3046 3391 3153 3452 ejus
3178 3390 3392 3441 nominis
3424 3406 3517 3441 „011
3546 3391 3619 3441 ιη-

351 3466 360 3477 ·
437 3461 558 3510 das:
587 3460 792 3523 κράνειαι·
815 3457 866 3505 ἐκ
885 3458 1094 3516 κρανείας
1118 3456 1240 3515 δόρυ.
1270 3456 1329 3503 Et
1354 3467 1410 3502 ex
1438 3467 1588 3502 versu
1606 3460 1632 3503 4
1669 3455 1884 3517 εήνορὲη·
1918 3457 1992 3503 ἀν·
2030 3465 2033 3510 2

436 3531 583 3594 ὃρεία.
611 3551 635 3573 ιι
666 3530 724 3576 B.
750 3554 809 3565 -
824 3534 850 3576 2
871 3527 1010 3583 δηΐων
1025 3524 1204 3583 Codex,
1229 3524 1315 3574 sed
1327 3524 1456 3586 apud
1473 3524 1672 3573 suidam
1692 3525 1862 3586 optimi
1878 3526 1989 3587 qui-

2077 3464 2169 3513 beo
2185 3501 2198 3521 ,
2245 3461 2381 3524 quod
2424 3474 2645 3524 promere
2702 3461 2903 3524 possim.
2957 3459 3083 3508 L'rbs
3135 3462 3273 3515 Δαλίς
3318 3462 3618 3511 memoranda

2076 3540 2255 3585 tamen.
2293 3533 2467 3582 Suidas
2490 3532 2680 3582 exhibet
2698 3532 2950 3593 vulgatum
2976 3532 3108 3586 ἄλλος
3123 3567 3135 3586 ,
3160 3529 3209 3578 in
3230 3534 3411 3593 Θοῡρον
3438 3536 3512 3581 καὶ
3532 3534 3619 3581 θού-

437 3614 531 3665 que
549 3600 738 3656 δαΐδων.
755 3597 889 3659 (iuml
912 3599 1154 3675 KPSWPUS
1176 3594 1398 3675 ‘'Offexoit·
1428 3596 1567 3649 '0qu
1584 3631 1595 3653 J
1625 3598 1682 3643 Ut
1709 3596 1896 3655 atinez,
1929 3596 1991 3644 (10
2078 3621 2201 3665 ριον,
2230 3604 2609 3666 πολεμικώτατον
2630 3600 2648 3663 [
2666 3600 2749 3649 ubi
2774 3601 2884 3649 libri
2901 3600 3125 3649 meliores
3143 3600 3237 3649 ἀπὸ
3262 3600 3491 3664 Kaira}
3518 3622 3539 3643 υ
3560 3604 3613 3651 B.

436 3670 611 3733 quavis
636 3666 847 3729 cuspide
875 3664 1068 3715 dicitur.
1096 3694 1157 3706 —
1182 3669 1210 3713 3
1241 3666 1398 3726 εἰμενα
1423 3662 1606 3723 Codex,
1628 3677 1751 3712 corr.
1785 3665 1985 3714 Salmas·
2078 3674 2344 3723 Meineliius
2378 3674 2552 3726 Θάλλος
2571 3708 2584 3731 ,
2608 3692 2631 3713 ιι
2666 3672 2824 3733 possis
2852 3670 2999 3719 etiam
3026 3672 3191 3725 Ἰλλος.
3223 3690 3247 3713 n
3280 3671 3412 3721 Illud
3452 3672 3619 3734 recepit

435 3767 494 3777 ·-
519 3744 548 3789 4
572 3741 759 3802 ἦ“’ῦρέην
787 3750 863 3799 ³1>-
891 3734 1026 3784 Suffl·
2075 3745 2327 3794 Beckerus
2356 3744 2404 3803 Ι,
2440 3756 2488 3805 p.
2522 3748 2581 3791 74
2600 3779 2611 3801 ‚
2644 3756 2740 3790 non
2768 3754 3042 3790 memorans
3078 3754 3189 3803 quae
3212 3740 3260 3789 in
3286 3744 3448 3804 priore
3483 3746 3614 3793 Com-

2030 3817 2033 3838 ¹
2076 3814 2368 3863 mentatione
2405 3811 2699 3861 disseruerat
2724 3825 2775 3873 p.
2820 3816 2880 3861 49
2914 3830 2977 3859 ιιι
3017 3813 3199 3859 Sanum
3244 3824 3350 3861 esse
3390 3812 3619 3862 videbitur

499 3884 709 3934 cxxiv.
745 3882 944 3929 Lemma
982 3894 994 3921 ι
1031 3880 1246 3939 ἀνάθημα
1272 3884 1329 3941 τῇ
1366 3879 1532 3941 Ἀθηνᾷ
1574 3878 1698 3940 παρὰ
1734 3878 1989 3943 Τιμάνορος
2030 3847 2033 3958 ἶ
2077 3885 2237 3939 ἄλλος,
2272 3881 2312 3931 si
2340 3881 2499 3931 animo
2518 3894 2740 3930 recurras
2768 3880 2831 3930 ad
2854 3880 3111 3943 pristinum
3128 3880 3345 3930 ordinem
3367 3919 3384 3940 ,
3412 3896 3508 3945 quo
3524 3883 3613 3945 epi-

436 3952 740 4016 στρατιὼτου.
770 3948 932 3997 Simile
959 3947 1252 4010 epigramma
1273 3947 1536 3995 Simonidae
1565 3960 1727 4008 supra,
1754 3960 1830 4008 ep.
1861 3954 1905 3996 2.
1934 3974 1991 3982 —
2076 3955 2341 4016 grammata
2374 3951 2589 4013 ejusdem
2622 3950 2811 4013 generis
2852 3949 3122 4011 indolisque
3160 3962 3213 3998 se
3242 3948 3291 3998 in
3326 3950 3450 4013 ipsis
3474 3955 3619 4014 poeta-

442 4028 462 4073 1
513 4040 536 4063 «ι
572 4024 666 4069 Pro
706 4021 906 4083 βροτέων
946 4017 1202 4067 Jacobsius
1243 4017 1450 4079 conjecit
1495 4020 1718 4080 βριαρῶν,
1757 4017 1991 4079 probante
2076 4036 2188 4070 rum
2214 4022 2388 4071 libellis
2415 4021 2737 4083 excipiebantz
2781 4019 2911 4069 unde
2939 4018 3279 4082 explicandum
3320 4018 3467 4069 etiam
3506 4020 3617 4069 illud

437 4090 734 4151 Peerlkamp.
777 4088 898 4138 Bibl.
939 4088 1058 4136 crit.
1107 4090 1242 4135 Nora
1282 4090 1321 4136 t.
1354 4089 1436 4145 lv,
1477 4102 1524 4149 p.
1564 4092 1641 4137 47.
1673 4087 1862 4147 Suidas,
1903 4089 1990 4150 qui
2030 4113 2034 4124 ·
2077 4092 2176 4150 καί,
2206 4090 2341 4153 quod
2366 4091 2511 4139 toties
2536 4090 2586 4138 in
2609 4090 2745 4139 initio
2773 4090 3040 4139 carminum
3065 4088 3285 4137 recurrit.
3327 4091 3619 4139 l‘raecesserit

437 4162 604 4213 scribit
635 4160 812 4221 ἀημαι,
844 4157 978 4221 quod
997 4158 1117 4207 etin
1138 4158 1302 4207 codice
1319 4157 1533 4207 Palatino
1562 4158 1795 4219 scriptum
1821 4160 1912 4219 est,
1940 4158 1990 4207 id
2076 4161 2224 4224 igitur
2253 4160 2344 4209 hoc
2382 4160 2490 4209 luco
2527 4159 2823 4223 epigramma
2852 4157 3145 4208 Dioscoridis
3168 4158 3219 4206 in
3245 4158 3395 4207 alium
3427 4162 3614 4208 Creten-

435 4232 637 4294 explicat
653 4242 739 4292 per
761 4230 1024 4289 ἀνάκειμαι,
1040 4242 1154 4290 quae
1168 4228 1496 4291 interpretatio
1512 4232 1562 4278 et
1583 4228 1825 4277 Planudeo
1843 4229 1991 4278 verbo
2077 4246 2180 4281 sem
2197 4270 2208 4291 ‚
2240 4229 2355 4279 item
2387 4230 2707 4279 fortissimum
2733 4229 2895 4277 virum
2911 4268 2923 4289 ,
2946 4231 3002 4278 ut
3029 4232 3079 4278 et
3096 4228 3143 4276 in
3162 4228 3271 4291 ejus
3296 4229 3549 4292 epitaphiis
3572 4228 3617 4276 in

435 4302 552 4362 ἧμαι,
578 4299 846 4349 conveniet.
870 4299 1009 4347 Cont'.
1041 4311 1148 4361 epp.
1177 4306 1254 4357 52,
1287 4302 1389 4359 123,
1426 4304 1528 4349 128.
1561 4318 1584 4341 «ι
1617 4302 1678 4347 Β.
1701 4299 1989 4348 Priusvarie
2076 4300 2361 4364 Sophoclem
2380 4303 2430 4350 et
2462 4300 2737 4349 Sositheum
2764 4300 2975 4361 tragicos
2994 4299 3216 4361 scriptis,
3238 4302 3286 4348 et
3312 4300 3362 4349 in
3390 4300 3613 4349 Antholo·

436 4372 714 4420 tentatum:
753 4368 958 4419 Meinek.
988 4382 1034 4429 p.
1074 4372 1158 4418 146
1199 4368 1322 4430 conj.
1351 4370 1594 4428 κρατέων(
1614 4382 1643 4415 a
1681 4369 1876 4430 κρατὺς)
1911 4371 1989 4418 vel
2076 4374 2152 4435 gia
2179 4386 2265 4433 per
2294 4370 2543 4432 interjecta
2571 4369 2665 4419 alia
2700 4368 2933 4429 sejunctis
2961 4368 3089 4417 idem
3118 4369 3417 4431 conspicitur
3442 4383 3611 4424 nexus,

437 4446 688 4504 κρατερῶν,
715 4459 739 4481 «ι
767 4438 901 4501 quod
924 4438 1140 4487 robustae
1179 4451 1354 4487 manus
1380 4438 1628 4501 epitheton
1664 4442 1738 4487 est
1762 4453 1840 4502 ap.
1874 4439 1989 4489 Pin-
2030 4442 2034 4495 Ξ
2075 4456 2123 4490 v.
2154 4440 2357 4489 (licenda
2387 4440 2449 4488 ad
2468 4442 2579 4500 vll,
2608 4454 2691 4502 ep.
2724 4444 2831 4499 707,
2854 4446 2897 4488 2.
2930 4459 2953 4481 ιι
2976 4438 3064 4487 His
3081 4438 3309 4488 omnibus
3332 4440 3615 4501 probabilius

438 4511 642 4568 darum;
669 4530 690 4551 n
733 4507 1128 4557 Schneidewinus
1160 4510 1417 4569 στιβαρῶν,
1455 4511 1673 4571 Ungerns
1717 4512 1988 4573 εὐρώστων,
2030 4502 2034 4609 ἰ
2077 4514 2152 4561 est
2177 4510 2311 4572 quod
2343 4511 2564 4570 Ungerus
2590 4509 2753 4570 posuit
2777 4513 2815 4558 Δ
2834 4513 2903 4571 ᾷο
2920 4524 2938 4564 ς
2954 4546 2965 4567 ,
2984 4509 3213 4558 Cretense
3232 4522 3431 4569 nomen,
3449 4510 3508 4559 de
3526 4523 3617 4570 quo

439 4580 687 4661 Heckerus
717 4582 905 4641 βοιθέων
932 4580 1118 4629 νοὶἀπ’
1139 4580 1386 4641 ἐμῦριῦέων
1411 4600 1422 4628 :
1445 4594 1557 4642 quae
1583 4582 1746 4630 omnia
1764 4585 1821 4632 ut
1845 4584 1991 4647 aptis·
2076 4580 2269 4642 copiose
2296 4577 2525 4627 disseruit
2552 4578 2701 4627 stud.
2729 4580 2788 4638 X,
2816 4579 2963 4627 etiam
2994 4578 3087 4627 hoc
3116 4582 3348 4628 annotans
3386 4580 3612 4643 argutius

440 4652 581 4711 sima,
609 4654 678 4699 ita
703 4650 915 4708 incerta:
943 4649 1027 4699 sed
1049 4652 1237 4698 certum
1255 4650 1388 4712 quod
1418 4650 1547 4699 idem
1578 4652 1822 4702 Heckerus
1850 4656 1989 4703 resti·
2030 4620 2033 4686 i
2076 4655 2245 4715 aptum
2288 4648 2439 4699 videri
2481 4649 2731 4698 vocabulis
2774 4651 3002 4713 λιθοεργόν
3038 4652 3087 4697 et
3124 4651 3267 4711 ταχὺν
3308 4650 3473 4711 ἄνδρα,
3508 4647 3614 4709 quia

437 4723 535 4772 tuit
560 4722 600 4783 Ῐ,
631 4732 680 4782 p.
710 4724 788 4781 71,
820 4721 969 4783 ἆμμαι
985 4757 998 4780 ,
1019 4718 1081 4768 ab
1103 4720 1237 4768 ἅπτω
1254 4758 1266 4779 ,
1291 4742 1312 4763 «
1335 4734 1448 4769 nam
1479 4722 1528 4770 in
1555 4722 1700 4784 ἄημαι
1727 4723 1921 4773 Codicis
1945 4728 1989 4774 H
2029 4721 2034 4794 ἱ
2075 4723 2200 4776 λαιός
2226 4720 2288 4769 sit
2316 4721 2430 4769 avis
2462 4732 2637 4767 nomen
2658 4717 2882 4767 saxatilis.
2913 4744 2975 4753 —-
3001 4723 3029 4767 3
3053 4720 3245 4779 τριπλόοι
3271 4725 3377 4779 γυῖα
3410 4717 3616 4767 ediderat

439 4791 564 4841 male
589 4790 772 4852 pictum
801 4803 890 4852 pro
924 4789 1128 4852 genuina
1159 4790 1300 4838 litera
1336 4794 1399 4839 M.
1432 4790 1605 4840 '11602t
1634 4795 1827 4853 autem,
1859 4797 1989 4844 recte
2075 4791 2309 4841 Reiskius.
2332 4816 2397 4825 —-
2416 4794 2447 4839 4
2473 4791 2763 4851 γραψαμένος
2798 4793 2817 4850 (
2834 4788 2953 4849 sic)·
2977 4790 3096 4846 δήεις
3121 4788 3301 4839 Codex.
3332 4809 3353 4831 «
3374 4789 3495 4838 Hinc
3512 4787 3613 4835 Sui-

437 4862 626 4911 dictum
649 4859 710 4910 de
732 4858 875 4910 hasta
899 4872 972 4922 ep.
1001 4865 1085 4909 123
1105 4862 1154 4909 et
1183 4859 1310 4920 alibi,
1337 4860 1450 4909 ferri
1483 4874 1579 4909 non
1609 4865 1770 4924 potest
1801 4864 1862 4913 de
1891 4863 1991 4926 ely·
2077 4861 2200 4911 das:
2229 4862 2368 4917 δήεις·
2406 4862 2629 4921 εὑρήσεις.
2670 4858 2832 4908 Malim
2860 4863 3031 4916 ζητεῖς,
3069 4860 3341 4923 postulante
3368 4857 3607 4908 sententia.

437 4946 546 4994 peo,
575 4931 786 4993 quivult
817 4932 1055 4979 ἅπτεσθαι.
1093 4930 1234 4987 Quod
1267 4930 1620 4979 restituendum
1648 4932 1792 4981 etiam
1815 4932 1862 4981 in
1893 4932 1988 4995 epi·
2077 4930 2171 4981 Sed
2219 4930 2371 4980 multo
2414 4930 2615 4992 praestat
2654 4929 2930 4992 conjectura
2966 4928 3249 4992 [Tyrwliitti
3288 4932 3337 4980 et
3386 4926 3609 4987 aliorum]
