3829 5747
1230 232 1304 291 {N
1350 233 1597 294 CAPUT
1639 235 1741 295 VlI
1782 236 2238 299 ANNOTATIO.

136 364 405 420 Ἀθηναῖον.
433 388 491 398 --
540 365 557 410 ί
596 361 753 424 κόνιν;
780 363 811 420 ἢ
848 363 912 418 εἷς
951 379 1005 411 σε
1046 362 1113 418 τίς
1144 363 1264 415 cod.
1321 365 1708 429 improbabiliter

136 433 286 482 flecti.
318 433 353 492 ἦ
386 432 495 489 'ces'
522 451 606 490 τις.
626 435 683 482 In
701 435 743 482 N
761 435 813 483 et
836 435 879 482 H
904 431 1073 483 vicinis
1091 434 1359 497 soepissinie
1382 436 1634 486 turbatum
1654 438 1707 487 in

136 503 399 552 veteribus
444 502 608 564 libris,
648 505 707 552 ut
733 517 848 553 mox
885 516 964 566 ep.
1003 509 1111 562 630,
1148 511 1203 564 2·,
1226 517 1303 568 ep.
1326 509 1435 565 668,
1459 509 1572 565 1‚et
1593 507 1706 557 alibi

138 575 435 625 sexcenties,
474 600 536 610 -
576 579 607 624 3
648 575 801 631 νηλέες
848 573 981 623 Plan.
1025 575 1075 622 et
1125 567 1255 622 cedi
1284 589 1314 624 a
1350 588 1423 638 pr.
1466 590 1553 637 m.‚
1595 590 1707 639 quai

142 648 294 701 νὴλεις
322 644 441 693 inde
460 643 653 692 efficere
670 643 863 693 volebat
886 646 936 693 et
956 644 1296 708 superscripsit
1312 648 1470 704 νηλεισ
1489 664 1560 696 es.
1590 650 1708 697 Hec-

140 715 238 765 ker.
267 718 429 772 νηλεῖς
470 714 546 763 vel
575 714 762 770 νηλέεις.
804 718 856 763 ln
886 714 983 764 fine
1010 714 1131 764 Cod.
1164 717 1269 764 οὐδὲ
1298 717 1345 764 ἐν
1379 718 1524 780 ᾅδου,
1570 719 1702 767 Plan.
1748 727 1754 740 ·

140 787 275 836 οὐδὲν
296 787 347 835 ἐν
368 786 507 848 ᾀδου.
536 783 750 847 Scaliger
773 785 919 833 οὐδενὶ
942 784 1125 833 αἰδὼδ.
1143 787 1417 837 Brunckius
1440 787 1544 837 οὐδὲ
1563 789 1610 837 ἓν
1629 791 1704 837 ‹21-

142 858 211 905 δοῖ
247 857 442 914 δόντες,
477 853 613 916 quod
661 854 723 904 ab
764 855 992 904 omnibus
1036 860 1302 918 receptum.
1348 861 1515 921 Inepte
1551 859 1703 909 schol.

140 925 314 976 Wech.
350 945 365 973 ι
392 927 510 980 ἴσως
536 925 709 986 εἶδαρ
740 925 787 973 έν
834 926 965 988 ᾅδου.
995 925 1193 983 Πάντως
1214 945 1257 974 τι
1280 933 1489 986 τοιοῦτον,
1506 935 1631 977 ·νοεί”
1659 931 1707 977 δὲ

144 1001 193 1046 τὸ
226 999 450 1046 κώνειον.
473 998 567 1046 Τὸν
595 997 784 1058 ἄριστον
804 996 1065 1056 ‘timebam-2,
1092 1000 1151 1046 ut
1172 997 1222 1046 in
1250 1001 1365 1047 noto
1388 1012 1535 1048 versu
1565 999 1707 1048 Euri-

142 1067 269 1130 pidis
284 1104 297 1128 ,
341 1081 497 1128 quom
542 1068 843 1129 spectatores
882 1065 945 1116 ad
990 1071 1238 1116 Socratem
1281 1068 1580 1128 referebant,
1626 1083 1704 1132 ap.

145 1139 281 1201 Diog.
326 1139 493 1187 laert.
536 1138 601 1196 ΙΙ,
632 1140 693 1186 44
723 1139 775 1186 et
800 1137 930 1186 alibi.
966 1167 1028 1178 -
1063 1142 1091 1186 4
1125 1137 1197 1188 sic
1234 1139 1390 1200 Plan,
1421 1140 1508 1189 sed
1540 1140 1705 1189 Codex

142 1210 291 1263 δόντες
321 1212 369 1257 ot
407 1213 673 1256 τοσσοῦτοι.
706 1209 770 1256 Δι’.
808 1207 987 1256 fortius
1014 1207 1197 1270 aliquid
1228 1222 1377 1270 quarn
1407 1209 1707 1272 planudeum

144 1278 327 1341 requiri
366 1277 656 1327 observavit
696 1269 983 1339 Jacobsius,
1038 1279 1123 1340 qui
1171 1279 1221 1327 in
1265 1281 1432 1328 nostro
1482 1279 1710 1342 exemplo

148 1349 343 1412 scripsit
382 1369 395 1396 ι
431 1367 455 1390 οι
482 1350 615 1396 Fort.
647 1348 963 1397 ὁνοστότατοι.
994 1369 1017 1391 υ
1050 1351 1106 1398 ln
1138 1348 1345 1398 eandem
1379 1349 1707 1410 conjecturam

146 1425 313 1482 postea
337 1417 515 1467 incidit
540 1418 792 1468 Heckerus
808 1455 822 1478 ,
856 1417 1041 1467 addens
1070 1438 1083 1466 :
1107 1437 1141 1461 a:
1167 1420 1431 1468 Proeseram
1456 1421 1619 1468 tamen
1644 1418 1707 1468 le-

146 1491 329 1538 niorem
358 1489 754 1538 emendationem
788 1508 800 1536 :
824 1487 1027 1538 ὀνόσσου
1063 1506 1135 1538 τοι
1174 1489 1370 1538 πολλάκι
1404 1488 1707 1550 Κεκροπίδας.

147 1557 519 1608 Atheniensium
548 1557 805 1607 stultitiam
833 1558 1173 1620 unusquisque
1196 1556 1545 1621 reprehendet3
1574 1560 1625 1606 et
1649 1559 1704 1606 tu

148 1632 275 1677 certe
301 1625 493 1689 saepius
522 1639 609 1676 eos
630 1626 908 1690 objurgasti.
940 1647 963 1670 n
986 1629 1109 1684 Quae
1134 1626 1374 1689 posterius
1396 1625 1568 1675 merito
1594 1626 1709 1688 reje-

149 1697 269 1748 cisse
294 1697 519 1746 videtur.

207 1835 447 1883 DCXXX.
471 1834 673 1880 Lemma
712 1851 723 1880 z
756 1831 828 1880 ὅτι
854 1833 909 1880 οὐ
936 1832 1007 1880 δεῖ
1028 1832 1174 1891 λέγειν
1212 1831 1441 1892 ἀνθρώπῳ
1466 1831 1523 1878 τὸ
1544 1829 1702 1892 αὔριον

152 1907 333 1965 ποιήσω
358 1906 417 1954 τὸ
436 1906 517 1952 καὶ
544 1905 600 1952 τό
615 1921 628 1933 ·
648 1903 815 1960 ἄδηλον
834 1904 923 1964 γὰρ
937 1907 1071 1951 τοῦτο
1090 1902 1170 1950 καὶ
1193 1901 1450 1962 ἄγνωστον,
1473 1903 1539 1956 ὡς
1558 1902 1586 1948 ὁ
1612 1917 1701 1949 πα-

154 1979 237 2024 θὼν
278 1976 576 2037 μαρτύρεται.
622 1974 745 2021 Nam
782 1975 808 2020 ό
836 1973 999 2021 παθὼν
1035 1971 1139 2034 ipse
1179 1969 1414 2031 loquitur.
1450 1969 1709 2032 Appictum

154 2045 281 2107 siffis
310 2047 553 2107 εὼραῐον,
578 2044 831 2105 χρήσιμον.
866 2068 927 2076 -
959 2046 1001 2090 1.
1038 2060 1061 2082 α
1094 2039 1172 2088 sic
1198 2038 1370 2102 Eurip.
1408 2039 1537 2089 Med.
1573 2044 1656 2088 101
1692 2059 1705 2088 t

156 2119 216 2175 μή
247 2115 475 2170 nemo-m?
504 2113 713 2175 ὄμματος
748 2111 901 2174 ἐγγύς.
929 2110 1159 2174 Agathias
1182 2111 1244 2158 xl
1264 2146 1277 2169 ‚
1304 2122 1381 2172 ep.
1408 2113 1519 2169 372,
1542 2115 1571 2158 2
1603 2128 1616 2156 ε
1644 2111 1707 2171 μή

154 2202 259 2235 ποτε
286 2186 527 2246 Θαρσήσῃς
554 2183 666 2246 ἄγχι
689 2184 808 2238 τινὸς
826 2181 1044 2231 πελάσαι.
1073 2199 1097 2222 ³³
1122 2179 1280 2230 Beck.
1316 2206 1379 2214 —
1402 2187 1430 2229 2
1455 2179 1709 2238 δυσπλοΐην

158 2255 257 2316 (sic)
286 2254 410 2303 cod.
446 2251 603 2302 Valde
640 2249 957 2314 probabiliter
992 2250 1240 2299 Heckerus
1279 2249 1537 2309 δυσπνοΐη,
1572 2252 1625 2298 et
1646 2249 1709 2298 ob

154 2326 437 2376 sententiam
450 2360 463 2382 ‚
480 2325 531 2373 et
552 2323 743 2372 literam
758 2335 790 2370 a
804 2320 931 2371 serie
954 2320 1179 2370 alienam.
1196 2322 1255 2368 V.
1284 2318 1349 2368 ad
1368 2333 1445 2383 ep.
1463 2324 1573 2382 640,
1595 2325 1709 2370 3.-

156 2401 181 2444 4
192 2398 441 2459 κατέτρυχε
461 2393 584 2444 cod.
597 2393 789 2442 Leviter
800 2395 849 2441 et
859 2389 1214 2440 inconsiderate
1228 2390 1538 2452 pronuntiato
1556 2390 1707 2440 verbo

156 2466 457 2515 confidentiae
482 2463 683 2527 pleniori
708 2463 863 2512 t‘atum
888 2475 1033 2511 suum
1054 2461 1241 2510 tribuit.
1272 2488 1333 2497 —
1364 2467 1413 2511 5.
1442 2461 1598 2520 Λόγον
1624 2462 1706 2510 τόν

158 2537 323 2598 αὔριον,
358 2547 639 2584 sermonem
676 2531 764 2595 qui
807 2531 927 2581 dicit
962 2543 1079 2580 cras
1122 2530 1327 2591 (faciam
1362 2530 1441 2580 vel
1480 2531 1616 2592 ero).
1643 2555 1706 2567 —

159 2612 199 2654 u.
229 2605 371 2664 Quod
396 2604 452 2654 in
473 2603 629 2654 Niobe
645 2600 903 2652 ostendere
928 2603 1095 2650 amant
1112 2599 1165 2648 hi
1186 2602 1361 2662 poetoe.

214 2745 467 2794 Dcxxxl.
496 2745 697 2792 Lemma
728 2755 741 2784 τ
774 2743 838 2797 εἰς
864 2741 1050 2801 Δίφιλον
1073 2741 1175 2788 υἱὸν
1208 2740 1455 2799 Διογένους
1478 2739 1707 2799 ναυαγὸν,

162 2815 232 2862 τὸν
254 2815 503 2869 Μιλήσιον.
533 2817 631 2860 ——1
661 2812 804 2875 ὅρμον
837 2810 1073 2859 omissum
1099 2810 1148 2858 in
1176 2807 1319 2869 cod„
1353 2810 1489 2859 Plan.
1516 2808 1711 2872 supple-

164 2884 243 2934 vit.
283 2888 467 2934 Notum
504 2886 581 2933 est
624 2882 837 2932 Milesios
866 2880 1105 2931 Phoebum
1131 2881 1377 2944 praecipuo
1413 2879 1596 2929 bonore
1624 2892 1709 2929 co-

162 2955 315 3005 luisse.
345 2982 411 2992 —
438 2959 466 3004 4
485 2952 713 3015 πελάγους
733 2954 866 3003 Plan.

218 3086 493 3133 DCXXXU.
523 3085 721 3132 Lemma
742 3102 755 3131 ι
773 3084 837 3138 εἰς
859 3082 1045 3131 παιδίον
1064 3082 1379 3137 έξολισθεῖσαν
1410 3078 1709 3143 (pro-officum)

169 3153 253 3201 ἀπὸ
278 3155 522 3215 κλῑμακος.
554 3156 615 3203 Et
640 3166 691 3203 m
714 3166 842 3202 nova
872 3152 1047 3217 pagina
1074 3172 1087 3201 ι
1124 3156 1186 3209 εἷς
1213 3153 1397 3201 παιδίον
1442 3154 1586 3201 πεσὸν
1616 3152 1711 3201 ἀπὸ

169 3226 379 3287 κλίμακος
404 3226 487 3273 καὶ
516 3224 673 3274 θανόν.
699 3242 723 3267 «ι
757 3226 827 3272 De
854 3236 1006 3286 puero
1029 3236 1203 3282 verna,
1236 3222 1355 3284 qui,
1380 3221 1442 3271 de
1470 3222 1601 3271 scala
1620 3220 1708 3271 de-

170 3294 327 3358 lapsus
342 3335 354 3356 ‚
388 3295 605 3344 moriens
642 3294 806 3344 adhuc
841 3294 959 3343 hero
997 3294 1175 3343 amoris
1210 3294 1290 3343 sui
1315 3292 1713 3356 significationem

168 3364 369 3415 dederat.
384 3393 450 3401 —-
466 3372 513 3415 2.
534 3366 726 3428 Καίριον
743 3365 1034 3429 ἀστράγαλον
1049 3401 1063 3423 ,
1082 3364 1355 3413 vertebram
1374 3400 1387 3423 ‚
1407 3364 1549 3426 cujus
1573 3362 1710 3413 loesio

166 3434 323 3484 letalis.
354 3436 500 3486 Cous.
528 3438 670 3485 Hom.
692 3435 750 3485 11.
782 3439 843 3497 θ,
876 3440 953 3494 81,
985 3439 1095 3485 324.
1118 3458 1179 3469 --
1209 3440 1255 3483 3.
1281 3436 1517 3494 Δινηθεὶς,
1538 3436 1595 3482 ut
1614 3432 1709 3483 od.

170 3510 218 3565 Χ,
249 3514 303 3557 82
349 3528 361 3555 :
393 3506 610 3556 κάππεσε
649 3506 860 3565 δινηθείς.
899 3526 923 3549 υ
950 3509 1067 3556 lac.
1104 3503 1289 3553 Deinde
1322 3502 1441 3552 Cod.
1486 3504 1538 3552 et
1572 3503 1709 3552 Plan.

170 3578 256 3625 ἐπεὶ
271 3579 341 3626 i&
369 3580 495 3625 θεῖον
535 3576 609 3625 ἄν.
646 3574 941 3624 particulam
974 3576 1013 3623 δ’
1047 3572 1234 3623 addidit
1254 3575 1380 3631 Jac„
1406 3574 1463 3621 ut
1486 3570 1713 3634 equidem

170 3647 396 3705 existimo,
416 3646 707 3696 necessitate
726 3645 861 3694 nulla
879 3662 893 3705 ;
920 3644 1006 3694 sed
1025 3647 1155 3693 recte
1180 3646 1348 3693 tuetur
1370 3644 1489 3690 Θεῖον
1512 3643 1709 3704 avana,

172 3716 225 3764 de
258 3722 461 3779 patrono
496 3715 683 3765 dictum
718 3728 775 3764 ex
816 3718 977 3765 mente
1020 3718 1072 3764 et
1112 3726 1334 3763 sermone
1361 3726 1524 3761 verna>
1554 3712 1707 3775 pueri.

170 3788 305 3837 Boiss.
332 3808 345 3836 -.
371 3808 394 3829 ιι
420 3788 525 3837 Non
547 3785 807 3835 videbatur
825 3784 929 3849 ipso
952 3784 1165 3834 Diodoro
1182 3783 1303 3833 hero
1320 3783 1565 3845 loquente,
1588 3786 1711 3831 θεῖον

170 3858 271 3906 ferri
298 3871 458 3921 posse.
491 3856 680 3907 idcirco
703 3857 863 3919 recepi
891 3854 1120 3905 Brunckii
1143 3853 1400 3903 lectionem
1420 3854 1519 3901 ἐπεὶ
1538 3853 1574 3901 δ’
1596 3852 1709 3901 ἴδεθ’

170 3926 230 3973 εΙο
256 3927 447 3975 ἄνακτα.
486 3946 510 3968 υ
545 3952 608 3961 -
632 3934 679 3975 ο.
730 3926 882 3987 Κόραξ
923 3937 1099 3973 nomen
1124 3921 1257 3971 haud
1282 3922 1583 3983 infrequens.
1612 3920 1711 3970 Ab·

170 3996 303 4045 surde
330 3996 547 4059 Scaliger
570 4011 583 4043 t
611 3997 829 4055 κόλακος,
855 4014 877 4035 «ι
902 3996 977 4042 διὰ
998 3996 1051 4042 τὸ
1088 3994 1303 4042 ἐκτείνειν
1338 3993 1590 4056 ἐρχομένου
1624 3996 1708 4041 τοῦ

170 4064 385 4116 δεσπότου
410 4068 458 4115 έν
475 4073 543 4129 τῷ
565 4066 779 4118 Θνήσκειν
798 4065 879 4120 τὰς
906 4069 1075 4128 χεῖρας.
1105 4083 1130 4107 n

224 4198 520 4248 Dcxxxul.
551 4199 753 4247 Lemma
774 4217 786 4247 :
808 4199 874 4254 εἰς
898 4199 1096 4255 Σελήνην
1124 4198 1228 4246 τινὰ
1250 4203 1447 4257 γυναῖκα
1464 4198 1711 4259 ὁμώνυμον

172 4269 345 4325 σελήνης
367 4268 429 4317 δι’
452 4268 707 4331 ὓπερὸολήν
740 4269 952 4325 κάλλους.
989 4295 1047 4304 -
1088 4274 1106 4317 ¹
1143 4270 1223 4317 καὶ
1262 4268 1380 4326 αὐτὴ
1414 4269 1522 4330 ἤχλ.
1555 4266 1705 4331 cod.;

173 4340 305 4397 καύτὴ
338 4340 397 4395 δὴ
431 4340 472 4401 ῥ’
496 4340 605 4401 ἠχλ.
641 4338 844 4388 Salmas.
872 4342 923 4388 et
952 4338 1251 4396 Brunckius;
1272 4338 1354 4387 καί
1390 4340 1428 4402 ῥ’
1452 4340 1570 4396 αὐτὴ
1597 4340 1710 4402 ῆχλ.

174 4408 369 4467 Jacobs„
380 4408 465 4470 qui
482 4426 514 4465 η
531 4408 743 4457 duorum
759 4410 1152 4459 concurrentium
1166 4408 1384 4471 exempla
1393 4422 1450 4458 ex
1464 4408 1714 4472 Apollonio

178 4474 256 4524 nh.
293 4478 447 4527 affert.
487 4476 649 4526 Etiam
689 4477 897 4527 alterum
940 4478 1130 4528 hiatum
1173 4478 1361 4529 serebat
1394 4478 1625 4529 Geistius.
1649 4506 1713 4517 —·

174 4552 197 4593 2
219 4548 285 4595 ἑὸν
309 4547 429 4598 cod.
456 4566 480 4590 «ι
514 4547 634 4597 Vult
664 4548 797 4599 haud
836 4548 1011 4611 dubie,
1041 4553 1229 4599 Lunam
1256 4564 1311 4599 se
1338 4550 1539 4614 caligine
1565 4554 1617 4601 et
1638 4553 1711 4601 te-

174 4616 317 4667 nebris
356 4616 571 4678 texisse‚
593 4620 651 4667 ut
696 4618 890 4668 luctum
907 4656 922 4679 ,
946 4620 998 4668 in
1029 4619 1123 4669 dea
1165 4633 1285 4670 non.
1305 4621 1425 4671 satis
1450 4620 1712 4683 decorum,

175 4686 345 4737 celaret.
360 4718 421 4731 -
452 4695 481 4737 5
507 4688 637 4745 κείνη
668 4688 790 4739 cod.
824 4689 1057 4739 pulchros
1086 4689 1409 4753 pulchrasque
1431 4706 1547 4740 cum
1570 4694 1709 4741 Luna

176 4768 433 4819 comparare
476 4757 633 4807 solent
657 4760 841 4821 poetae,
861 4760 963 4822 jam
986 4758 1037 4807 in
1066 4760 1241 4822 Hymn.
1270 4761 1415 4809 Hom.
1444 4760 1493 4809 in
1530 4763 1711 4810 Vener.

180 4830 243 4883 89,
272 4840 345 4889 ap.
382 4830 626 4877 Mus-‘eum
662 4835 742 4891 55,
771 4828 857 4879 ubi
898 4843 945 4878 v.
978 4829 1223 4879 Heinrich.
1251 4843 1300 4892 p.
1330 4836 1385 4881 ul
1409 4844 1511 4893 seq.
1546 4851 1569 4874 υ
1594 4832 1711 4881 Jac.

232 4966 519 5019 Dcxxxlv.
542 4971 744 5019 Lemma
776 4990 787 5019 ε
812 4972 875 5026 εἰς
908 4970 1102 5032 γέροντα
1128 4969 1400 5033 νεκροφόρον
1425 4968 1711 5030 βαστάζοντα

180 5033 245 5081 τὸν
260 5035 481 5096 κρὶὸατον
502 5039 579 5085 καὶ
606 5038 897 5094 ἐξολισθὲντα
915 5038 1196 5097 τεθνηκότα.
1239 5068 1293 5079 -
1328 5046 1355 5087 2
1395 5040 1521 5087 ἔνδον
1562 5036 1703 5095 emh

3227 251 3344 310 493

1796 369 1974 420 ἔνδοθεν
1991 371 2147 431 Plan..
2162 371 2292 434 quod
2313 373 2492 436 recepit
2512 373 2688 432 Boiss.;·
2705 376 2893 437 ὠμαδὸν
2911 377 3116 440 conjecit
3129 380 3344 438 Jacobs..

1796 439 1885 489 sed
1926 439 2177 492 lleckerus
2201 445 2436 504 ἐγκλιδὸν,
2471 463 2494 486 ιι
2523 444 2585 494 de
2612 459 2712 507 quo
2737 447 2978 497 vocabulo
3008 463 3173 500 semem
3202 465 3347 500 onere

1795 513 2049 572 gravatum
2072 512 2249 562 eximie
2273 513 2413 563 nobis
2440 519 2816 576 repraesentante
2837 517 3091 582 dixit-lac.
3110 520 3174 570 ad
3194 523 3345 572 Palat.

1795 594 1845 642 p.
1876 585 1979 631 110.
2006 603 2028 624 υ
2054 608 2116 617 -
2135 587 2180 632 3.
2199 603 2222 626 α
2253 585 2326 639 Ἐξ
2345 585 2520 644 ὀλίγοιο
2534 622 2547 644 ,
2567 587 2962 650 quandoquidem
2980 593 3155 654 σμικρὰ
3172 593 3350 642 παλαιὰ

1796 653 1979 715 σώματ’
1997 654 2172 711 εὐνάζει
2204 656 2342 718 ῥοπή,
2365 654 2513 718 soph.
2539 656 2654 706 OEd.
2677 660 2733 707 Τ.
2759 664 2879 718 954;
2905 661 2991 710 ubi
3017 661 3150 724 quod
3183 663 3348 725 sequi·

1798 725 1897 783 tur,
1921 725 2002 772 καὶ
2026 731 2095 786 τῷ
2115 731 2280 789 μακρῷ
2308 742 2361 786 γε
2380 731 2782 792 συμμετρούμενος
2810 731 3042 794 χρόνῳ...,
3061 733 3246 796 optime
3267 747 3344 782 re-

1796 792 2005 856 spondet
2021 794 2185 844 verbis
2203 795 2260 854 ἦν
2279 797 2367 858 γὰρ
2385 797 2568 860 ἕτοιμος
2588 800 2650 854 εἰς
2664 799 2819 857 ἀΐδην.
2839 827 2902 837 -
2920 808 2946 849 lo
2961 802 3188 866 πρόφασις
3205 804 3348 864 cod„

1796 862 2009 911 correxit
2049 864 2183 912 Plan.
2223 865 2456 915 Senectus
2493 870 2746 918 externam
2785 869 3032 930 quandam
3072 885 3270 922 causam
3299 877 3352 924 et

1794 933 1932 981 velut
1957 936 2258 995 praetextum
2289 936 2571 1001 quaerebat,
2590 951 2690 1000 quo
2715 939 2852 989 illum
2876 939 2939 989 ad
2966 941 3148 991 inferos
3178 944 3350 1006 praeci·

1795 1003 1987 1065 pitaret.
2025 1024 2048 1046 ε»
2087 1007 2200 1054 Jac.
2238 1005 2378 1054 Conf.
2404 1006 2539 1056 locos
2571 1008 2632 1057 ab
2658 1010 2806 1059 Heck.
2834 1011 3064 1061 collectos
3087 1016 3140 1074 1,
3177 1027 3226 1076 p.
3255 1018 3348 1064 308

1794 1084 1895 1134 seq.
1918 1099 1981 1110 -
2012 1081 2039 1124 5
2061 1074 2131 1124 sic
2163 1076 2317 1136 Plan.;
2339 1078 2419 1127 τὸν
2443 1078 2483 1126 δ’
2503 1079 2654 1135 ἄλλοις
2686 1083 2738 1130 et
2761 1081 2898 1136 αὐτὸς
2916 1081 2989 1130 ἐπ’
3011 1083 3140 1145 αὐτῷ
3155 1083 3348 1144 Code1;

1793 1145 1873 1191 τὸν
1894 1145 2121 1198 servabat
2138 1147 2313 1205 Boiss.;
2335 1147 2542 1198 alterum
2567 1153 2758 1213 poterat
2783 1151 2982 1202 rectius.
3009 1156 3351 1214 Νεκυοστόλον,

1794 1211 1897 1260 scil.
1930 1213 2163 1273 ἀσκάντην
2178 1252 2196 1274 ,
2232 1223 2290 1266 ut
2323 1230 2417 1267 nou
2457 1218 2522 1268 sit
2553 1221 2825 1270 necessaria
2854 1224 3091 1274 correctio
3125 1225 3350 1288 scaligeri

1792 1287 2111 1347 vezuooro').o;,
2132 1299 2255 1337 voce
2281 1301 2311 1337 a
2328 1287 2574 1338 Charonte
2601 1288 2666 1338 ad
2691 1291 3008 1355 vespillonem
3027 1295 3277 1344 translata.

1856 1437 2128 1486 Dcxxxv.
2159 1439 2358 1488 Lemma
2387 1452 2400 1480 ‘-
2448 1446 2532 1489 τοῦ
2563 1441 2706 1491 αὐτοῦ
2741 1442 2914 1502 ὁμοίως
2949 1445 3014 1499 εἰς
3051 1445 3354 1508 ’Ῑιροκλείὃην

1794 1507 1930 1556 ἁλιέα
1959 1505 2156 1556 θανόντα
2169 1543 2182 1567 ,
2201 1508 2254 1556 ὃν
2274 1509 2567 1560 κατέκαυσαν
2585 1511 2774 1572 (-αυσεν
2793 1512 2938 1574 cod.)
2958 1515 3044 1563 οὖν
3061 1519 3118 1576 τῇ
3137 1515 3233 1578 ἰδίᾳ
3251 1516 3346 1572 νηΐ.

1792 1578 1849 1627 In
1885 1577 2021 1644 Plau.
2063 1579 2246 1628 Maecio
2287 1580 2535 1631 tribuitur.
2571 1586 2923 1646 Argumentum
2949 1586 3172 1636 certatim
3209 1588 3340 1636 trac-

1792 1650 1951 1698 tatum
1975 1647 2038 1697 ab
2062 1651 2268 1699 Etrusco
2291 1663 2368 1713 ep.
2401 1657 2519 1712 381,
2547 1651 2743 1701 Juliano
2781 1654 2886 1715 AEg.
2919 1667 2995 1716 ep.
3027 1661 3136 1713 585,
3165 1653 3350 1704 Addoeo

1794 1731 1871 1779 ep.
1900 1722 2011 1777 305,
2047 1731 2161 1781 quae
2187 1721 2422 1771 conseras.
2446 1747 2509 1757 —
2545 1729 2590 1770 2.
2617 1723 2828 1780 Σύνοδον,
2857 1722 2976 1785 adj„
3006 1725 3234 1773 comitem
3270 1737 3353 1774 so-

1795 1787 2024 1850 ciamque
2048 1789 2254 1839 itineris.
2280 1815 2341 1826 -
2365 1795 2394 1839 3
2425 1791 2482 1840 οὗ
2516 1809 2583 1846 τις
2611 1793 2788 1849 ἐκεῖνος
2820 1792 2964 1854 cod.‚
2984 1793 3261 1857 depravate.
3295 1821 3356 1832 —

1795 1863 1823 1906 5
1858 1860 2115 1921 πονευμένη
2139 1859 2283 1920 Cod.,
2317 1879 2342 1903 e<
2373 1865 2425 1910 et
2461 1865 2594 1911 recte
2618 1863 2792 1924 cymba
2821 1877 2918 1912 non
2945 1863 3107 1913 minus
3135 1863 3350 1914 laborare

1794 1925 1976 1977 'dicitur
2012 1941 2158 1991 quam
2198 1930 2424 1992 piscator.
2465 1951 2488 1974 ν
2515 1934 2631 1981 Jae.
2665 1932 2926 1982 Planudeae
2959 1932 3072 1983 edd.
3101 1937 3222 1983 vett.
3251 1952 3340 1984 πο-

1793 2001 2056 2060 νησαμένη,
2085 2000 2378 2051 recentiores
2422 2003 2718 2063 πονεύμενον.
2765 2001 2928 2053 Schol.
2973 2003 3146 2053 Weeh.
3195 2004 3344 2054 affert

1794 2067 2082 2118 varietatem
2107 2071 2408 2133 πονησαμένη
2433 2073 2481 2121 δὲ
2507 2073 2717 2122 θανόντα.
2751 2098 2811 2109 -
2837 2081 2866 2122 o
2890 2074 3020 2136 ἄχρις
3046 2074 3188 2122 ἀΐδεω
3210 2073 3350 2135 cod„

1795 2138 2009 2187 correxit
2031 2139 2248 2200 Jacobs„
2279 2141 2390 2190 coll.
2415 2155 2493 2204 ep.
2525 2146 2616 2192 645
2643 2145 2694 2192 et
2718 2143 2802 2203 al.;
2835 2144 2966 2207 ἄχρις
2993 2144 3038 2200 ἐς
3077 2143 3220 2193 ἀΐδεω
3243 2144 3349 2194 Sal-

1794 2219 1950 2270 mas-3
1979 2210 2086 2272 ἄχρι
2111 2213 2190 2259 καὶ
2219 2212 2283 2266 εἰς
2305 2212 2440 2270 ἀῐόην
2471 2213 2606 2263 Plan.

1859 2359 2152 2410 Dcxxxvl.
2187 2363 2386 2410 Lemma
2428 2375 2440 2403 2
2477 2361 2541 2416 εἷς
2577 2377 2683 2409 τινα
2719 2361 3050 2422 ναυαγήσαντα
3085 2362 3166 2409 καὶ
3200 2375 3352 2421 μακα-

1795 2429 1978 2491 ρίζοντα
2002 2430 2107 2480 τοὺς
2148 2431 2420 2493 ὸριπλάνους
2451 2432 2690 2494 ποιμένας.
2712 2431 2831 2481 Levi
2863 2432 2926 2481 de
2959 2445 3109 2481 causa
3140 2432 3358 2482 Geistius

1795 2511 1893 2549 non
1928 2512 2038 2549 esse
2064 2499 2340 2563 Grinagoroe
2365 2501 2667 2564 suspicatur.
2697 2528 2760 2537 —
2790 2506 2808 2550 1
2847 2503 2888 2550 ὦ
2917 2504 3174 2564 μακάριοτε
3202 2503 3354 2551 corri-

1794 2571 1940 2633 gebat
1965 2569 2248 2620 Gerhardus
2265 2609 2278 2630 ‚
2317 2585 2418 2633 quo
2445 2572 2685 2621 sententia
2711 2571 2936 2621 carminis
2962 2572 3271 2635 pervertitur.
3292 2599 3354 2609 —

1798 2647 1843 2690 2.
1881 2659 1905 2682 «ι
1945 2642 2012 2690 Τὸ
2036 2641 2313 2701 λευκόλοφον
2333 2677 2346 2700 ,
2388 2641 2682 2691 vocabulum
2715 2641 2828 2690 alibi
2857 2656 2954 2691 non
2979 2643 3178 2692 obvium
3195 2680 3208 2704 ‚
3232 2656 3354 2705 quo-

1797 2718 1910 2760 cum
1953 2710 2178 2760 Reiskius
2222 2715 2470 2774 comparat
2513 2715 2567 2761 τὸ
2613 2714 2942 2774 λευκόπετρον,
2980 2713 3129 2762 nuda
3169 2727 3356 2778 rupes,

1800 2783 1934 2846 apud
1955 2782 2236 2846 Polybium,
2265 2781 2535 2844 significare
2572 2781 2768 2831 videtur
2794 2783 2967 2831 collem
3003 2782 3147 2842 cujus
3186 2787 3353 2834 vertex

1798 2851 2035 2904 candidus
2077 2853 2286 2911 eminet,
2318 2850 2436 2902 dum
2465 2865 2578 2915 pars
2619 2852 2818 2903 inferior
2854 2851 3005 2902 herba
3039 2852 3194 2915 viret,
3225 2871 3358 2914 ποιη·

1798 2925 1895 2985 ρόν.
1919 2943 1942 2965 ι
1963 2924 2078 2972 Jac.
2103 2922 2403 2971 Auctoritate
2431 2926 2481 2971 et
2505 2922 2721 2986 analogia
2748 2923 2879 2973 nulla
2907 2922 3222 2974 Ruhnkenius
3253 2938 3354 2975 ma-

1800 2994 1933 3044 lebat
1956 2995 1984 3042 ό
2008 2993 2299 3053 λευκόλοφος,
2329 2992 2548 3041 scribens
2564 3011 2590 3042 τ
2607 2994 2665 3042 όν
2680 2993 2722 3043 δ’
2745 2994 2834 3042 ἀνὰ
2856 2994 3152 3055 λευκόλοφον.
3177 2996 3358 3045 flecke-

1799 3074 1887 3113 rus
1900 3099 1916 3124 ,
1935 3062 2020 3113 ubi
2036 3061 2268 3125 synizesis
2289 3062 2444 3111 literoe
2460 3080 2474 3110 ι
2495 3064 2718 3125 exempla
2734 3065 2915 3113 tractat
2936 3064 3156 3124 (comm.
3182 3078 3230 3128 p.
3255 3068 3355 3125 oo),

1798 3134 1861 3184 de
1884 3135 2178 3189 λευκολόφιον
2197 3132 2497 3182 restituendo
2527 3132 2784 3195 cogitabat.
2814 3134 2990 3183 Postea
3027 3136 3213 3183 temere
3240 3134 3352 3196 reji-

1800 3203 1962 3253 ciebat
1996 3208 2133 3251 τοῦτο
2151 3240 2163 3261 ,
2195 3202 2330 3264 quod
2355 3203 2617 3265 naufragus
2655 3222 2678 3245 «
2720 3203 2769 3252 in
2806 3203 3092 3252 universum
3137 3222 3162 3246 »
3194 3204 3360 3254 laudet

1799 3273 2102 3338 pastoritiam
2127 3274 2275 3323 vitam
2307 3272 2438 3322 :imo
2462 3272 2514 3322 in
2533 3276 2800 3337 conspectu
2818 3273 2950 3323 illius
2968 3274 3112 3336 λόφου
3136 3286 3164 3322 a
3191 3277 3356 3337 pasto--

1800 3344 1937 3393 ribus
1979 3343 2277 3406 frequentati
2310 3342 2512 3406 periisse
2555 3343 2805 3407 putandus
2840 3346 2932 3394 est.
2961 3342 3111 3393 Addit
3140 3347 3307 3393 autem
3343 3365 3354 3393 :

1806 3434 1827 3455 «ι
1856 3416 2025 3475 Neque
2054 3414 2214 3477 placet
2246 3414 2547 3478 προὸατεῦειν
2575 3415 2678 3462 κατ’
2701 3414 2859 3477 οὔρεος
2876 3451 2889 3472 ,
2914 3412 3050 3474 quod
3073 3412 3315 3477 significat
3344 3435 3355 3461 :

1798 3497 1920 3533 oves
1940 3483 2003 3533 de
2030 3482 2212 3533 vertice
2237 3482 2417 3533 montis
2439 3483 2488 3532 in
2521 3482 2796 3533 inferiorem
2827 3485 3014 3547 partem
3040 3496 3197 3545 agere.
3229 3482 3354 3531 Scri·

1799 3553 2018 3604 bendum
2045 3556 2166 3616 puto
2203 3573 2216 3601 :

2234 3696 2326 3744 εῑῠε
2351 3694 2456 3742 κατ’
2477 3695 2631 3756 οὔρεος
2650 3692 2958 3757 ἑπροὸάτευον

1926 3766 2062 3824 κήγὼ
2092 3764 2287 3827 ποιηρὸν
2311 3782 2346 3813 π
2361 3764 2543 3827 ρηόνα
2565 3764 2860 3825 λευκόλοφον.
2885 3780 2910 3805 ι·

1802 3904 2178 3955 Existimandum
2203 3907 2257 3956 τὸ
2289 3906 2564 3968 λευκόὶοφον
2603 3904 2758 3955 fuisse
2786 3906 2974 3967 partem
3009 3903 3216 3961 montis,
3252 3902 3359 3965 ipso

1799 3978 1916 4040 jugo
1957 3976 2244 4026 inferiorem.
2289 4004 2350 4012 -
2392 3982 2421 4026 3
2469 3978 2696 4039 ἁγητῆρσι
2735 3976 2850 4025 ποτὲ
2896 3974 3168 4039 βληχημὲνα
3207 3974 3361 4035 βάζων

1806 4046 1949 4107 sod„
1975 4047 2105 4096 unde
2137 4045 2360 4095 Reiskius
2379 4045 2483 4094 ποτ’
2503 4046 2826 4109 ὲὸληχημένα,
2856 4042 2990 4106 quod
3011 4042 3215 4106 probant
3235 4044 3362 4091 Hec-

1808 4118 1905 4166 ker.
1938 4121 1988 4166 et
2016 4115 2220 4166 Meinek.
2249 4129 2297 4179 p.
2342 4121 2431 4166 186
2467 4135 2480 4163 :
2513 4134 2535 4157 κ
2579 4114 2866 4173 arietibus,
2899 4116 3079 4163 ovium
3118 4112 3359 4171 ducibus,

1806 4188 2021 4240 balatus
2047 4189 2350 4236 imitamina
2379 4186 2695 4249 obyarrsens.
2719 4184 2866 4243 Quod
2897 4187 2975 4235 est
2995 4183 3124 4233 inter
3146 4184 3286 4233 lusus
3311 4185 3363 4231 et

1802 4258 2160 4308 oblectamenta
2177 4260 2458 4320 pastorum.
2485 4256 2560 4307 Ad
2577 4256 2804 4307 dictionis
2825 4256 3052 4316 formam,
3067 4256 3362 4317 ἐω.ηχημὲνα

1804 4332 2107 4392 προσὸάζειν,
2133 4330 2436 4379 simillimum
2467 4332 2548 4379 est
2579 4328 2713 4391 quod
2735 4328 2855 4378 dicit
2879 4326 3156 4391 Euphorion
3183 4326 3243 4375 fr.
3275 4330 3355 4385 38,

1805 4407 1833 4451 3
1881 4420 1893 4449 :
1933 4400 2166 4462 πορφυρέη
2203 4400 2447 4449 samoe...
2488 4402 2786 4463 γεγραμμένα
2837 4400 3111 4449 κωκύουσα.
3158 4417 3182 4441 ²·
3225 4396 3361 4447 Idem

1801 4470 2101 4533 intelligebat
2146 4473 2250 4519 sac.
2301 4470 2351 4519 in
2407 4470 2629 4520 Delectu.
2673 4470 2836 4519 Boiss.
2889 4467 3027 4531 (qui,
3072 4469 3128 4515 ut
3183 4468 3360 4531 vulgo,

1807 4544 2036 4604 ἁγητῆρσί
2079 4557 2191 4590 ποτε
2224 4542 2497 4604 βληχήμενα
2539 4541 2726 4603 βάζων)
2771 4560 2785 4588 2
2832 4560 2854 4581 ⁶·
2913 4538 3042 4588 Dixit
3088 4540 3360 4601 βληχήμενα

1806 4614 1959 4674 βάζων
2003 4611 2224 4661 imitatus
2291 4610 2537 4659 homerica
2597 4610 2835 4673 ἀνεμώλια
2891 4609 3047 4671 βάζειν
3063 4644 3079 4668 ,
3128 4609 3364 4663 ἀπατήλια

1802 4681 1930 4745 βάζει
1946 4720 1958 4743 ,
2005 4682 2182 4744 μάταια
2199 4718 2213 4741 ,
2253 4682 2388 4743 ἄρτια
2433 4682 2578 4745 βάζει.
2619 4702 2642 4725 ν
2687 4680 2882 4731 Jacobs.
2927 4680 3044 4729 olim
3081 4678 3368 4744 conjiciebat

1802 4753 1957 4815 κριοὺς
1983 4755 2217 4815 άγητῆρας
2237 4755 2346 4801 tecm
2376 4754 2587 4816 βληχητὰ
2616 4754 2794 4813 (oves,
2815 4753 2870 4801 ut
2899 4764 2976 4813 ap.
3013 4751 3187 4801 AElian.
3215 4752 3276 4800 Η.
3305 4755 3362 4800 Α.

1802 4824 1865 4881 Π,
1888 4826 1978 4885 54)
2008 4824 2211 4885 βιΰὰζειν
2230 4858 2242 4878 ,
2269 4824 2319 4871 in
2344 4822 2478 4885 quod
2495 4822 2664 4871 incidit
2681 4822 2828 4872 etiam
2846 4821 3117 4871 Lobeckius
3132 4859 3146 4880 ‚
3171 4822 3362 4871 l‘athol.

1804 4892 1948 4942 elem.
1988 4896 2028 4954 l,
2059 4909 2105 4957 p.
2151 4898 2255 4954 157,
2286 4892 2374 4943 sed
2401 4892 2497 4941 alio
2529 4906 2676 4942 sensu
2705 4913 2715 4941 :
2759 4912 2780 4935 «ι
2819 4899 2964 4957 κριοῖς
2991 4892 3218 4955 europei
3251 4908 3364 4940 ποτε

1807 4964 2022 5027 βληχητὰ
2052 4964 2253 5025 βιόάζων
2273 5001 2286 5023 ,
2310 4962 2360 5012 id
2389 4965 2466 5012 est
2487 4964 2568 5019 τὰς
2598 4964 2667 5019 ὄίς
2694 4969 2835 5025 κριοῖς
2861 4962 3204 5024 προσὸιὸάζων.
3244 4964 3363 5015 mn·

1799 5037 1921 5099 χητόι
1952 5035 2257 5085 substantive
2295 5034 2481 5084 dictum
2511 5037 2568 5085 ut
2591 5036 2790 5097 ποτητὰ,
2811 5034 2984 5093 νηκτὰ,
3013 5034 3106 5081 ele.
3145 5053 3166 5075 ιι
3199 5031 3366 5081 voluit
