3829 5747
469 204 587 264 386
1596 198 2104 259 ANTHOLOGIAE
2149 198 2552 258 PALA‘HNAE

548 334 682 407 αὕτη
705 334 808 416 γάρ
836 358 895 393 σε
917 334 1086 416 φέρει,
1106 334 1195 392 καὶ
1220 332 1401 414 χθονὸς
1428 336 1486 392 οὗ
1516 333 1740 412 χατέεις.

711 486 851 537 ⁵⁸⁴.
892 476 1312 539 ιοΥΔιΑΝοΥ
1354 446 1786 537 ΑιΓΥῑιτιοΥ.

472 615 677 683 Πλώεις
698 616 923 693 ναυηγόν
953 639 1019 693 με
1048 614 1229 675 λαὸὼν
1257 614 1347 673 καὶ
1377 613 1577 693 σήματι
1608 614 1817 695 χώσας;

552 707 710 766 Πλῶε
724 748 743 774 ,
768 703 1052 764 Μαλειάων
1078 703 1217 783 ἄκρα
1236 704 1648 785 φυλασσόμενος·

472 793 575 853 αἰεὶ
598 795 643 852 δ’
666 788 911 865 εὐπλοίην
940 791 1185 869 μεθέποις
1207 792 1376 872 φίλος·
1398 792 1461 863 ἢν
1491 790 1547 851 δέ
1574 815 1626 851 τι
1656 790 1773 872 ῥέξῃ

552 882 679 941 ἄλλο
707 885 757 943 Τ
759 880 861 962 ύχη
878 926 895 955 ,
924 882 1121 941 τούτων
1151 884 1421 949 ἀντιάσαις
1446 881 1701 962 χαρίτων.

988 1035 1116 1087 585.
1156 1038 1275 1084 ΤΟΥ
1308 1038 1521 1084 ΑΥΤΟΥ.

470 1154 704 1235 Μύγδων
728 1156 901 1236 τέρμα
929 1155 1062 1235 βίοιο
1083 1154 1289 1235 λαχὼν,
1312 1153 1619 1222 αὒτόστολος
1640 1145 1794 1223 ἦλθεν

551 1245 623 1313 εἷς
646 1238 815 1317 ἀίδην,
840 1244 1037 1304 νεκύων
1067 1244 1351 1323 πορθμίδος
1380 1246 1439 1301 οὖ
1462 1242 1691 1323 χατέων.

470 1330 578 1391 *Ἢν
605 1332 709 1413 γὰρ
734 1333 825 1413 ἔχε
852 1330 999 1401 ζώων
1029 1330 1317 1412 βιοδώτορα
1332 1374 1351 1405 ,
1380 1330 1621 1410 μάρτυρα
1645 1329 1873 1409 μόχθων,

552 1421 737 1501 ἄγραις
759 1420 1007 1487 εἰναλίαις
1027 1419 1251 1479 πολλάκι
1274 1418 1604 1499 βριθομένην,

471 1508 627 1579 τήνδε
647 1507 736 1567 καὶ
754 1510 805 1567 ἐν
826 1508 1033 1589 θανάτῳ
1055 1507 1186 1588 λάχε
1210 1508 1514 1587 σύνδρομον,
1534 1497 1648 1565 ε’ύτε
1668 1503 1913 1577 τελευτὴν

555 1599 732 1676 εὕρετο
762 1594 1023 1668 συλλήξας
1053 1596 1239 1656 ὁλκάδι
1267 1598 1541 1674 καιομένῃ.

472 1684 633 1745 Οὕτω
661 1684 845 1744 πιστὸν
878 1683 1066 1744 ἄνακτι
1091 1684 1247 1744 πέλεν
1276 1683 1499 1765 σκάφος,
1523 1674 1661 1743 οἶκον
1692 1682 1835 1751 ἀέξον

554 1772 817 1851 Μύγδονι,
849 1773 939 1831 καὶ
968 1773 1241 1851 σύμπλουν
1270 1774 1322 1839 ἐς
1350 1772 1485 1851 βίον,
1516 1772 1567 1837 ἐς
1589 1770 1832 1830 θάνατον.

985 1926 1114 1981 586.
1152 1930 1271 1976 ΤΟΥ
1308 1928 1519 1976 ΑΥΤΟΥ.

474 2048 609 2109 Οὗτι
636 2070 697 2106 σε
722 2049 909 2113 πόντος
933 2046 1117 2105 ὄλεσσε
1139 2044 1231 2104 καὶ
1258 2047 1316 2105 οὗ
1344 2044 1603 2111 πνείοντες
1626 2046 1817 2114 ἀῆται,

555 2136 673 2196 ἀλλ’
694 2134 944 2216 ἀκόρητος
969 2133 1096 2216 ἔρως
1118 2132 1355 2213 φοιτάδος
1382 2132 1654 2214 ἐμπορίης.

477 2223 581 2295 Είη
612 2247 700 2301 μοι
727 2222 883 2300 γαίης
906 2221 1079 2300 ὀλίγος
1106 2220 1242 2300 βίος·
1263 2222 1325 2279 ἐκ
1346 2220 1403 2279 δὲ
1423 2220 1689 2291 θαλάσσης

564 2314 797 2373 ἄλλοισιν
830 2310 1035 2389 μελέτω
1061 2309 1238 2389 κέρδος
1262 2308 1613 2388 ἀελλομάχον.

990 2462 1114 2517 587.
1152 2466 1270 2513 ΤΟΥ
1305 2466 1517 2511 ΑΥΤΟΥ.

932 2586 1009 2642 Εἰς
1030 2583 1278 2648 Πάμφιλον
1307 2584 1573 2649 φιλόσοφον.

476 2710 633 2773 Χθών
663 2732 723 2770 σε
741 2709 911 2787 τέκεν,
934 2708 1117 2776 πόντος
1140 2708 1195 2769 δὲ
1220 2708 1435 2769 διιῖιλεσε
1452 2752 1469 2781 ,
1494 2706 1646 2767 δέκτο
1671 2706 1723 2767 δὲ
1746 2710 1909 2773 θῶκος

558 2801 856 2869 Πλουτῆος·
884 2804 1051 2857 κεῖθεν
1076 2798 1123 2856 δ’
1144 2797 1356 2878 οὖρανὸν
1383 2795 1675 2868 εἷσανέὸης.

479 2890 599 2968 Οὖχ
620 2892 690 2955 ὥς
711 2890 936 2966 ναυηγὸς
962 2885 1021 2945 δὲ
1049 2890 1188 2966 βυθῷ
1212 2885 1391 2961 θάνες,
1418 2879 1535 2944 ἀλλ’
1552 2882 1641 2942 ἵνα
1667 2883 1879 2944 πάντων

558 2977 768 3056 κλήροις
796 2975 1091 3049 ἀθανάτων,
1123 2974 1405 3055 Πάμφιλε,
1425 2973 1619 3051 κόσμον
1644 2971 1795 3052 ἄγῃς.

698 3135 836 3187 588.
882 3126 1193 3186 ΠΑΥΛΟΥ
1237 3125 1809 3185 ΣιΛΕΝΤιΑΡιοΥ.
1881 3085 1889 3092 ’

420 3349 427 3358 Ι
480 3277 787 3358 Δαμόχαρις
808 3275 1011 3356 Μοίρης
1038 3273 1288 3350 πυμάτην
1320 3273 1614 3334 ὖπεδύσατο
1644 3273 1849 3351 σιγήν.·

558 3367 673 3424 ‹ber›
696 3369 710 3426 Ξ
739 3363 795 3422 τὸ
816 3363 974 3423 καλὸν
998 3361 1215 3433 Μούσης
1243 3360 1490 3440 βάρὸιτον
1512 3359 1753 3440 ἠρεμέει·

479 3454 645 3515 ὤλετο
663 3455 1053 3535 Γραμματικῆς
1070 3447 1186 3531 ἱερὴ
1211 3448 1385 3528 βάσις.
1408 3448 1697 3529 Ἀμφιρύτη
1718 3449 1843 3516 Κῶς
1856 3493 1871 3517 ,

546 3627 660 3672 Htec
686 3637 796 3672 cum
827 3630 876 3671 te
895 3628 1083 3680 teneat,
1102 3618 1174 3668 nil
1196 3633 1316 3684 opus
1340 3617 1423 3667 illa
1449 3616 1558 3666 tibi.

947 3764 1064 3820 584.
1101 3777 1306 3810 sunnin
1334 3775 1573 3810 myrra.

483 3913 639 3980 Pergin
656 3913 749 3963 iter
770 3911 943 3978 pelagi,
978 3925 1085 3972 me,
1112 3923 1257 3975 quem
1278 3922 1411 3958 mare
1433 3906 1598 3956 mei-iit
1613 3942 1628 3969 ‚
1654 3904 1887 3956 humato?

545 4001 692 4061 Perge
705 4031 721 4058 ,
740 3994 822 4044 sed
842 4008 873 4043 o
889 3993 1058 4042 Malea
1077 3989 1259 4057 perfida
1277 4005 1389 4040 saxa
1416 4004 1551 4040 eave.

478 4083 505 4129 1
526 4093 715 4148 precor,
738 4075 884 4126 ii'elix
915 4090 928 4124 :
950 4073 1030 4124 sed
1049 4073 1089 4123 si
1113 4071 1305 4123 fortuna
1326 4071 1441 4136 quid
1472 4070 1522 4119 in
1544 4079 1593 4120 te

547 4158 761 4210 Peccarit
777 4194 792 4220 ‚
814 4156 895 4206 fiai
910 4193 927 4220 ‚
946 4155 1075 4221 quod
1100 4153 1215 4203 facis
1232 4153 1351 4218 ipse,
1389 4151 1497 4202 tibi.

1078 4303 1192 4350 585.
1238 4316 1476 4348 musiiim.

482 4441 589 4504 Ipse
611 4453 693 4488 sua
718 4435 927 4502 Mygdon
950 4432 1074 4484 Ditis
1095 4441 1197 4482 rate
1225 4439 1386 4482 rectus
1409 4429 1468 4481 ad
1492 4429 1649 4480 aulam
1664 4464 1680 4490 ,

548 4521 658 4570 Non
677 4517 848 4569 habuit
871 4517 1019 4584 Stygii
1040 4531 1162 4567 nave
1184 4515 1443 4567 charontis
1461 4529 1598 4581 opus.

482 4607 601 4667 Quae
630 4601 735 4653 vitre
765 4601 929 4651 nuti-ix
952 4599 1108 4650 fuerat
1124 4635 1141 4662 ‚
1161 4599 1389 4666 testisque
1412 4597 1631 4648 laborum
1648 4632 1663 4658 ,

518 4745 521 4749 ¹
550 4688 695 4738 Plena
712 4687 857 4736 maris
873 4685 1032 4752 preda
1051 4691 1187 4735 sueta
1208 4683 1375 4734 redire
1401 4683 1612 4735 domum.

482 4771 681 4824 Funeris
700 4769 805 4820 hee
826 4771 990 4820 eadem
1016 4770 1144 4820 socia
1162 4778 1234 4819 est
1252 4805 1268 4832 ,
1290 4766 1560 4833 injectaque
1582 4763 1784 4814 flammis

550 4860 596 4904 lt
621 4851 905 4920 piscatorem
928 4851 1099 4918 cymba
1121 4859 1283 4901 secuta
1314 4863 1473 4899 suum.

484 4937 777 4991 Admiranda
806 4935 899 4985 fide
917 4971 933 4997 ,
961 4951 1063 4985 rem
1085 4932 1338 5001 Mygdonis
1354 4931 1489 4982 auxit
1506 4967 1521 4993 ,
1552 4938 1604 4979 et
1634 4928 1815 4992 haret,

550 5023 620 5072 Ut
646 5017 801 5070 fumi
825 5018 953 5080 vita,
982 5033 1111 5068 nunc
1138 5031 1329 5082 quoque
1356 5021 1511 5064 morte
1538 5027 1711 5061 coines.

2181 340 2260 389 liic
2279 341 2408 390 enim
2427 344 2478 389 te
2503 341 2624 401 fert,
2644 341 2696 389 et
2711 340 2843 391 terra
2861 353 2960 391 non
2977 352 3106 404 eges.

2549 482 2656 529 584.
2688 480 2936 531 JULIANI
2967 482 3262 531 AEGYPTII.

2120 612 2330 677 Navigas
2345 612 2434 677 qui
2455 627 2535 663 me
2551 613 2840 677 naufragum
2858 613 3095 678 excepisti
3112 616 3163 664 et
3179 614 3372 664 tumulo
3386 613 3626 666 condidisti?

2183 701 2381 765 Naviga,
2401 702 2572 752 Maleoe
2593 702 2982 767 promontorium
3001 715 3207 759 cavens;
3499 700 3628 765 [saciat

2123 802 2412 855 semperque
2449 789 2908 855 bona-navigatione
2939 792 3080 841 utare
3109 790 3328 849 amicus;
3355 790 3396 839 si
3420 789 3523 852 quid
3542 803 3630 839 rem

2186 893 2327 931 secus
2355 882 2568 931 Fortuna
2582 918 2596 943 ‚
2619 879 2799 931 harum
2816 880 3035 931 vicissim
3051 878 3628 944 compos-fias-gratiarum.

2676 1035 2788 1083 585.
2829 1041 3100 1085 mmmm
3110 1068 3125 1084 .

2123 1165 2334 1229 Mygdon
2351 1164 2498 1215 tinem
2509 1164 2626 1215 vitae
2643 1163 2862 1227 sortitus,
2877 1163 3522 1228 sua-ipsius-scapba·vectus
3533 1166 3634 1213 venit

2184 1252 2236 1303 in
2254 1256 2437 1303 Orcum
2455 1292 2469 1316 ‚
2491 1254 2796 1303 mortuorum
2819 1252 2994 1315 cymba
3010 1266 3106 1301 non
3137 1266 3300 1316 egens.
3452 1251 3634 1317 sporum,

2125 1344 2284 1399 Quam
2307 1340 2440 1390 enim
2453 1339 2694 1391 habuerat
2708 1340 2880 1391 vivens
2893 1340 3368 1405 victus-largitricem
3385 1380 3400 1401 ‚
3415 1343 3567 1391 testem
3579 1340 3633 1389 la·

2187 1428 2402 1493 capturis
2424 1428 2624 1479 marinis
2642 1442 2979 1493 saepeiiumero
2995 1432 3224 1479 onustam
3240 1468 3254 1490 ‚
3531 1428 3634 1493 [n'tae

2125 1518 2254 1569 lianc
2277 1518 2392 1568 etin
2417 1521 2574 1569 morte
2599 1518 2907 1569 sortitus-est
2919 1516 3322 1578 cursus-sociam,
3344 1530 3488 1579 quum
3501 1516 3636 1564 finem·
3738 1500 3739 1553 ἶ

2189 1606 2389 1669 invenit,
2413 1608 2904 1658 una-desinens-esse
2927 1606 3192 1656 cum-navi
3219 1605 3487 1655 combusta.

2128 1696 2262 1747 Adeo
2282 1695 2382 1745 fida
2400 1695 2597 1746 domino
2625 1694 2720 1746 fuit
2745 1694 2953 1759 scapha,
2973 1692 3176 1744 domum
3199 1706 3387 1758 augens

2191 1784 2441 1847 mygdoni,
2464 1788 2514 1834 et
2536 1782 2949 1848 socia-navigandi
2965 1783 3018 1833 iii
3035 1783 3208 1842 vitam,
3235 1782 3286 1831 iii
3311 1783 3520 1830 mortem.

2685 1930 2793 1976 586.
2840 1933 3139 1977 BJUSDBM.

2129 2053 2329 2105 Minime
2347 2057 2397 2105 te
2413 2058 2596 2119 pontus
2615 2053 2827 2119 perdidit
2841 2067 3004 2117 neque
3021 2054 3262 2118 spirantes
3280 2052 3412 2102 venti
3427 2090 3440 2113 ‚

2191 2142 2280 2193 sed
2299 2142 2587 2193 insatiabilis
2603 2156 2745 2193 amor
2760 2141 3180 2206 insane-vagantis
3211 2144 3511 2192 mercaturae.

2132 2231 2207 2283 Sit
2223 2231 2345 2282 mihi
2360 2231 2582 2283 ‹ie-terra
2605 2232 2771 2283 tenuis
2797 2231 2996 2289 vietus3
3025 2244 3055 2281 e
3080 2230 3207 2281 mari
3223 2244 3345 2281 vero

2191 2323 2298 2373 aliis
2325 2322 2549 2372 curae-sit
2575 2321 2770 2371 lucrum
2789 2318 3449 2385 cum-procellis-deluetans.

2681 2465 2791 2513 587.
2835 2472 3131 2515 mosum.

2555 2595 2609 2635 In
2629 2592 2914 2648 Pamphilum
2935 2592 3268 2649 philosophum.

2129 2716 2279 2766 Terra
2300 2716 2352 2765 te
2376 2714 2574 2777 genuit,
2588 2726 2724 2763 mare
2747 2716 2916 2764 autem
2941 2714 3152 2778 perdidit
3168 2756 3182 2773 ,
3209 2715 3492 2781 excepitque
3511 2713 3627 2762 sedes
3738 2696 3739 2699 ¹

2192 2802 2441 2861 Plutonis3
2462 2800 2576 2853 inde
2601 2815 2720 2852 vero
2737 2802 2920 2853 coelum
2942 2802 3220 2855 ascendisti.
3453 2802 3644 2867 [omnium
3738 2802 3739 2845 1

2130 2893 2238 2942 Non
2271 2893 2438 2942 autem
2475 2893 2534 2941 ut
2565 2891 2836 2957 naufragus
2873 2893 2924 2942 in
2961 2891 3208 2957 profundo
3239 2893 3404 2944 obiisti
3418 2933 3431 2954 ‚
3461 2892 3538 2944 sed
3570 2904 3648 2954 quo
3738 2887 3739 2972 ]

2196 2981 2414 3031 sortibus
2451 2981 2661 3044 (reynis)
2690 2980 3056 3044 immortalium,
3073 2981 3346 3046 Pamphile,
3369 2979 3648 3034 ommenad-
3738 2985 3739 2992 ’

2537 3137 2646 3182 588.
2680 3133 2868 3184 pium
2895 3134 3289 3185 Sim‘riimi.
3549 3069 3646 3134 [ω’

2131 3279 2448 3331 Democharis
2475 3283 2641 3330 Parcae
2662 3282 2936 3332 extremum
2955 3281 3090 3332 subit
3113 3283 3380 3333 silentium.

2192 3370 2304 3419 Heu
2322 3406 2336 3430 ‚
2365 3367 2626 3431 pulchrum
2649 3371 2805 3420 Musae
2825 3369 3050 3421 barbiton
3075 3371 3314 3434 quiescit3
3543 3371 3649 3433 [Cos.

2131 3455 2279 3520 periit
2311 3455 2658 3506 Grammaticis
2683 3469 2879 3508 sacrum
2909 3456 3300 3510 fundamentum.
3341 3464 3384 3510 Ο
3409 3461 3656 3512 circumflua

3575 3558 3644 3570 -t

2727 3619 2841 3668 586.
2866 3636 3096 3672 uuum.

2133 3719 2244 3767 Non
2269 3717 2360 3767 tibi
2385 3733 2524 3768 caiisa
2552 3719 2679 3768 necis
2699 3719 2832 3768 venti
2847 3757 2864 3780 ‚
2891 3735 3048 3786 neque
3065 3723 3248 3771 Nereos
3271 3723 3398 3772 unda
3413 3759 3427 3780 ,

2205 3805 2382 3851 Verum
2403 3817 2462 3851 ex
2479 3817 2638 3852 meree
2663 3803 2788 3852 lucri
2814 3819 2914 3852 non
2939 3803 3136 3854 satiatus
3154 3819 3308 3854 amor.

2133 3885 2246 3935 ‘Vita
2272 3885 2334 3935 sit
2353 3884 2405 3934 in
2423 3893 2552 3936 terra
2571 3885 2726 3935 tenuis
2748 3885 2870 3936 mihi
2899 3901 2913 3936 τ
2943 3903 3064 3953 quos
3085 3887 3230 3937 maris
3247 3889 3348 3938 urit

2199 3973 2416 4034 Questus
2431 4007 2448 4034 ‚
2476 3978 2586 4018 eant
2601 4006 2616 4030 ,
2640 3979 2691 4019 et
2711 3986 2821 4019 cum
2844 3970 3036 4022 turbine
3063 3970 3190 4020 bella
3217 3982 3402 4034 gei-ant.

2718 4073 2832 4134 587.
2870 4089 3084 4120 υσευιι
3101 4109 3116 4134 ,

2543 4172 2592 4219 in
2616 4169 2907 4239 Pamphilum
2925 4169 3271 4240 philosophum.

2134 4272 2297 4323 Tellus
2319 4281 2366 4321 te
2386 4270 2551 4336 genuit
2568 4308 2583 4333 ,
2604 4286 2737 4322 mare
2759 4271 2992 4338 perdidit,
3018 4269 3194 4337 accipit
3211 4275 3394 4327 Orcus.

2201 4356 2320 4406 Inde
2341 4355 2463 4422 petis
2483 4355 2656 4405 summi
2682 4355 2838 4405 lueida
2857 4355 3034 4421 templa
3053 4355 3171 4420 poli.

2136 4440 2248 4490 Non
2271 4437 2363 4488 lioe
2381 4453 2541 4504 passus
2563 4453 2668 4488 eras
2686 4447 2741 4488 ut
2761 4436 3034 4501 naufragus,
3057 4437 3236 4503 optime
3252 4474 3268 4500 ,
3291 4439 3371 4488 sed
3399 4447 3467 4496 tu,

2205 4519 2454 4588 Pamphile
2467 4558 2481 4582 ‚
2507 4529 2561 4570 ut
2581 4537 2778 4571 ornares
2795 4521 2956 4570 omnia
2973 4535 3115 4585 regna
3131 4523 3306 4570 Deum.

2592 4630 2705 4680 588.
2742 4646 2886 4679 rium
2919 4645 3222 4678 sinit-rum
3243 4665 3258 4689 ,

2451 4733 2510 4783 de
2533 4731 2858 4796 Demochari,
2887 4731 3118 4800 discipulo
3138 4729 3383 4798 Agathe'oe.

2140 4833 2451 4886 Damocharis
2477 4843 2652 4883 terram
2679 4831 2775 4882 fato
2793 4839 2989 4896 cogente
3007 4829 3187 4879 subivit
3213 4845 3226 4880 :

2209 4917 2392 4983 Inclyta
2411 4915 2652 4965 Pieridum
2670 4913 2885 4964 barbitos
2907 4911 2990 4963 illa
3018 4912 3148 4964 silet.

2143 5001 2484 5055 Grammatiees
2506 5015 2692 5052 sacrum
2720 5000 2939 5051 columen
2975 4999 3070 5049 ruit
3097 5015 3110 5048 :
3137 5011 3364 5063 κηποι-επ
3382 4997 3454 5045 Co
