3829 5747
458 142 535 201 32
1572 134 2079 195 ANTHOLOGIAE
2123 132 2528 195 PALATINAE

536 269 738 347 Γυμνὸς
764 271 809 329 δ’
844 267 1192 348 ὀὸριμόθυμος
1214 266 1304 338 ἔην
1336 266 1678 341 Τελαμώνιος
1726 266 1885 339 Αἴας,

459 359 622 435 μήπω
649 360 861 437 πρῶτον
889 356 1061 415 ἴουλον
1092 355 1227 432 ἔχων
1244 378 1257 391 ·
1280 353 1531 413 ἐκέκαστο
1566 353 1619 412 δὲ
1650 358 1849 432 μορφῆς

458 447 633 503 ἄνθεσι
665 444 940 526 πατρῴης·
959 442 1261 519 πλοκάμους
1290 443 1334 499 δ’
1370 440 1641 520 ἐσφίγγετο
1660 440 1818 521 μίτρῃ
1835 464 1848 477 ·

459 536 518 592 οὗ
541 532 643 611 γὰρ
671 532 762 604 ἔην
797 531 1111 611 τρυφάλειαν
1140 530 1275 609 ἔχων
1293 572 1311 601 ,
1341 530 1436 587 οὐκ
1460 528 1611 607 ἔγχος
1637 527 1858 587 ἑλίσσων
1874 571 1890 600 ,

353 640 433 679 m
462 623 519 678 οὗ
550 622 711 686 σάκος
738 619 1043 678 ἑπταὸόειον
1072 616 1353 691 ἐπωμαδὸν
1371 661 1387 689 ,
1421 617 1559 675 ἀλλὰ
1588 620 1775 687 τοκῇος

459 704 755 783 θαρσαλέην
782 704 1053 783 ἀνέφαινεν
1084 702 1364 781 ἀγηνορίην
1394 704 1730 779 Τελαμῶνος.

535 792 754 853 Ἵστατο
786 790 1115 871 Σαρπηδὼν,
1140 790 1349 851 Λυκίων
1376 790 1596 870 πρόμος·
1620 790 1807 868 ἠνορέῃ
1837 790 1932 867 μὲν

461 880 667 961 φρικτὸς
696 878 817 951 ἔην·
846 880 1069 945 ἁπαλοῖς
1098 877 1154 940 δὲ
1181 878 1565 957 νεοτρεφέεσσιν
1589 877 1777 943 ἰούλοις

460 968 660 1034 οἴνοπος
692 968 828 1046 ἄκρα
857 966 1101 1048 χάρασσε
1124 964 1383 1045 γενειάδος
1400 988 1413 1002 ·
1439 964 1573 1044 ἀμφὶ
1609 966 1663 1023 δὲ
1687 968 1893 1043 χαίταις

354 1074 433 1113 aso
460 1046 569 1133 εἶχε
592 1054 765 1133 κόρυν·
796 1056 989 1133 γυμνὸς
1014 1052 1109 1131 μὲν
1137 1052 1229 1125 ἔην
1261 1051 1451 1127 δέμας,
1478 1052 1593 1108 ἀλλ’
1620 1050 1695 1109 ἐνὶ
1720 1056 1892 1130 μορφῇ

459 1144 669 1223 σπέρμα
697 1143 817 1211 Διὸς
842 1143 1121 1218 σήμαινεν·
1152 1141 1242 1199 ἀπ’
1269 1138 1565 1221 ἀμφοτέρης
1591 1142 1692 1220 γὰρ
1719 1140 1935 1209 ὀπωπῆς

459 1231 811 1311 μαρμαρυγὴν
842 1230 1157 1307 ἀπέπεμπεν
1188 1228 1476 1306 ἐλευθερίου
1504 1232 1797 1306 γενετῆρος.

538 1320 648 1379 Καὶ
672 1319 841 1397 τρίτος
859 1318 1105 1397 εὖχαίτης
1126 1316 1507 1397 τριποδηλάλος
1530 1307 1620 1387 ἧεν
1644 1314 1930 1385 Ἀπόλλων,

460 1408 615 1471 καλὸς
644 1408 770 1465 ἰδεῖν
786 1428 801 1443 ·
825 1404 1096 1482 πλόκαμος
1118 1406 1219 1484 γὰρ
1260 1402 1367 1471 ἕλιξ
1398 1402 1732 1480 ἐπιδέδρομεν
1753 1402 1916 1477 ὤμοις

354 1516 432 1554 aas
462 1494 799 1575 ἀμφοτέροις·
822 1492 980 1573 ἐρατὴ
1010 1494 1063 1551 δὲ
1102 1498 1219 1553 θεοῦ
1245 1489 1532 1571 διεφαίνετο
1553 1490 1755 1571 μορφὴ,

459 1583 645 1661 χαλκῷ
674 1582 868 1658 κόσμον
894 1581 1121 1660 ἄγουσα·
1158 1579 1267 1645 θεὸς
1295 1581 1339 1636 δ’
1362 1578 1611 1636 ἐτίταινεν
1640 1578 1891 1653 ὀπωπὴν,

460 1661 543 1727 οἶά
572 1692 629 1728 τε
660 1669 1050 1744 μαντιπόλοισιν
1080 1668 1167 1727 ἐπὶ
1188 1666 1491 1748 τριπόδεσσι
1525 1665 1769 1725 δοκεύων.

512 1774 517 1780 ’
544 1758 651 1819 Καὶ
688 1757 935 1835 τριτάτην
975 1755 1227 1833 θάμὸησα
1256 1756 1415 1814 πάλιν
1451 1758 1652 1834 χρυσῇν
1682 1752 2013 1833 Ἀφροδίτην,

462 1847 614 1925 φάρεϊ
641 1846 831 1903 κόλπον
860 1844 1083 1923 ἔχουσαν
1112 1842 1345 1902 ἐπίσκιον
1362 1865 1375 1879 ·
1402 1842 1535 1920 ἀμφὶ
1559 1841 1612 1899 δὲ
1643 1845 1821 1917 μαζοῖς

355 1952 435 1989 κου
462 1934 641 1999 κεστὸς
668 1930 780 2000 ἕλιξ
811 1934 1113 2009 κεχάλαστο
1130 1976 1148 2003 ,
1180 1929 1335 2010 χάρις
1362 1928 1406 1986 δ’
1438 1929 1711 2007 ἐνενήχετο
1732 1932 1925 2006 κεστῷ.

540 2018 820 2099 Αἷχμητὴς
848 2020 894 2077 δ’
922 2019 1153 2086 ἀνίουλος
1180 2018 1448 2092 ἐλάμπετο
1474 2018 1579 2083 δῖος
1607 2015 1896 2096 Ἀχιλλεὺς,

459 2107 651 2185 γυμνὸς
678 2105 776 2164 ἐὼν
805 2106 1006 2184 σαγέων
1026 2129 1040 2142 ·
1066 2106 1267 2165 ἐδόκευε
1298 2102 1392 2179 μὲν
1421 2102 1573 2182 ἔγχος
1594 2104 1813 2163 ἑλίσσειν

462 2194 725 2272 δεξιτερῇ,
748 2196 907 2271 σκαιῇ
936 2192 992 2251 δὲ
1022 2192 1181 2259 σάκος
1209 2192 1455 2271 χαλκεῖον
1481 2190 1701 2269 ἀείρειν,

463 2281 701 2361 σχήματι
719 2279 1015 2360 τεχνήεντι·
1042 2280 1201 2356 μόθου
1223 2282 1267 2337 δ’
1296 2279 1605 2353 ἀπέπεμπεν
1639 2275 1856 2347 ἀπειλὴν

356 2386 434 2425 235
464 2372 646 2449 θάρσεϊ
672 2368 949 2443 τολμήεντι
977 2366 1319 2446 τεθηγμένος·
1346 2368 1401 2424 αἱ
1437 2366 1538 2446 γὰρ
1567 2366 1778 2425 ὀπωπαί

462 2448 1058 2605 γνὲῖίονδῇθοςὶἔὲρέιινον
1087 2456 1268 2535 ἀρήϊον
1288 2456 1617 2623 ’ἓρἰακιδάιιὶιω
1650 2542 1664 2564 '
1844 2540 1891 2599 δ’

622 2569 649 2603 ν
753 2568 841 2602 και
938 2568 1119 2623 ρμειας
1136 2566 1301 2623 χρυσο
1368 2567 1515 2610 απις·
1567 2566 1819 2619 σταμενος
1875 2566 1897 2599 ε

462 2634 689 2712 δεξιτερῇ
720 2632 1021 2710 πτερόεντος
1046 2633 1245 2710 ἀνείρυε
1274 2631 1442 2704 δεσμὰ
1462 2630 1673 2689 πεδίλου
1688 2677 1705 2704 ,

462 2725 533 2786 εἷς
560 2721 675 2779 ὁδὸν
708 2718 847 2787 ἀΐξαι
868 2722 1196 2795 λελιημένος·
1226 2713 1335 2800 εἶχε
1359 2718 1460 2797 γὰρ
1486 2717 1590 2789 ἤδη

355 2826 435 2865 ³00
462 2808 620 2877 δεξιὸν
655 2808 941 2876 ὀκλάζοντα
970 2809 1082 2867 θοὸν
1112 2807 1283 2881 πόδα,
1316 2811 1390 2887 τῷ
1419 2805 1505 2865 ἔπι
1534 2806 1686 2877 λαιὴν

461 2901 614 2976 χεῖρα
637 2896 808 2962 ταθεὶς
842 2897 1142 2973 ἀνέπεμπεν
1172 2903 1222 2963 ἐς
1246 2897 1427 2976 αἰθέρα
1455 2895 1644 2955 κύκλον
1670 2897 1916 2964 ὀπωπῇς,

460 2977 546 3044 οἶά
572 3009 629 3044 τε
655 2986 847 3063 πατρὸς
879 2985 1099 3052 ἄνακτος
1124 2988 1518 3063 ἐπιτρωπῶντος
1548 2983 1768 3046 ἀκούων.

925 3209 1031 3254 Lll.
1062 3209 1135 3253 De
1158 3204 1313 3270 Ajace
1338 3206 1544 3271 Major-e.

462 3335 682 3384 Fortibus
706 3345 777 3384 est
804 3335 957 3384 nudus
984 3334 1212 3390 membris
1240 3335 1543 3385 Telamonius
1570 3335 1685 3398 Ajax
1708 3372 1722 3396 ,

462 3418 690 3466 Nondum
716 3417 844 3483 pube
867 3432 1007 3480 genas
1028 3414 1209 3482 pictus;
1235 3416 1317 3464 sed
1340 3415 1391 3464 in
1409 3431 1493 3465 ore
1512 3425 1707 3481 paterna

462 3505 633 3550 Forma
658 3500 781 3565 viget
810 3515 823 3550 ι
849 3499 1046 3548 cohibet
1070 3498 1300 3548 formosos
1320 3499 1465 3548 mitra
1488 3499 1683 3564 capillos
1706 3514 1717 3546 :

461 3590 571 3635 Non
596 3585 778 3634 hastam
804 3593 936 3634 tenet
960 3583 1043 3632 ille
1070 3598 1237 3642 manu,
1257 3599 1355 3632 non
1378 3581 1557 3632 vertice
1575 3596 1745 3630 conum
1760 3614 1775 3638 ,

459 3671 571 3717 Non
596 3666 798 3715 humero
819 3673 1001 3730 septem
1024 3674 1267 3713 taurorum
1300 3674 1457 3728 terga3
1482 3663 1561 3712 sed
1584 3679 1717 3712 arma

458 3755 577 3800 Sunt
600 3749 787 3814 genitor
802 3750 1059 3807 Telamon,
1082 3747 1361 3812 animusque
1386 3746 1479 3796 hoc
1502 3747 1681 3796 semine
1702 3746 1885 3811 dignus.

966 3885 1091 3932 Lm.
1124 3886 1197 3930 De
1222 3880 1511 3949 Sarpedone.

458 4010 645 4055 Ductor
666 4005 799 4054 adest
816 4003 987 4068 Lycius
1006 4002 1247 4068 Sarpedon
1262 4038 1277 4063 ,
1298 4000 1472 4050 robore
1488 4001 1587 4066 jam
1612 4017 1739 4049 nunc

456 4086 740 4151 Terribilis,
760 4099 1051 4151 quamquam
1075 4083 1231 4150 prima
1250 4083 1471 4146 lanugine
1487 4083 1631 4148 nigrae

458 4171 696 4218 Velantur
713 4169 848 4218 malae
871 4184 884 4217 :
906 4168 1089 4216 crinem
1111 4165 1285 4231 premit
1303 4181 1424 4214 terea
1451 4165 1587 4214 cassis
1600 4202 1615 4226 ,

459 4257 641 4303 Caetera
664 4252 818 4300 nudus
838 4251 933 4314 agit
960 4267 971 4300 :
1004 4249 1137 4298 vultu
1162 4249 1252 4298 sub
1277 4257 1394 4297 teste
1412 4248 1644 4313 probatur

460 4337 605 4382 Certa
628 4332 760 4381 Jovis
783 4331 997 4392 soboles;
1027 4329 1225 4396 geminis
1248 4345 1453 4394 namque
1481 4344 1591 4378 acre
1618 4338 1831 4377 coruscat

462 4414 741 4464 Luminibus
754 4452 771 4478 ,
794 4414 1034 4480 patriique
1060 4413 1276 4463 imitatur
1294 4412 1505 4461 fulminis
1522 4413 1666 4475 ignes.

988 4550 1113 4598 LIV.
1146 4549 1220 4594 De
1248 4543 1487 4611 Apolline.

458 4663 649 4712 Tertius
674 4679 735 4712 en
763 4663 934 4723 etiam,
960 4663 1225 4728 gratissima
1248 4661 1399 4711 forma
1428 4661 1603 4716 videri,

462 4747 665 4799 Plioebus
689 4749 839 4796 adest.
863 4751 1099 4796 Humeros
1126 4755 1279 4795 tortus
1302 4761 1351 4794 se
1376 4745 1528 4794 cirrus
1552 4744 1599 4793 in
1626 4743 1787 4793 ambos

460 4832 636 4897 Dejicit
665 4847 678 4881 z
710 4829 950 4880 ambrosio
977 4829 1135 4877 vultus
1163 4827 1379 4892 fulgescit
1406 4827 1589 4877 honore

460 4916 558 4966 AEri
586 4915 761 4980 grande
788 4914 947 4964 decus.
974 4913 1051 4963 Sic
1080 4922 1271 4978 torquet
1299 4911 1504 4970 lumina,
1536 4921 1775 4975 tamquam

2159 266 2332 315 Nudus
2360 266 2456 316 suit
2480 268 2815 329 magnanimus
2848 272 2979 318 Asu
3007 269 3317 321 Telamonius
3335 310 3348 333 ‚

2099 354 2314 403 nondum
2331 354 2490 417 prima
2511 356 2738 419 lanugine
2755 395 2768 418 ‚
2785 356 2992 407 decorus
3011 358 3183 408 formae

2103 442 2302 493 floribus
2322 446 2538 507 paternae
2555 483 2568 505 ,
2595 444 2909 507 <sinibusque
2929 446 3076 496 mitra
3105 447 3308 507 vinctim

2100 545 2260 594 neque
2276 532 2406 581 enim
2423 534 2609 595 galeam
2633 532 2846 583 habebat
2859 572 2872 593 ,
2895 547 3055 597 neque
3071 534 3265 585 hastam
3291 537 3538 595 vibrabat,

2101 633 2192 669 nec
2211 624 2406 670 scutum
2425 621 2990 684 septemplex-bubulum
3007 623 3058 671 in
3076 622 3298 675 humeris
3311 666 3324 685 ‚
3345 626 3432 675 sed
3453 628 3662 690 parentis

2102 709 2341 760 audacem
2359 712 2648 763 ostendebat
2671 712 3003 763 fortitudinem
3027 712 3318 762 Telamonis.

2163 800 2333 850 Stabat
2355 803 2611 851 Samoou
2623 840 2636 863 ‚
2665 801 2924 864 Lyciorum
2945 801 3167 865 princeps
3190 801 3403 851 :virtute
3419 800 3622 864 quidem

2101 887 2374 939 horrendus
2407 890 2528 950 fuit3
2549 888 2638 939 sed
2653 892 2824 939 tenera
2839 889 3212 939 recens-nutrita
3233 890 3461 954 lanugine

2102 990 2297 1028 summa
2331 978 2607 1027 vinicolor-is
2631 977 2797 1027 barbae
2829 977 3076 1041 signabat3
3095 976 3224 1027 circa
3247 990 3414 1027 comas
3435 980 3606 1027 autem

2101 1063 2313 1116 habebat
2330 1065 2588 1127 cassidem,
2601 1068 2652 1115 et
2663 1066 2826 1116 nudus
2845 1065 3044 1129 quidem
3058 1069 3163 1115 erat
3179 1079 3397 1129 corpore,
3410 1066 3501 1117 sed
3511 1064 3659 1115 sonna

2105 1154 2242 1203 Jovis
2261 1166 2428 1204 semen
2445 1154 2748 1205 monstrabat
2770 1174 2782 1202 ε
2804 1154 2984 1217 quippe
3010 1167 3071 1203 ex
3091 1156 3302 1215 utroque
3325 1154 3509 1203 lumine

2103 1242 2266 1293 radios
2286 1242 2537 1293 emittebat
2566 1242 2742 1292 nobilis
2767 1241 3013 1306 genitoris.

2163 1330 2226 1377 Et
2250 1328 2427 1378 tertius
2443 1327 2812 1378 bene-comatus
2824 1332 2929 1379 erat
2945 1328 3443 1392 in-tripode-loquens
3455 1333 3554 1378 Am
3563 1343 3660 1387 uo,

2103 1414 2306 1478 pulcher
2325 1416 2562 1480 adspectu
2603 1437 2613 1464 :
2637 1416 2782 1479 crispi
2803 1416 2932 1466 enim
2961 1417 3120 1480 capilli
3141 1402 3548 1467 circinnssuebant
3571 1415 3664 1464 hu·

2105 1507 2398 1568 uti-umqum
2424 1505 2742 1567 amabilisque
2759 1504 3024 1569 apparebat
3043 1504 3124 1554 dei
3149 1504 3327 1568 figura,
3455 1504 3664 1567 [merum

2033 1627 2038 1633 ·
2105 1594 2191 1644 aeri
2219 1592 2371 1643 decus
2396 1593 2634 1653 afferen83
2664 1593 2884 1656 deusque
2909 1592 3141 1643 tendebat
3166 1594 3356 1653 visum,

2103 1682 2242 1732 velut
2267 1682 2490 1731 vaticinis
2512 1694 2660 1745 super
2680 1680 2954 1745 tripodibus
2979 1681 3250 1744 speculam.

2167 1769 2381 1819 Tertiam
2401 1782 2598 1832 quoque
2619 1782 2796 1819 rursus
2821 1769 3029 1819 miratus
3047 1782 3158 1819 sum
3182 1782 3384 1819 auream
3407 1771 3664 1829 veneries,

2103 1862 2277 1923 pectus
2303 1861 2442 1907 veste
2465 1858 2863 1917 obumbrantem3
2893 1870 2950 1907 ac
2978 1858 3162 1907 circum
3183 1870 3422 1907 mammas

2105 1946 2560 1997 laxe-volutuwmt
2584 1948 2750 1995 cestus
2763 1948 2852 2017 ‚let
2876 1945 3031 2008 gratia
3051 1943 3300 1995 innatabat
3327 1946 3478 1994 cesto.

2167 2034 2402 2083 Hastatus
2433 2031 2782 2095 sine-lanugine
2809 2030 3095 2095 splendebat
3121 2030 3234 2079 dius
3262 2035 3502 2080 Aenianes
3517 2069 3531 2087 ,

2106 2122 2272 2172 nudus
2304 2120 2451 2171 annis
2479 2141 2491 2169 ι
2519 2120 2863 2183 speculabatur
2881 2119 3082 2182 quidem
3101 2118 3314 2183 gladium
3339 2119 3534 2168 vibrare

2105 2209 2274 2259 dextra
2290 2248 2303 2271 ‚
2335 2209 2532 2259 sinistra
2551 2222 2670 2258 vero
2692 2210 2890 2258 scutum
2920 2220 3110 2257 aeneum
3131 2208 3315 2270 erigere

2107 2298 2350 2348 schemate
2373 2296 2637 2355 artificiali3
2659 2309 2836 2361 pugnae
2864 2298 3028 2346 autem
3050 2297 3208 2345 minas
3235 2294 3408 2345 edebat
3423 2334 3435 2354 ,

2107 2386 2267 2436 antimo
2295 2386 2471 2435 audaci
2498 2385 2778 2434 stimulatus
2806 2404 2818 2434 ι
2854 2384 2982 2433 oculi
3014 2384 3143 2433 enim
3439 2396 3448 2403 ·

2106 2474 2365 2537 genuinam
2384 2472 2596 2523 indolem
2617 2473 2898 2523 bellicosam
2919 2472 3238 2522 ostendebant
3263 2471 3592 2521 AEacidarum.

2171 2561 2284 2619 Fuit
2305 2561 2372 2611 ihi
2404 2561 2554 2611 etiam
2577 2562 2865 2611 Meacuams
2893 2560 3224 2623 aurea-virg&
3253 2564 3389 2609 stans
3411 2564 3580 2609 autem

2106 2643 2273 2693 dextra
2296 2644 2410 2693 alati
2427 2644 2700 2693 attrahebat
2726 2644 2930 2693 sandalii
2949 2644 3143 2693 vincula
3161 2682 3173 2703 ‚

2107 2733 2157 2782 in
2183 2732 2314 2781 viam
2343 2732 2536 2781 evolare
2555 2732 2756 2795 cupiens
2782 2752 2794 2780 ι
2821 2733 2922 2795 jam
2949 2731 3078 2781 enim

2107 2823 2260 2871 citum
2279 2819 2454 2884 pedem
2475 2819 2700 2869 dextrum
2725 2818 2936 2869 habebat
2963 2819 3192 2868 innexum
3207 2858 3218 2880 ‚
3249 2820 3327 2868 cui
3359 2820 3608 2870 sinistram

2106 2923 2309 2958 manum
2331 2907 2587 2958 intendens
2614 2907 2666 2956 in
2694 2906 2930 2957 aetherem
2963 2909 3113 2957 erexit
3148 2908 3384 2957 circulum
3411 2908 3578 2970 visus,

2109 2997 2245 3047 velut
2274 2999 2464 3060 patrem
2491 2995 2742 3046 dominum
2756 2995 3122 3058 jussa-dantem
3141 2995 3362 3048 audiens.

2111 3149 2222 3194 Fata
2249 3161 2390 3209 super
2416 3144 2624 3209 tripodas
2649 3160 2862 3192 reserans
2885 3159 3056 3192 amana
3081 3145 3283 3194 sederet.

2658 3270 2760 3317 ΙΝ.
2801 3270 2874 3314 De
2909 3269 3106 3316 Venere.

2109 3397 2268 3445 Tertia
2296 3411 2345 3444 se
2372 3394 2510 3444 nobis
2535 3394 2678 3443 etiam
2703 3399 2867 3442 Venus
2891 3409 3034 3442 aurea
3061 3401 3293 3443 monstrat

2109 3485 2254 3529 Veste
2280 3479 2374 3529 levi
2401 3479 2733 3540 velatasinu53
2756 3477 2862 3527 ssuit
2887 3477 3038 3527 ubera
3057 3478 3238 3528 circum

2109 3566 2303 3626 Cestus,
2328 3571 2377 3612 et
2399 3560 2449 3610 in
2472 3577 2656 3611 summo
2679 3559 2848 3610 diffusa
2872 3567 2943 3609 est
2961 3561 3112 3625 gratia
3137 3570 3282 3609 cesto.

2657 3700 2786 3746 LVI.
2814 3700 2889 3744 De
2913 3693 3117 3746 Achille.

2108 3817 2270 3879 Fulget
2294 3816 2413 3865 ssore
2434 3831 2575 3878 genas
2601 3813 2812 3864 nondum
2837 3814 3017 3864 velatus
3040 3812 3280 3873 Achilles,

2107 3900 2266 3948 Armis
2291 3899 2470 3965 absque
2495 3897 2612 3948 levis
2629 3936 2643 3962 ,
2665 3897 2747 3946 sed
2770 3898 2938 3946 dextra
2960 3897 3177 3964 protinus
3200 3895 3384 3945 hastam

2105 3984 2296 4033 Tollere
2322 3992 2540 4044 conatur,
2563 3983 2876 4048 clypeumque
2898 3997 2958 4030 ex
2981 3997 3074 4030 iere
3097 3980 3311 4036 sinistra,

2107 4068 2237 4117 Artis
2259 4067 2320 4117 ab
2349 4067 2576 4133 imperio;
2597 4065 2874 4130 bellumque
2894 4064 3099 4114 immane
3126 4065 3337 4112 minatur

2106 4150 2286 4200 Audaci
2314 4149 2462 4198 fidens
2484 4150 2643 4198 animo
2676 4165 2688 4199 z
2713 4147 2943 4213 spirantia
2963 4149 3170 4195 Martem

2104 4233 2305 4282 Lumina
2333 4232 2658 4280 demonstrant
2681 4245 2848 4278 verum
2875 4243 3020 4292 genus
3050 4227 3369 4277 AEacidarum.

2617 4367 2763 4414 Lvn.
2797 4369 2870 4413 De
2897 4365 3155 4414 Mercurio.

2107 4492 2176 4537 En
2201 4487 2290 4536 tibi
2313 4485 2603 4540 Mercurius,
2639 4484 2700 4532 de
2727 4483 2859 4532 fulvo
2884 4483 3012 4546 virga
3034 4481 3230 4531 metallo

2104 4577 2260 4636 Quem
2284 4578 2456 4635 gestata
2483 4568 2649 4628 decet,
2675 4568 2842 4616 dextra
2867 4565 3032 4614 talaria
3057 4564 3206 4612 nectit

2107 4659 2319 4703 Intentus
2340 4652 2549 4700 celerare
2573 4651 2698 4698 viam
2722 4665 2735 4699 ε
2755 4650 2853 4714 jam
2877 4646 3057 4713 poplite
3083 4645 3253 4693 dextro

2107 4736 2288 4786 Nititur
2309 4731 2614 4793 incumbens,
2635 4746 2803 4780 manus
2825 4739 2896 4778 est
2919 4736 3140 4794 protenta
3163 4725 3372 4776 sinistra.

2105 4825 2210 4886 Ipse
2231 4819 2390 4867 oculos
2415 4816 2545 4867 tollit
2574 4815 2750 4881 templa
2775 4814 2834 4863 ad
2861 4810 3093 4872 coelestia,
3115 4819 3356 4875 tamquam

2105 4901 2313 4952 Auribus
2338 4898 2568 4948 hamur-us
2591 4898 2745 4962 magni
2769 4896 2988 4945 mandata
3015 4892 3242 4959 parentis.
