3829 5747
433 178 555 239 210
1550 181 2058 249 ANTHOLOGIAE
2103 187 2506 250 PALATINAE

514 338 537 361 α
581 310 738 390 ἔργα,
766 312 879 372 νὲον
902 314 1078 386 τήκειν
1111 314 1258 383 ἄνθος
1286 317 1611 395 ἕπιστάμενα
1641 346 1688 381 ¹².

379 378 387 387 .
432 395 624 459 Εἵλετο
655 400 708 457 δὲ
738 400 1021 483 στεφάνους
1060 404 1152 463 καὶ
1176 404 1405 476 πηκτίδα
1435 406 1521 465 καὶ
1550 406 1685 484 μετὰ
1714 407 1909 487 κώμων

510 491 545 559 ἡ
572 489 695 555 παῖς
717 490 932 568 τερπνὸν
963 490 1103 571 ἔχειν
1128 494 1181 551 ἐν
1211 492 1412 561 θαλίαις
1438 495 1629 573 βίοτον·

2151 340 2174 365 u
2210 335 2389 387 opera3
2415 337 2528 387 quae
2551 320 2799 375 recentem
2821 324 3098 377 tabefacere
3123 327 3290 378 liorem
3315 328 3467 380 scitis.
3506 352 3534 372 ›-

2083 409 2303 473 Sumpsit
2329 412 2495 461 autem
2521 412 2686 474 puella
2713 426 2915 463 coronas
2929 418 2980 465 et
3005 414 3244 465 citharam
3265 418 3452 466 etcum
3473 415 3684 465 comis-

2139 494 2410 559 jucundnm
2432 494 2613 547 habere
2634 497 2685 547 in
2715 498 3064 549 festivitatibus
3082 501 3261 559 vitam3
3360 500 3688 564 [sationibus

432 563 548 633 εἶπε
579 576 663 633 δέ·
692 603 717 627 ιι
762 578 965 645 Παντὸς
1010 580 1092 638 σοὶ
1128 582 1351 653 δεκάτην
1388 582 1493 641 ἀπὸ
1530 582 1805 661 λήμματος
1834 584 1990 659 οἴσω,
2083 581 2134 630 et
2163 580 2285 632 (¹1³¹st
2314 602 2327 631 ²
2355 601 2380 626 “
2400 584 2546 633 omni
2569 584 2632 633 ab
2653 587 2852 649 accePto
2874 585 3113 637 decimam
3131 588 3219 638 tibi
3247 590 3427 649 feram,

324 684 376 724 10
510 691 535 715 «ι
583 664 793 745 Κύπρι·
826 666 888 725 σὺ
920 668 965 725 δ’
996 668 1244 749 ἐργασίην
1274 670 1364 729 καὶ
1395 669 1526 731 λάὸε
1559 673 1650 733 καὶ
1688 674 1910 749 μετάδος
1938 701 1987 734 υ.

904 820 1040 871 286.
1092 812 1507 875 ΛΕΩΝΙΔΟΥ.

423 951 537 1019 Τῆς
560 950 717 1019 πέζης
743 948 811 1007 τὰ
841 949 936 1029 μὲν
964 950 1099 1030 ἄκρα
1127 954 1193 1011 τὰ
1222 954 1362 1025 δεξιὰ
1390 955 1549 1037 μέχρι
1575 958 1868 1031 παλαιστῆς

504 1038 593 1095 καὶ
630 1042 901 1114 σπιθαμῆς
924 1038 1081 1111 οὕλης
1110 1042 1319 1102 Βίττιον
1350 1046 1633 1125 εἰργάσατο
1651 1068 1665 1084 ·

424 1123 617 1205 θάτερα
642 1127 687 1184 δ’
721 1126 1041 1209 Ἀντιάνειρα
1065 1128 1431 1211 προσήρμοσε·
1478 1130 1566 1190 τὸν
1594 1132 1648 1191 δὲ
1674 1132 1867 1209 μεταξὺ

505 1215 789 1294 μαίανδρον
809 1218 901 1275 καὶ
935 1218 1031 1285 τὰς
1049 1222 1365 1297 παρθενικὰς
1386 1222 1563 1293 Βιτίη.

419 1303 633 1380 Κουρᾶν
661 1303 921 1377 καλλίστη
946 1306 1069 1374 Διὸς
1088 1353 1105 1384 ,
1126 1304 1371 1390 Ἄρτεμι,
1404 1317 1559 1370 τοῦτο
1578 1310 1637 1370 τὸ
1667 1316 1811 1388 ν’ἥμα

498 1392 627 1469 πρὸς
646 1396 821 1473 ψυχῆς
845 1394 1011 1466 θείης,
1036 1394 1130 1466 τὴν
1160 1399 1475 1478 τριπόνητον
1505 1399 1635 1479 ἔριν.

845 1546 981 1597 287.
1030 1538 1553 1601 ΑΝΤΙΠΑΤΡΟΥ.

414 1668 633 1753 Ἄρτεμι
646 1718 665 1751 ,
690 1674 772 1735 σοὶ
794 1674 993 1737 ταύταν
1009 1725 1025 1755 ,
1058 1680 1341 1761 εὐπάρθενε
1355 1728 1371 1756 ,
1394 1682 1560 1742 πότνα
1582 1686 1872 1761 γυναικῶν,

493 1762 589 1821 τὰν
620 1763 747 1840 μίαν
777 1766 833 1823 αἱ
861 1766 1070 1846 τρισσαὶ
1098 1770 1258 1839 πέζαν
1289 1769 1617 1851 ὖφηνάμεθα.

415 1849 526 1908 Καὶ
556 1851 711 1923 Βιτίη
740 1851 835 1927 μὲν
853 1854 1013 1912 τάσδε
1034 1858 1377 1938 χοροιθαλέας
1402 1860 1541 1935 κάμε
1557 1860 1743 1939 κούρας
1758 1904 1775 1932 ,

492 1938 615 2007 λοξά
644 1962 703 1998 τε
734 1940 1039 2023 Μαιάνδρου
1071 1946 1245 2024 ῥεῖθρα
1276 1947 1703 2021 παλιμπλανέος·

413 2024 570 2095 ξανθὰ
595 2027 643 2085 δ’
672 2027 993 2110 Ἀντιάνειρα
1023 2030 1112 2089 τὸν
1136 2034 1323 2113 ἀγχόθι
1348 2035 1560 2112 μήσατο
1579 2039 1776 2115 κόσμον
1793 2084 1810 2115 ,

489 2115 617 2195 πρὸς
640 2119 768 2197 λαιᾷ
796 2124 1038 2195 ποταμοῦ
1066 2122 1370 2200 κεκλιμένον
1397 2123 1611 2200 λαγόνι·

409 2207 497 2263 τὸν
524 2206 579 2262 δέ
605 2228 666 2263 νυ
698 2205 968 2286 δεξιτερῶν
994 2214 1212 2283 νασμῶν
1242 2212 1407 2277 πέλας
1432 2215 1802 2275 ἶσοπάλαιστον

488 2298 669 2353 τοῦτον
690 2296 778 2354 ἐπὶ
803 2301 1041 2374 σπιθαμῇ
1072 2298 1279 2358 Βίττιον
1309 2300 1558 2371 ἠνύσατο.

887 2450 1025 2502 288.
1072 2443 1484 2505 ΛΕΩΝῙΔΟΥ.

406 2577 475 2635 Αἱ
508 2574 846 2653 Λυκομήδεος
874 2578 1086 2651 παῖδες,
1114 2578 1313 2653 ’Ao-mab
1341 2582 1431 2641 καὶ
1456 2584 1713 2645 Μελίτεια

482 2663 573 2721 καὶ
602 2663 785 2725 Φιντὼ
826 2667 1014 2737 Γληνίς
1048 2670 1121 2739 θ’,
1148 2670 1201 2727 αἱ
1236 2670 1664 2749 φιλοεργόταται,

402 2750 431 2781 '⁵
460 2752 627 2830 ἔργων
654 2756 713 2812 ἐκ
747 2752 965 2821 δεκάτας
994 2758 1279 2833 ποτιθύμια
1297 2804 1312 2828 ,
1336 2758 1423 2817 τόν
1448 2783 1504 2817 τε
1533 2763 1820 2841 πρόσεργον

482 2840 739 2920 ἄτρακτον
758 2889 774 2916 ,
805 2842 894 2902 καὶ
918 2844 1010 2904 τὰν
1043 2844 1197 2924 ἄτρια
1226 2846 1543 2926 κριναμέναν

322 2952 347 2988 5
400 2931 640 3008 κερκίδα,
672 2930 767 2990 τὰν
797 2933 955 2992 ἱστῶν
988 2935 1287 3008 μολπάτιδα
1306 2979 1323 3009 ,
1354 2938 1442 2996 καὶ
1464 2937 1531 2995 τὰ
1560 2949 1782 3020 τροχαῑα

477 3016 641 3076 πανία
658 3063 675 3092 ,
700 3019 729 3045 *
752 3020 1043 3099 κερταστὰς
1069 3021 1255 3082 τούσδε
1284 3024 1656 3107 ποτιρῤογέας,

398 3103 488 3161 καὶ
516 3103 540 3126 *
564 3107 769 3173 σπάθας
792 3107 1039 3187 εὗὸριθεῖς
1070 3111 1424 3191 πολυάργυρα·
1448 3111 1549 3181 τὼς
1575 3117 1629 3173 δὲ
1654 3118 1899 3198 πενιχραὶ

480 3191 533 3259 ἐξ
562 3191 752 3270 ὀλίγων
780 3195 959 3273 ὀλίγην
989 3205 1176 3276 μοῖραν
1199 3201 1583 3278 ἀπαρχόμεθα,

403 3283 505 3359 νῷν
534 3280 694 3361 χέρας
720 3281 872 3358 αἴσι’,
891 3283 1107 3354 Ἀθάνα,
1130 3288 1450 3359 ἐπιπλήσαιο
1478 3289 1572 3366 μὲν
1601 3289 1754 3364 ἴσως,

302 3390 351 3430 ¹0
476 3370 618 3441 θείης
638 3371 682 3427 δ’
709 3369 984 3438 εὖσιπῦους
1012 3371 1065 3440 ἐξ
1086 3375 1459 3451 ὀλιγησιπῦων.

907 3515 1031 3566 289.
1071 3519 1190 3565 ΤΟΥ
1224 3521 1431 3571 ΑΥΤΟΥ.

392 3643 671 3718 Αὗτονόμα
688 3689 703 3718 ,
734 3643 991 3703 Μελίτεια
1013 3688 1031 3717 ,
1058 3644 1299 3706 Βοίσκιον
1317 3692 1332 3721 ,
1358 3651 1413 3707 αἱ
1438 3651 1751 3734 Φιλολάδεω

467 3730 557 3789 καὶ
587 3733 776 3798 Νικοῧς
798 3735 1043 3813 Κρῆσσαι
1072 3736 1226 3813 τρεῖς,
1250 3735 1386 3810 ξένε,
1413 3742 1711 3820 θυγατέρες,

391 3820 425 3878 ἆ
454 3818 551 3896 μὲν
579 3819 669 3878 τὸν
706 3819 977 3902 μιτόεργον
1006 3823 1295 3894 ἀειδίνητον
1326 3826 1611 3906 ἄτρακτον,

469 3908 504 3966 ἃ
529 3907 583 3966 δὲ
605 3909 692 3968 τὸν
720 3911 963 3990 ὀρφνίταν
994 3913 1261 3991 εἶροκόμον
1290 3914 1516 3995 τάλαρον
1533 3962 1551 3989 ,

2043 4092 2116 4143 sit
2141 4094 2274 4143 cordi
2301 4095 2422 4158 tibi,
2453 4107 2564 4147 nata
2582 4101 2733 4160 Jovis,
2755 4100 2934 4165 Diana,
2977 4120 3210 4168 rogamus,

450 4078 671 4127 Auel-itis
686 4089 841 4128 totum
868 4083 1197 4146 quaejuvenile
1222 4084 1381 4138 decus.

383 4163 518 4212 Serta
540 4162 687 4228 capit,
718 4164 1047 4231 citharamque
1069 4166 1161 4216 sibi
1184 4203 1196 4224 ,
1222 4171 1497 4237 mavultque
1516 4173 1675 4239 puella

449 4248 585 4294 Inter
606 4257 874 4298 amalorum
899 4248 1061 4299 vivere
1080 4251 1187 4300 lana
1208 4253 1373 4318 dapes.

380 4331 454 4377 De
478 4331 651 4380 nostris
674 4333 906 4382 decimam
931 4351 1078 4384 voveo
1116 4336 1204 4385 tibi
1239 4339 1510 4403 quaestibu5‚
1542 4340 1701 4409 inquit
1724 4357 1737 4394 ι

444 4415 599 4476 AEqua
622 4423 761 4480 peto,
792 4413 981 4466 lucrum
1005 4427 1057 4468 tu
1084 4435 1201 4486 cape
1223 4420 1381 4487 daque
1408 4427 1592 4476 Venus.

964 4582 1075 4630 286.
1106 4598 1352 4635 uomina.

373 4735 633 4786 Dexterior
656 4739 817 4802 palmo
845 4757 941 4806 qua
967 4759 1017 4792 se
1042 4753 1179 4796 tenus
1208 4748 1373 4799 instita
1402 4751 1549 4816 tollit,

438 4819 619 4870 Bittion
637 4819 731 4872 hoc
753 4824 889 4874 vario
914 4825 1106 4879 flamine
1138 4831 1252 4882 fecit
1283 4850 1422 4900 opus.

369 4900 568 4952 Addidit
591 4906 861 4970 oppositum
886 4909 1009 4960 latus
1041 4913 1293 4964 Antianira
1322 4931 1335 4966 ε
1362 4919 1535 4982 puelle

436 4986 497 5036 Et
518 5001 633 5051 vaga
656 4990 890 5041 Mandri
910 4990 1123 5058 flumina,
1145 5007 1255 5047 sunt
1288 4998 1439 5051 Bitioe.

2149 686 2174 712 σι
2202 670 2349 733 Cypri
2364 672 2446 732 ;tu
2467 674 2632 722 autem
2644 672 3078 738 lucrum-ex-opere
3101 679 3152 726 et
3169 677 3334 741 accipe
3344 682 3393 728 et
3401 677 3634 741 imperti.
3653 698 3684 718 υ

2637 822 2741 867 286.
2777 818 3087 868 LEONIDAE.

2080 954 2238 1005 Limbi
2265 968 2459 1005 summa
2485 954 2658 1006 dextra
2679 971 2840 1020 usque
2865 958 2928 1008 ad
2950 958 3164 1022 palmam

2141 1044 2196 1091 et
2219 1040 2508 1092 dodrantem
2527 1042 2771 1107 integrum
2795 1044 2977 1094 Bittion
3001 1045 3237 1105 conrecit3

2078 1129 2231 1180 altera
2257 1132 2422 1181 autem
2443 1131 2688 1183 Antianira
2706 1132 2953 1195 adiunxit3
2991 1134 3042 1185 in
3065 1135 3231 1186 medio
3251 1150 3372 1186 vero

2137 1217 2440 1269 maeaudrum
2457 1221 2509 1271 et
2528 1220 2738 1284 virgines
2760 1222 2886 1272 Bitia
2903 1222 3050 1287 fecit.

2077 1306 2218 1356 Jovis
2243 1306 2456 1357 filiarum
2477 1307 2832 1373 pulcherrima,
2863 1309 3044 1373 Diana,
3065 1311 3162 1361 hoc
3186 1315 3504 1377 netum-opus

2140 1389 2276 1440 cordi
2301 1389 2483 1442 babeas
2500 1430 2514 1454 ,
2542 1393 2869 1445 trini-laboris
2897 1400 3158 1447 certamen.

2608 1554 2717 1602 287.
2751 1554 3100 1606 ANTIPATRI.

2071 1689 2255 1753 Diana,
2282 1690 2374 1741 tibi
2401 1690 2560 1755 hunc,
2579 1694 2991 1761 praeclara-virgo,
3011 1697 3209 1749 domina
3235 1698 3498 1751 mulierum
3515 1740 3532 1765 ‚

2136 1792 2292 1829 unum
2313 1781 2417 1830 tres
2441 1779 2642 1831 limbum
2665 1782 2905 1846 teximus3

2071 1878 2133 1916 ac
2153 1866 2277 1917 Bitie
2303 1868 2502 1930 quidem
2520 1869 2610 1919 lias
2637 1871 3105 1925 chorum-saltantes
3129 1876 3394 1927 elaboravit
3411 1879 3628 1942 puellas
3643 1920 3662 1943 ,

2129 1957 2182 2004 et
2202 1954 2398 2018 obliqua
2421 1958 2653 2009 Maeandri
2684 1960 2886 2011 flumina
2907 1964 3184 2025 renuentis3

2067 2040 2196 2091 flava
2215 2048 2380 2093 autem
2408 2046 2657 2096 Antianira
2677 2048 2894 2099 vicinum
2928 2050 3218 2115 excogitavit
3241 2058 3590 2107 ornamentum
3613 2096 3632 2117 ,

2127 2129 2191 2179 ad
2215 2130 2466 2183 sinistrum
2495 2134 2632 2185 fluvii
2664 2139 2960 2189 acclinatum
2981 2142 3141 2201 latus3

2067 2217 2192 2270 illud
2209 2221 2312 2283 jam
2328 2236 2482 2287 prope
2498 2226 2672 2277 dextra
2691 2228 2890 2292 fluenta,
2901 2229 3554 2301 latitudine-palmo-aequale

2127 2324 2276 2373 super
2307 2312 2594 2365 dodrantem
2608 2354 2622 2378 ,
2650 2316 2746 2367 hoc
2761 2318 2945 2369 Bittion
2963 2322 3190 2373 absolvit.

2619 2462 2728 2508 288.
2758 2460 2946 2509 LEONI
2951 2464 3066 2513 DAE.

2065 2589 2350 2651 Lycomedis
2379 2592 2492 2643 filiae
2509 2632 2522 2656 ‚
2551 2596 2740 2646 Atlieno
2763 2602 2812 2648 et
2836 2600 3031 2650 Melitea

2125 2680 2176 2727 et
2199 2678 2377 2730 Phinto
2402 2682 2689 2747 Omnisque,
2712 2685 3288 2753 laboris-amantissimae,

2059 2778 2265 2829 operum
2291 2781 2347 2817 cx
2368 2769 2556 2820 dchma
2591 2776 3163 2843 caram-animoqvanem,
3197 2794 3258 2830 ac
3277 2781 3650 2848 labori-aptum

2124 2854 2292 2905 susum
2311 2895 2324 2918 ,
2351 2860 2400 2907 et
2427 2860 2636 2910 stamina
2664 2861 3020 2916 discernentem

2059 2942 2254 2992 radium
2272 2982 2285 3005 ‚
2305 2944 2536 3010 jugorum
2569 2951 2908 3013 cantatricem,
2934 2957 2984 3004 et
3011 2955 3247 3006 rotundos

2119 3032 2356 3094 glomeres
2369 3072 2381 3094 ,
2402 3036 2453 3084 et
2473 3037 2680 3097 quasilla
2705 3035 2816 3088 haec
2839 3041 3086 3102 quondam
3109 3043 3529 3108 lauagaudentia,

2057 3121 2108 3169 et
2129 3120 2327 3183 spathas
2347 3135 2519 3184 graves
2537 3125 3000 3190 multum-operosas
3017 3129 3164 3181 hasce
3181 3170 3194 3194 ‚
3220 3145 3459 3197 pauperes

2117 3222 2178 3258 ex
2203 3207 2385 3272 exiguis
2403 3212 2630 3275 exiguam
2657 3215 2926 3276 portionem
2949 3219 3042 3267 tim
3070 3219 3355 3272 dedicamus
3377 3242 3391 3271 :

2053 3309 2266 3360 quarum
2301 3312 2478 3348 manus
2513 3313 2722 3365 semper,
2751 3304 2994 3368 Minerva,
3035 3307 3236 3372 impleas
3265 3310 3642 3376 ini-posterum,

2117 3385 2367 3448 faciasque
2388 3388 2714 3450 penu-divites
2741 3406 2798 3442 ex
2825 3394 3166 3460 penu-indigis.

2609 3547 2716 3593 289.
2759 3545 2824 3587 ΕΙ
2832 3546 3052 3593 [ISDEM-

2049 3668 2351 3730 Autonoma‚
2381 3669 2606 3734 Melitea,
2633 3673 2905 3739 Boiscium,
2941 3677 3222 3730 Philolaidoe

2107 3757 2158 3804 et
2184 3754 2359 3816 Nicus,
2391 3758 2580 3808 Cressae
2605 3761 2732 3822 tres,
2759 3774 2789 3811 ο
2807 3761 3012 3827 hospes,
3035 3765 3176 3829 filiae,

2043 3839 2153 3892 haec
2176 3841 2565 3896 fila-efficientem
2587 3851 3072 3912 semper-volubilem
3095 3855 3292 3919 fusum3

2106 3931 2190 3981 illa
2219 3935 2517 3984 nocturnum
2541 3934 2783 3988 lanarium
2801 3941 3090 4002 quasilluim

3541 4063 3621 4079 ‘-

2103 4176 2197 4226 Hic
2220 4179 2398 4245 triplici
2421 4191 2607 4231 certans
2624 4183 2874 4234 sedulitate
2903 4187 3060 4240 labor.

2588 4322 2702 4382 287.
2745 4339 3033 4375 surina-nr.

2033 4435 2149 4482 Haec
2171 4433 2322 4484 Diana
2347 4445 2476 4486 tuam
2494 4437 2660 4488 subeat
2683 4457 2788 4506 quae
2811 4442 3001 4493 fimbria
3029 4455 3224 4507 vestem,

2098 4518 2378 4581 Ter-gemino
2411 4537 2639 4571 manuum
2673 4533 2799 4574 texta
2829 4527 2996 4576 labore
3019 4528 3181 4579 datur.

2031 4599 2225 4665 Quippe
2248 4616 2366 4666 opus
2390 4613 2460 4653 est
2483 4605 2628 4654 Bities
2647 4608 2862 4658 saltantis
2891 4611 2986 4658 rite
3009 4613 3209 4676 puellae,

2097 4683 2431 4749 Maeanderque
2454 4685 2606 4736 fluens
2633 4689 2800 4739 obvius
2820 4693 2920 4757 ipse
2946 4693 3056 4742 sibi.

2029 4763 2278 4814 Proximus
2305 4768 2486 4816 accedit
2512 4767 2646 4819 flavae
2671 4771 2812 4821 labor
2835 4774 3132 4840 Antis-nine,

2093 4849 2260 4897 Amnis
2285 4849 2366 4899 ubi
2395 4853 2530 4902 curvi
2551 4855 2655 4920 ripa
2679 4855 2872 4906 sinistra
2900 4858 3043 4910 viret.

2025 4927 2208 4978 Bittion
2231 4931 2288 4980 ad
2314 4935 2518 4999 spatium
2545 4936 2656 4986 fecit
2673 4941 2910 5004 surgentia
2939 4943 3114 5007 palmi,

2092 5013 2262 5064 Omnia
2289 5035 2392 5085 quae
2411 5019 2580 5072 fluvius
2607 5023 2876 5076 dexteriora
2898 5026 3044 5080 videt.
