3829 5747
353 164 469 221 218
1460 156 1969 217 ANTHOLOGIAE
2009 154 2416 215 PALATINAE

430 290 691 371 ἀθρήσας,
720 290 864 369 δειλῇ
892 288 1034 358 τόξον
1056 288 1263 369 ἔκαμψε
1289 287 1434 369 χερί·

350 379 501 457 θηρὸς
525 378 569 437 δ’
591 380 681 439 οὐκ
708 378 1008 457 ἀφάμαρτε·
1037 373 1120 433 διὰ
1150 373 1405 451 στόματος
1427 374 1530 455 γὰρ
1556 373 1724 441 ὀϊστὸς

429 465 589 538 ἤϊξεν,
611 470 795 523 τυτθοῦ
820 463 968 543 βαιὸν
994 462 1183 540 ὕπερθε
1206 463 1437 543 βρέφους.

281 574 307 611 5
352 554 694 629 Παυσάμενος
718 552 769 609 δὲ
800 550 1001 630 φόνοιο,
1028 549 1170 630 παρὰ
1193 547 1309 630 δρυῒ
1330 552 1452 627 τῇδε
1480 550 1735 630 φαρέτρην

428 646 574 717 σῆμα
596 644 684 698 καὶ
706 640 940 718 εὐτυχίης
958 644 1083 711 θῆκε
1102 639 1190 697 καὶ
1208 638 1497 716 εὖστοχίης.

830 781 964 831 332.
1012 772 1417 831 MPIANOY.

351 896 479 965 Ζηνὶ
504 894 607 954 τόδ’
630 894 880 964 Αἰνεάδης
908 891 1091 972 Κασίῳ
1114 897 1163 953 Τ
1169 893 1375 973 ραῖανὸς
1398 894 1639 969 ἄγαλμα,

428 982 660 1063 κοίρανος
694 982 979 1063 ἀνθρώπων
1006 983 1230 1063 κοιράνῳ
1254 982 1539 1056 ἀθανάτων,

351 1069 557 1139 ἄνθετο,
582 1068 695 1127 δοιὰ
723 1068 855 1127 δέπα
874 1069 1229 1126 πολυδαίδαλοι
1245 1112 1261 1145 ,
1287 1068 1377 1125 καὶ
1403 1068 1516 1145 βοὸς
1538 1066 1687 1146 οὔρου

430 1155 656 1225 α’σκητὸν
683 1158 863 1235 χρυσῷ
885 1158 1259 1233 παμφανόωντι
1287 1157 1469 1235 κέρας,

275 1268 301 1306 ⁵
354 1242 527 1309 ἔξαιτα
555 1244 807 1320 προτέρης
838 1242 941 1299 ἀπὸ
972 1241 1180 1314 ληΐδος,
1202 1233 1334 1319 ἦμος
1356 1240 1561 1319 ἀτειρὴς

429 1329 620 1411 πέρσεν
645 1329 965 1407 ὑπερθύμους
994 1320 1037 1408 ᾧ
1068 1330 1167 1388 ὑπὸ
1200 1330 1341 1407 δουρὶ
1377 1331 1557 1394 Γέτας.

351 1417 510 1477 Ἀλλὰ
533 1416 595 1476 σύ
616 1419 662 1475 οἱ
685 1417 775 1474 καὶ
803 1417 955 1486 τήνδε
971 1460 986 1488 ,
1018 1418 1358 1497 Κελαινεφὲς,
1384 1415 1678 1495 ἐγγυάλιξον

429 1507 615 1582 κρῆναι
642 1504 883 1571 ἐϋκλειῶς
910 1504 1054 1580 δῆριν
1077 1502 1435 1581 Ἀχαιμενίην,

351 1588 487 1670 ὄφρα
516 1612 595 1649 τοι
624 1590 918 1669 εἰσορόωντι
944 1590 1181 1668 διάνδιχα
1209 1589 1370 1665 θυμὸν
1400 1588 1536 1670 ἷοιίνῃ

248 1708 299 1748 10
430 1675 575 1750 δοιὰ,
593 1674 661 1735 τὰ
684 1678 776 1753 μὲν
801 1676 1002 1738 Γετέων
1024 1678 1190 1735 σκῦλα
1205 1720 1220 1747 ,
1244 1676 1309 1735 τὰ
1330 1678 1373 1734 δ’
1397 1676 1760 1755 Ἀρσακιδέων.

593 1814 729 1864 333.
764 1803 1077 1864 ΜΑΡΚΟΥ
1118 1802 1659 1863 ΑΡΓΕΝΤΑΡΙΟΥ.

349 1920 521 1999 Ἤδη,
547 1924 761 2005 φίλτατε
783 1922 938 2002 λύχνε
956 1966 973 1994 ,
997 1923 1105 2003 τρὶς
1135 1922 1382 2002 ἔπταρες·
1404 1914 1598 2004 ἧτάχα
1617 1920 1839 2003 τερπνὴν

431 2014 503 2078 εἷς
524 2012 789 2085 θαλάμους
806 2010 945 2082 ἥξειν
967 2010 1257 2087 Ἀντιγόνην
1277 2010 1568 2088 προλέγεις,

353 2102 398 2159 εἷ
422 2098 523 2180 γὰρ
538 2144 555 2173 ,
573 2100 699 2167 ἅναξ
713 2145 729 2175 ,
752 2096 831 2170 εἴη
852 2098 965 2159 τόδ’
991 2098 1264 2175 ἐτήτυμον,
1286 2090 1389 2165 οἷος
1410 2098 1673 2158 Ἀπόλλων

436 2194 637 2261 θνητοῖς
657 2188 841 2265 μάντις
863 2186 959 2268 ἔσῃ
979 2188 1069 2247 καὶ
1098 2188 1161 2246 σὺ
1181 2187 1326 2267 παρὰ
1345 2187 1570 2265 τρίποδι.

838 2326 969 2376 334.
1011 2316 1415 2375 simmam:

354 2434 525 2498 Αὗλια
544 2435 634 2495 καὶ
656 2436 919 2515 Νυμφέων
939 2436 1073 2515 ἱερὸς
1091 2437 1258 2515 πάγος
1271 2481 1286 2507 ,
1304 2436 1370 2494 αἵ
1394 2437 1437 2495 θ’
1457 2436 1558 2497 ὑπὸ
1582 2436 1747 2517 πέτρῃ

430 2523 647 2591 πίδακες
662 2568 677 2595 ,
708 2524 744 2595 ἥ
765 2523 810 2581 θ’
831 2523 1006 2581 ὕδασιν
1026 2526 1352 2600 γειτονέουσα
1374 2525 1522 2590 πίτυς
1536 2572 1551 2597 ,

350 2610 443 2668 καὶ
464 2610 526 2669 σὺ
545 2610 929 2690 τετράγλωχιν,
956 2610 1246 2687 μηλοσσόε,
1276 2614 1509 2678 Μαιάδος
1532 2611 1713 2690 Ἑρμᾶ·
1731 2659 1748 2688 ,

430 2698 485 2766 ὅς
511 2722 569 2759 τε
588 2698 674 2757 τὸν
700 2697 998 2776 αἶγιὸότην,
1026 2701 1166 2775 Πὰν,
1190 2698 1427 2778 κατέχεις
1447 2699 1723 2774 σκόπελον,

352 2783 490 2845 ἵλαοι
516 2785 582 2843 τὰ
606 2786 803 2860 ψαιστὰ
830 2784 889 2844 τό
915 2808 971 2843 τε
1001 2786 1193 2863 σκύφος
1222 2788 1443 2861 ἔμπλεον
1481 2785 1619 2859 οἴνης

434 2870 652 2946 δέξασθ’,
672 2873 938 2934 Αἰακίδεω
962 2876 1102 2953 δῶρα
1130 2875 1522 2952 Νεοπτολέμου.

796 3015 825 3065 3
838 3015 933 3065 35.
980 3006 1493 3066 ΑΝΤΙΠΑΤΡΟΥ.

362 3133 596 3207 Καυσίη,
622 3139 655 3206 ἡ
686 3134 747 3192 τὸ
776 3135 993 3210 πάροιθε
1022 3135 1331 3208 Μακηδόσιν
1369 3135 1578 3196 εὔκολον
1614 3133 1801 3215 ὅπλον,

434 3219 525 3278 καὶ
547 3221 745 3286 σκέπας
777 3225 828 3279 ἐν
856 3227 1078 3300 νιφετῷ,
1102 3223 1192 3281 καὶ
1221 3223 1373 3302 κόρυς
1410 3225 1462 3280 ἓν
1500 3223 1744 3304 πολέμῳ,

356 3307 484 3385 ἱδρῶ
510 3307 778 3388 διψήσασα
808 3317 945 3366 πιεῖν
980 3309 1112 3381 τεὸν,
1136 3310 1327 3384 οἷλκιμε
1360 3310 1584 3383 Πείσων,

437 3391 670 3469 ‘Rauola
697 3393 977 3462 Αὖσονίους
1004 3387 1159 3466 ἦλθον
1193 3397 1278 3455 ἐπὶ
1300 3397 1608 3478 κροτάφους.

358 3477 515 3539 Ἀλλὰ
540 3481 683 3561 φίλος
712 3481 852 3550 δέξαι
882 3505 978 3556 με·
1014 3483 1153 3562 τάχα
1190 3482 1395 3564 κρόκος,
1429 3483 1488 3541 αἵ
1517 3507 1641 3544 ποτε
1674 3485 1883 3566 Πέρσας

435 3567 788 3647 τρεψάμεναι,
812 3569 904 3627 καὶ
931 3570 1012 3628 σοὶ
1036 3571 1253 3650 Θρῇκας
1280 3569 1596 3646 ὑπαξόμεθα.

423 3736 642 3787 Lemavit
662 3737 847 3803 trepida
867 3754 1051 3788 cornua
1080 3747 1209 3788 tensa
1238 3755 1401 3790 manu.

359 3823 460 3872 Nec
482 3837 647 3870 manus
659 3821 838 3870 erravit
852 3857 867 3882 ,
890 3821 1125 3888 serpentis
1138 3823 1189 3871 in
1212 3839 1297 3872 ore
1320 3823 1485 3887 sagitta

426 3902 650 3952 Constitit
672 3937 687 3963 ,
704 3901 767 3950 ab
788 3903 923 3968 pueri
950 3918 1096 3968 quam
1120 3920 1270 3970 prope
1289 3906 1427 3954 missa
1455 3916 1615 3971 caput.

360 3985 531 4035 Victor
546 4001 691 4035 ovans
704 4003 881 4051 quercu
914 3986 1189 4053 pharetram
1210 3989 1455 4054 suspendit
1476 3989 1538 4038 ab
1556 3990 1641 4039 ista
1658 4026 1673 4054 ,

428 4071 637 4119 Fortuna
659 4069 857 4119 dubium
880 4072 1035 4119 clarus
1052 4087 1113 4120 an
1138 4080 1242 4120 arte
1264 4071 1425 4137 magis.

758 4180 871 4228 332.
914 4196 1120 4228 annum
1148 4197 1496 4231 iuven-roais.

366 4286 593 4335 AEneades
620 4287 756 4336 Casio
772 4289 1003 4352 Trajanus
1021 4289 1144 4338 dona
1172 4291 1377 4339 Tonanti
1396 4327 1412 4352 ,

432 4373 537 4418 Rex
563 4369 812 4418 hominum
832 4372 928 4436 regi
952 4371 1140 4421 dedicat
1174 4372 1261 4421 ista
1284 4374 1444 4434 delini,

366 4451 455 4500 Uri
472 4454 647 4516 grande
682 4453 816 4502 bovis
845 4470 1010 4511 cornu,
1040 4455 1165 4520 quod
1192 4454 1381 4504 bractea
1406 4455 1521 4504 levit

430 4537 606 4592 Aurea,
624 4543 851 4600 praeterea
875 4538 1081 4600 stragula
1112 4536 1240 4601 picta
1274 4538 1368 4585 duo
1385 4573 1398 4595 ‚

366 4618 439 4664 De
471 4616 628 4680 pmda
646 4615 819 4665 donata
843 4616 935 4665 sibi
952 4653 965 4677 ,
992 4633 1087 4682 quo
1110 4628 1325 4683 tempore
1350 4618 1521 4666 victrix

432 4698 582 4764 Ipsius
604 4697 861 4748 indomitos
885 4701 1089 4764 perculit
1114 4700 1249 4750 hasta
1272 4705 1436 4750 Getas.

368 4783 433 4829 At
453 4789 520 4834 tu,
545 4795 727 4829 summe
748 4791 905 4846 pater,
926 4782 987 4831 da
1005 4799 1130 4832 nunc
1148 4798 1271 4832 nova
1290 4799 1467 4841 rursus,
1506 4793 1556 4833 ut
1586 4783 1655 4833 illi

434 4861 599 4910 Gloria
628 4861 859 4910 Mavortis
884 4873 1045 4926 surgat
1065 4862 1355 4912 Achaemenii
1379 4879 1392 4912 :

372 4947 435 4993 Ut
454 4959 611 4993 coram
638 4943 799 5010 positis
817 4945 979 5010 spoliis
998 4947 1156 4997 laetere
1179 4946 1365 4996 duobus
1380 4982 1394 5004 ‚

2041 296 2270 357 vidisset,
2294 292 2467 345 timida
2487 306 2662 344 arcum
2687 290 2910 343 curvavit
2933 304 3112 352 manu3

1983 384 2146 434 a-rera
2173 386 2338 433 antem
2363 396 2460 431 non
2484 380 2726 431 aberravit
2746 400 2760 429 ι
2779 392 2894 429 nam
2911 392 2998 442 per
3015 391 3072 427 os
3091 377 3264 441 sagitta

2045 469 2316 533 penetravit
2335 469 2537 533 paulum
2555 480 2704 529 supra
2717 466 2989 530 puerulum.

1983 562 2142 621 Atque
2165 562 2360 621 peracta
2383 556 2518 607 caede
2543 555 2608 605 ad
2633 556 2757 604 hanc
2783 566 3019 615 quercum
3039 551 3318 616 pharetram

2045 644 2266 708 apposuit
2280 684 2294 706 ,
2325 644 2516 707 signum
2540 646 2591 692 et
2618 641 3022 691 faustas-fortunae
3044 642 3096 689 et
3121 638 3372 689 sollertiae.

2553 776 2662 823 332.
2692 772 2966 821 ADRIANI.

1983 885 2096 935 Jovi
2115 884 2353 935 AEneades
2379 883 2524 934 Casio
2547 882 2644 932 hoc
2671 882 2909 947 Traianus
2935 883 3270 931 ornamentum
3283 914 3298 939 ‚

2046 971 2318 1022 dominator
2343 970 2597 1021 bominum
2621 967 2914 1019 dominatori
2931 966 3275 1017 immortalium
3296 1006 3310 1027 ,

1985 1058 2256 1122 dedicavit,
2284 1058 2398 1108 bina
2421 1058 2600 1121 pocula
2626 1056 2912 1117 artificiosa,
2935 1058 2986 1105 et
3001 1053 3139 1104 bovis
3157 1054 3232 1102 uri

2046 1146 2325 1196 decoratum
2346 1160 2468 1195 auro
2497 1145 2712 1208 fulgente
2733 1156 2884 1192 cornu
2903 1180 2917 1203 ,

1985 1238 2140 1287 electa
2163 1236 2324 1299 priore
2345 1249 2406 1286 ex
2424 1234 2590 1299 praeda
2604 1271 2618 1295 ‚
2637 1246 2790 1295 quum
2807 1228 3172 1293 indefatigabilis

2046 1322 2255 1388 perdidit
2277 1322 2514 1387 superbos
2533 1334 2624 1373 sua
2647 1320 2741 1371 sub
2767 1320 2908 1369 basta
2940 1320 3106 1367 Getas.

1987 1414 2050 1461 At
2073 1414 2127 1461 tu
2151 1410 2196 1460 ei
2217 1410 2364 1461 etiam
2385 1409 2535 1471 hanc,
2565 1406 3033 1458 Obscum-nubilam
3050 1443 3064 1466 ,
3093 1404 3253 1455 tribue

2048 1502 2108 1549 ut
2129 1499 2349 1548 absolvat
2369 1495 2574 1560 gloriose
2603 1507 2814 1559 pugnam
2841 1492 3198 1543 Achaemeniam
3213 1530 3228 1552 ‚

1987 1602 2086 1651 quo
2109 1587 2198 1637 tibi
2215 1585 2498 1649 adspicienti
2522 1584 2742 1633 bifariam
2761 1580 2971 1646 gaudeat
2997 1580 3189 1630 animus

2049 1674 2348 1734 de-duobuS,
2373 1676 2424 1723 et
2452 1674 2686 1721 Getarum
2708 1669 2875 1734 spoliis
2901 1672 2952 1719 ct
2978 1666 3326 1718 Arsacidarum.

2383 1809 2494 1857 333.
2513 1805 2711 1854 MARCI
2741 1802 3137 1853 ARGENTARII.

1989 1937 2116 1996 Jam,
2127 1934 2635 1993 amicissimalucerna‚
2647 1936 2722 1983 ter
2735 1932 3017 1984 sternutasti
3035 1953 3046 1981 ι
3061 1946 3124 1981 an
3137 1930 3387 1991 sortcjucu
3395 1932 3564 1976 uttam

2049 2022 2100 2072 in
2121 2022 2359 2072 thalamos
2381 2024 2774 2071 venturam-esse
2797 2020 3063 2083 Antigonen
3079 2016 3336 2081 proedicis?

1989 2109 2032 2159 si
2053 2109 2181 2159 enim
2209 2109 2303 2158 hoc
2327 2108 2394 2157 ita
2414 2110 2514 2167 est,
2540 2107 2767 2184 domina²
2788 2106 2946 2170 qualis
2972 2106 3170 2169 Apollo,

2051 2196 2335 2245 mortalibus
2351 2198 2409 2245 tu
2432 2208 2630 2258 quoque
2656 2198 2794 2245 vates
2815 2194 2910 2244 eris
2930 2192 3063 2256 apud
3081 2190 3336 2255 tripodem.

2531 2328 2640 2373 334.
2674 2324 2985 2373 LEONIDAE.

1991 2455 2140 2503 Antra
2161 2456 2210 2503 et
2233 2452 2563 2517 Nympharum
2585 2465 2727 2502 mons
2750 2465 2902 2514 sacer,
2923 2454 2976 2500 et
2993 2450 3088 2500 sub
3109 2464 3230 2513 rupe

2054 2541 2212 2591 sontes
2225 2580 2237 2601 ‚
2265 2543 2314 2591 et
2336 2541 2478 2603 aquis
2499 2540 2657 2589 vicina
2679 2540 2850 2604 pinus,

1993 2630 2044 2678 et
2055 2631 2112 2678 tu
2127 2627 2705 2692 quadrangulari-forma,
2722 2627 3054 2685 ovium-tutor,
3071 2624 3210 2685 Majoe
3228 2624 3294 2673 lili
3310 2625 3556 2683 Mercuri,

2054 2718 2104 2765 et
2129 2715 2216 2778 qui
2244 2718 2716 2780 capras-pascentem
2741 2718 2878 2765 tenes
2906 2714 3186 2777 scopulum,
3215 2716 3313 2761 Pan
3331 2751 3343 2771 ‚

1997 2801 2181 2865 benigni
2211 2801 2318 2851 haec
2335 2802 2432 2852 liba
2449 2805 2499 2852 et
2519 2803 2750 2865 poculum
2775 2801 2974 2865 plenum
2995 2799 3094 2849 vini

2056 2891 2283 2954 accipite,
2309 2891 2519 2941 AEaridae
2546 2890 2674 2940 dona
2701 2889 3014 2953 Neoptolemi.

2525 3022 2634 3068 335.
2667 3018 3015 3067 ANTIPATRI.

1999 3147 2200 3208 Causia,
2225 3147 2306 3197 illa
2333 3147 2580 3210 quondam
2607 3145 2953 3197 Macedonibus
2977 3143 3230 3194 commoda
3258 3157 3395 3194 arma
3411 3182 3425 3205 ‚

2059 3237 2109 3283 et
2135 3235 2327 3298 tegmen
2353 3235 2400 3284 in
2428 3234 2566 3295 nive,
2591 3237 2642 3283 et
2666 3234 2801 3297 galea
2825 3234 2874 3282 iu
2899 3232 3052 3295 benc,

2000 3321 2228 3371 sudorem
2257 3322 2424 3371 sitiens
2449 3321 2612 3372 bibere
2636 3325 2780 3371 tuum
2795 3361 2808 3382 ,
2835 3321 2974 3370 sortis
2999 3320 3135 3382 Piso,

2059 3409 2281 3458 Emathia
2302 3409 2415 3459 veui
2443 3409 2492 3458 in
2521 3408 2732 3458 Ausonia
2757 3411 2992 3471 tempora.

2001 3499 2064 3547 At
2087 3495 2323 3560 benignus
2347 3509 2465 3559 cape
2491 3510 2584 3546 nze.
2603 3499 2826 3546 Fortasse
2847 3493 3054 3545 stamina
3069 3533 3081 3556 ,
3101 3508 3214 3556 quie
3238 3493 3355 3543 olim
3381 3495 3558 3543 Persas

2061 3583 2334 3648 fugavimus
2346 3622 2358 3646 ‚
2379 3585 2525 3634 etiam
2541 3583 2630 3633 tibi
2648 3583 2863 3632 Thracas
2882 3581 3210 3644 subjiciemus.

2068 3747 2128 3792 Et
2153 3745 2330 3794 Geticae
2352 3744 2522 3808 gentis,
2548 3747 2700 3808 gentis
2721 3753 2770 3793 et
2797 3741 3020 3794 Arsacias.

2441 3853 2554 3901 333.
2581 3867 2737 3900 naam
2775 3865 3092 3899 sanein-anu.

2001 3961 2110 4007 Jam
2129 3958 2402 4007 sternutasti
2431 3967 2525 4017 ter,
2554 3957 2646 4008 fida
2679 3957 2874 4007 lucerna
2901 3955 3129 4006 :venitue

2069 4039 2306 4104 Antigona
2327 4041 2387 4088 ad
2405 4050 2622 4089 nostrum
2642 4049 2690 4089 te
2713 4039 2832 4088 mihi
2858 4048 2963 4087 vate
2991 4047 3150 4087 torum
3165 4041 3190 4086 ἓ

2003 4123 2050 4173 si
2073 4123 2254 4188 signum
2278 4140 2352 4172 res
2367 4123 2465 4189 ipsa
2488 4123 2679 4188 probat,
2708 4139 2796 4172 ceu
2817 4135 3006 4184 magnus
3031 4121 3202 4185 Apollc

2070 4211 2142 4255 Tu
2163 4223 2354 4273 quoque
2377 4206 2590 4256 fatidicos
2611 4205 2756 4255 stabis
2779 4206 2906 4271 apud
2931 4203 3156 4270 tripodas.

2432 4317 2550 4371 334.
2586 4311 2808 4363 Leonum
2829 4329 3115 4360 rna-snm.

2575 4423 2680 4471 Diis
2713 4419 2994 4488 agrestibus.

2007 4537 2050 4582 O
2077 4532 2260 4581 stabula
2277 4566 2290 4586 ,
2315 4548 2344 4581 o
2369 4547 2510 4597 rupes
2531 4530 2766 4596 Nymphis
2787 4546 2935 4585 sacra,
2961 4539 3107 4594 tuque
3131 4527 3220 4576 sub
3245 4527 3325 4576 illa

2074 4618 2193 4664 Fons
2208 4624 2255 4663 et
2283 4613 2486 4662 fontanae
2510 4613 2722 4678 proxima
2747 4613 2886 4679 pinus
2907 4627 3057 4676 aquae,

2007 4701 2172 4760 Tuque
2195 4696 2354 4744 ovium
2377 4705 2550 4754 custos,
2575 4695 2704 4760 Maja
2721 4704 2840 4756 sate,
2870 4694 3071 4757 imagine
3098 4692 3274 4756 quadra

2074 4783 2135 4828 Et
2158 4779 2239 4843 qui
2263 4795 2368 4827 cum
2391 4779 2573 4843 capreis
2590 4778 2690 4827 liaec
2712 4779 2839 4842 juga,
2875 4781 3052 4838 Fzmne,
3079 4785 3227 4838 tenes,

2009 4867 2108 4911 llos
2129 4862 2222 4910 vini
2244 4862 2424 4920 latices,
2457 4861 2558 4910 luec
2577 4862 2746 4910 mellea
2767 4861 2862 4910 liba
2893 4860 3102 4909 volentes

2077 4944 2254 4994 Sumite
2280 4943 2340 4992 ab
2367 4943 2551 4992 AEacitla
2575 4943 2694 4992 dona
2715 4943 3046 5009 Neoptolemo.
