3829 5747
490 252 615 313 292
1610 251 2112 312 ANTHOLOGIAE
2155 250 2553 311 PALATINAE

562 381 652 439 καὶ
674 380 758 441 διὰ
783 387 932 441 τοῦτο
957 381 1123 440 θανεῖν
1152 381 1337 460 μέλλεν
1368 380 1735 462 Ἀναξαγόρας·

484 468 599 527 ἀλλ’
622 471 650 527 ὁ
676 472 820 549 φίλος
848 471 1106 549 Περικλῆς
1136 466 1230 545 μὲν
1256 468 1478 550 ἐρύσατο
1504 474 1701 529 τοῦτον·
1723 473 1751 527 ὁ
1771 468 1814 527 δ’
1840 468 1996 528 αὑτὸν

563 556 807 636 ίξᾶγαγεν
838 557 1009 634 βιότου
1039 558 1305 636 μαλθακίῃ
1335 557 1534 639 σοφίης.

1006 695 1095 745 96.
1130 698 1249 743 ΤΟΥ
1287 698 1498 745 ΑΥΤΟΥ.

484 818 619 879 Πῖνέ
643 842 732 877 νυν
757 820 809 876 ἕν
838 816 1014 885 Διὸς’Δ
981 841 1076 896 ων,
1099 842 1144 876 ω
1170 818 1470 898 Σώκρατες·
1493 810 1527 890 ἦ
1550 842 1607 877 σε
1629 816 1730 898 γὰρ
1753 817 1913 883 ὄντως

562 905 650 964 καὶ
674 904 826 986 σοφὸν
848 896 961 964 εἶπε
984 905 1055 965 θ·“
1015 930 1123 976 ε,ος
1148 905 1239 963 καὶ
1262 906 1369 973 θεὸς
1396 910 1429 976 ἡ
1460 906 1636 985 σοφία.

484 996 627 1076 Πρὸς
647 996 748 1077 γὰρ
779 986 1058 1068 Ἀθηναίων
1085 996 1298 1056 κώνειον
1328 999 1505 1065 ἁπλῶς
1528 997 1591 1056 συ
1615 996 1795 1069 ἐδέξω,

562 1086 711 1144 αὐτοὶ
732 1084 777 1144 δ’
804 1084 999 1153 ἐξέπιον
1022 1090 1175 1144 τοῦτο
1202 1089 1303 1165 τεῷ
1327 1085 1571 1163 στόματι.

1013 1227 1081 1278 97
1092 1266 1103 1279 .
1135 1230 1254 1275 ΤΟΥ
1289 1231 1501 1279 ΑΥΤΟΥ.

483 1350 564 1412 Οὖ
593 1348 746 1423 μόνον
775 1352 826 1417 ἐς
851 1348 1064 1430 Πέρσας
1090 1350 1249 1422 suffr,
1274 1352 1517 1431 Ξενοφῶν
1548 1350 1631 1411 διὰ
1660 1354 1855 1430 Κῦρον,

564 1437 679 1497 ἀλλ’
704 1436 882 1497 ἄνοδον
903 1442 1071 1510 ζητῶν
1098 1442 1151 1505 ἐς
1178 1438 1297 1505 Διὸς
1326 1438 1439 1510 ἥτις
1463 1438 1605 1515 ἄγοι·

483 1522 722 1594 παιδείης
745 1522 845 1603 γὰρ
876 1528 962 1595 ἑῆς
988 1524 1275 1596 Ἑλληνικὰ
1302 1525 1587 1603 πράγματα
1618 1524 1811 1598 δείξας,

564 1616 635 1679 ὡς
654 1612 815 1672 καλὸν
840 1616 875 1684 ἡ
900 1612 1054 1691 σοφίη
1075 1612 1309 1689 μνήσατο
1332 1614 1661 1692 Σωκράτεος.

1016 1754 1105 1805 98.
1142 1757 1259 1802 ΤΟΥ
1293 1757 1505 1805 ΑΥΤΟΥ.

484 1882 553 1940 Εἰ
579 1879 670 1938 καὶ
692 1878 781 1952 σε,
805 1879 1070 1959 Ξενοφῶν,
1098 1880 1345 1959 Κραναοῦ
1376 1880 1645 1961 Κέκροπός
1666 1906 1723 1941 τε
1750 1884 1960 1943 πολῖται

564 1967 767 2048 φεύγειν
795 1967 1056 2046 κατέγνων
1089 1973 1177 2028 τοῦ
1211 1968 1361 2049 φίλου
1387 1968 1459 2047 χοὶ
1497 1994 1541 2028 ιν
1577 1968 1779 2049 Κύρου,

486 2056 622 2114 ἀλλὰ
657 2054 898 2135 Κόρινθος
927 2056 1103 2114 ἔδεκτο
1128 2055 1413 2136 φιλόξενος,
1436 1993 1561 2135 ἦρσὺ
1588 2062 1818 2137 φιληδῶν

564 2141 727 2210 οὕτως
754 2142 949 2221 ἀρέσκῃ
979 2148 1110 2203 κεῖθι
1132 2142 1221 2202 καὶ
1250 2143 1421 2220 μένειν
1446 2144 1625 2223 ἔγνως.

724 2292 825 2343 99.
864 2282 1287 2342 ΠΛΑΤΩΝΟΣ
1327 2283 1800 2344 ΦΙΛΟΣΟΦΟΥ.

487 2416 701 2495 Δᾶκρυα
732 2414 827 2492 μὲν
858 2415 1067 2494 Ἑκᾶὅῃ
1096 2440 1153 2474 τε
1180 2416 1267 2475 καὶ
1297 2416 1573 2477 Ἰλιάδεσσι
1594 2418 1793 2495 γυναιξὶ

570 2508 766 2582 Μοῖραι
790 2504 1093 2562 ἐπέκλωσαν
1122 2505 1183 2577 δή
1214 2528 1342 2563 ποτε
1363 2504 1710 2582 γεινομέναις·

487 2592 569 2651 σοὶ
597 2592 688 2663 δὲ,
712 2591 867 2663 Δίων,
891 2590 1091 2671 ῥέξαντι
1119 2594 1294 2650 καλῶν
1318 2592 1564 2651 ἐπινίκιον
1596 2592 1759 2673 ἔργων

566 2679 804 2757 δαίμονες
829 2678 1027 2757 εὐρείας
1054 2680 1267 2747 ἐλπίδας
1294 2679 1521 2760 ἐξέχεαν.

490 2771 673 2828 Κεῐσαι
702 2766 747 2825 δ’
770 2766 1033 2847 εὐρυχόρῳ
1061 2769 1114 2825 ἐν
1136 2768 1351 2847 πατρίδι
1376 2768 1539 2845 τίμιος
1568 2770 1773 2845 ἀστοῖς,

565 2879 611 2913 ω
638 2854 760 2930 ἐμὸν
790 2853 1020 2932 ἐκμήνας
1052 2853 1211 2932 θυμὸν
1236 2856 1389 2937 ἔρωτι
1416 2856 1575 2917 Δίων.

957 2995 1089 3045 100.
1134 2987 1573 3048 ΠΛΑΤΩΝΟΣ.

488 3121 599 3180 Νῦν
629 3119 715 3179 ὅτε
744 3119 904 3196 μηδὲν
928 3115 1157 3192 Ἄλεξις,
1180 3121 1298 3180 ὅσον
1327 3119 1479 3198 μόνον
1509 3111 1608 3202 εἶφ’
1632 3122 1713 3181 ὅτι
1737 3063 1892 3191 glo<

446 3235 461 3248 ·
566 3230 768 3279 ωπται,
795 3207 885 3266 καὶ
912 3208 1084 3279 πάντη
1108 3219 1240 3267 πᾶσι
1267 3209 1654 3289 περιὸλέπεται.

487 3293 673 3370 Θυμέ,
696 3293 746 3352 τί
777 3295 987 3370 μηνύεις
1012 3295 1160 3353 κυσὶν
1188 3295 1383 3368 ὀστέον,
1411 3288 1502 3354 εἶτ’
1521 3297 1723 3369 ἀνιήσει

566 3380 797 3461 ὕστερον;
823 3383 942 3462 Οὐχ
970 3381 1106 3440 οὕτω
1132 3385 1367 3462 Φαῖδρον
1394 3384 1771 3464 ἅπωλέσαμεν;

514 3497 581 3512 —

553 3553 615 3600 Et
634 3565 742 3599 reus
766 3559 837 3598 est
858 3549 1026 3616 capitis
1052 3549 1204 3599 factus
1230 3553 1549 3615 Anaxagoras.

488 3633 665 3683 Eximit
682 3632 812 3682 hunc
832 3633 977 3682 morti
1000 3633 1205 3683 Pericles
1232 3648 1247 3683 z
1269 3634 1350 3681 sed
1376 3650 1429 3684 se
1452 3633 1619 3685 eximit
1638 3635 1741 3702 ipse

555 3715 699 3766 viiae.
728 3719 902 3766 Nonne
924 3714 1066 3764 nimis
1088 3715 1298 3764 molliter
1313 3713 1409 3765 h'oc
1426 3731 1589 3782 sapere
1608 3727 1677 3766 est
1694 3721 1717 3766 ἱ·

1078 3807 1163 3870 96.
1200 3822 1439 3864 unsnxn,

1115 3884 1177 3935 de
1196 3891 1413 3937 Socrate.

489 3979 627 4028 Dicte
648 3982 749 4028 Deo
770 3978 956 4043 sapiens
969 4014 984 4038 ,
1003 3978 1118 4027 deus
1138 3987 1187 4028 et
1202 3977 1494 4042 sapientibus
1508 4013 1525 4040 ,
1544 3978 1652 4028 aula

554 4063 695 4110 Nune
717 4060 848 4110 sos-is
867 4059 1107 4124 intrepido
1124 4095 1141 4121 ,
1166 4063 1407 4118 Socrates,
1432 4074 1516 4108 ore
1538 4059 1669 4109 bibe.

490 4141 803 4206 Cecropidum
828 4141 1003 4206 populo
1024 4139 1228 4189 sumsisti
1248 4140 1391 4189 dante
1409 4140 1608 4190 cicutam
1631 4156 1645 4190 z

554 4224 647 4274 Sed
670 4223 793 4274 bibit
814 4222 905 4274 hoc
928 4223 1132 4290 populus
1155 4223 1239 4288 qui
1256 4222 1387 4273 dedit
1403 4237 1488 4273 ore
1507 4233 1606 4276 tuo.

1092 4331 1175 4378 97.
1214 4330 1455 4374 nusum,

1062 4393 1123 4443 de
1144 4391 1474 4463 Xenophonte.

495 4485 763 4534 Ascendens
780 4483 1057 4550 Xenophon
1078 4485 1127 4535 in
1150 4485 1333 4535 Persida
1360 4500 1457 4534 non
1479 4481 1621 4533 modo
1646 4485 1756 4549 Cyri

560 4570 683 4631 Ergo
698 4604 711 4624 .
735 4569 816 4616 sed
846 4584 1060 4633 quoerens
1080 4557 1287 4619 in'sovis
1310 4577 1434 4618 astra
1458 4568 1611 4630 viam,

494 4648 744 4696 Socratica
765 4648 929 4698 docuit
944 4665 1051 4714 que
1070 4650 1132 4698 sit
1156 4649 1385 4715 sapientia
1406 4657 1573 4710 sectae,

561 4733 657 4779 Res
679 4735 866 4780 Graecns
883 4733 998 4782 artis
1020 4734 1133 4781 dum
1160 4731 1333 4798 probat
1358 4747 1458 4780 esse
1480 4746 1590 4781 suoe.

1106 4827 1191 4888 98.
1230 4839 1439 4872 uusnxx

766 4903 904 4953 aliud
917 4903 976 4954 de
1000 4905 1159 4956 eodem
1170 4923 1189 4962 ‚·
1210 4903 1445 4971 quomodo
1460 4913 1668 4951 mortuus
1690 4903 1765 4952 sit.

496 4999 566 5046 Te
582 4995 856 5062 Xenophon
880 4998 1051 5047 Cranai
1073 4996 1199 5046 cives
1218 5002 1268 5046 et
1294 4994 1537 5061 Cecropis,
1564 4993 1683 5042 urbe

2181 391 2234 439 et
2257 388 2322 438 ob
2339 386 2431 438 hoc
2445 390 2547 453 jam
2565 388 2832 438 moriturus
2853 390 2959 438 erat
2983 392 3314 452 Anaxagoran

2117 475 2204 525 sed
2221 475 2407 526 amicus
2423 476 2632 526 Peticles
2651 490 2766 525 eum
2784 476 2959 538 eripuit
2982 468 3206 540 quidem'3
3227 479 3277 527 st
3293 476 3372 525 hic
3393 477 3512 540 ipse
3535 488 3606 525 se

2177 562 2389 614 eduxite
2411 564 2512 613 vita
2534 564 2876 627 per-ignaviam
2894 564 3162 627 sapientise.

2675 700 2754 745 96.
2813 704 2876 745 131
2884 704 3104 746 USDEM·

2115 831 2235 881 Bibe
2249 832 2352 893 jam
2368 831 2504 882 Jovis
2522 832 2751 893 conviva,
2769 846 2800 883 o
2823 836 3073 895 som-atem
3091 834 3272 883 etenim
3291 836 3342 883 te
3365 844 3562 883 revera

2181 922 2232 971 et
2253 920 2518 983 sapientem
2537 920 2657 971 dixit
2673 920 2796 970 deus
2808 957 2821 980 ‚
2839 922 2891 970 et
2907 920 2998 970 dea
3014 923 3091 971 est
3114 920 3362 983 sapientia.

2119 1006 2194 1056 Ab
2205 1006 2580 1057 Atheniensibus
2595 1007 2767 1070 utique
2779 1007 2989 1057 cicutam
3003 1007 3336 1058 tantummodo
3349 1006 3616 1070 accepisti
3637 1010 3718 1067 tu,

2179 1094 2272 1157 ipsi
2299 1107 2416 1145 vero
2439 1094 2695 1145 ebiberunt
2711 1108 2820 1144 eam
2843 1096 2934 1144 tuo
2961 1107 3062 1143 ore.

2677 1230 2754 1277 97.
2803 1237 3107 1279 masmim.

2123 1368 2228 1417 Non
2249 1366 2394 1417 modo
2411 1368 2475 1418 sd
2494 1370 2666 1417 Persas
2683 1366 2900 1418 ascendit
2921 1364 3186 1429 Xenophon
3211 1366 3362 1429 gnatia
3385 1366 3512 1428 cyri
3529 1404 3546 1425 ‚

2183 1453 2270 1503 sed
2289 1466 2544 1503 ascensum
2565 1467 2817 1517 quaerens,
2847 1454 2986 1503 Jovis
3003 1453 3054 1503 in
3077 1466 3255 1503 arcem
3277 1454 3362 1516 qui
3385 1454 3620 1503 duceret
3645 1474 3657 1501 :

2117 1540 2388 1590 doctrinam
2423 1541 2552 1589 enim
2587 1554 2728 1590 suam
2763 1540 3018 1603 complecti
3053 1552 3134 1590 res
3165 1543 3362 1591 Groeces
3391 1542 3718 1603 postquam·

2181 1641 2330 1691 quam
2343 1626 2601 1691 pulchrum
2613 1628 2848 1691 sapientia
2863 1627 3074 1677 Socratis
3095 1628 3400 1679 memoravit.
3429 1626 3714 1691 [ostendig

2677 1772 2755 1818 98.
2800 1779 3090 1821 musnssu.

2123 1910 2226 1959 Etsi
2249 1911 2298 1958 tc
2311 1946 2324 1969 ,
2343 1907 2604 1971 Xenophon
2617 1946 2630 1967 ‚
2651 1906 2826 1957 Cranai
2851 1906 3176 1969 ceci-opisque
3201 1905 3331 1955 cives

2186 1995 2378 2045 exulare
2403 1994 2720 2045 decreverunt
2739 1993 2952 2043 amicum
2975 1992 3038 2041 ob
3065 1995 3273 2056 Cyrum,

2125 2087 2177 2134 at
2197 2082 2460 2133 Corinthus
2479 2082 2664 2145 excepit
2679 2080 3118 2145 benigno-hospitio
3132 2117 3146 2140 ,
3165 2080 3340 2141 imque
3353 2082 3414 2131 tu
3436 2078 3705 2129 lubenter-

2188 2171 2260 2221 sic
2275 2172 2600 2221 es-contentns
2623 2170 2786 2232 ibique
2811 2182 3004 2218 manere
3022 2168 3294 2217 decrevisti.
3493 2166 3712 2230 [degens

2481 2306 2558 2350 99.
2591 2300 2891 2349 PLATONIS
2921 2300 3026 2347 PH]
3029 2299 3268 2347 Losopn
3271 2298 3310 2346 1.

2125 2428 2371 2479 Lacrimas
2396 2427 2593 2491 quidem
2623 2426 2930 2490 Hecubaeque
2954 2429 3004 2477 et
3025 2426 3183 2477 Iliacis
3211 2426 3449 2476 matronis

2185 2518 2354 2564 Parcae
2373 2516 2610 2564 neverunt
2631 2514 2746 2563 olim
2765 2514 2912 2563 modo
2933 2512 3268 2571 nascentibus3

2123 2601 2213 2653 tibi
2241 2604 2422 2664 antem,
2449 2602 2558 2663 Dio,
2581 2600 3116 2665 postquam-confecisti
3149 2600 3470 2664 pulchrorum
3505 2600 3698 2649 trium-

2185 2690 2254 2739 dii
2280 2690 2464 2755 amplas
2485 2702 2596 2753 spes
2618 2688 2920 2739 effuderunt.
3247 2686 3424 2751 [phum
3441 2688 3706 2737 sactorum

2123 2779 2153 2826 J
2155 2791 2266 2828 aces
2283 2791 2400 2827 vero
2422 2777 2518 2827 lats
2539 2777 2588 2825 in
2609 2777 2764 2839 patria
2775 2776 3042 2826 honoratus
3061 2774 3248 2825 civibus
3258 2813 3271 2834 ‚

2185 2879 2216 2913 ο
2237 2879 2402 2915 meum
2420 2862 3128 2928 vehementius-qui-inccndisti
3146 2862 3364 2912 animum
3381 2877 3562 2913 amore
3585 2863 3696 2912 Dio.

2670 3007 2773 3051 100.
2811 3002 3123 3051 PLATONIS.

2122 3137 2264 3186 Nunc
2288 3148 2444 3197 quum
2459 3133 2580 3183 nihil
2601 3135 2674 3182 est
2697 3133 2862 3183 Alexis
2877 3172 2890 3192 ,
2909 3131 3246 3182 tantummodo
3266 3129 3362 3180 dixi
3385 3129 3668 3194 pulchrum

2193 3222 2481 3272 visum-esse
2495 3258 2509 3281 ‚
2537 3223 2587 3270 et
2613 3219 3030 3283 ubique-locorum
3065 3217 3366 3267 ab-omnibus
3397 3217 3704 3280 circumspi-

2125 3310 2320 3370 Anime,
2343 3308 2464 3372 quid
2489 3308 2674 3357 indicas
2713 3307 2913 3356 canibus
2934 3319 3016 3366 οε,
3045 3308 3194 3368 atque
3218 3304 3406 3355 dolebis
3523 3305 3700 3369 [citur.

2185 3397 2460 3462 posterius?
2479 3399 2644 3446 Nonne
2660 3395 2729 3444 ita
2752 3393 3010 3444 Phaedrum
3037 3393 3318 3442 amisimus?

2201 3557 2521 3607 Eliminarunt
2543 3553 2608 3604 ob
2633 3556 2810 3618 Cyrum
2837 3567 2998 3601 carum
3021 3551 3139 3614 tibi,

2130 3640 2330 3706 Hospita
2350 3639 2432 3688 sed
2453 3637 2658 3702 gaudens
2678 3635 2869 3700 Ephyre
2887 3634 3090 3698 suscepit
3103 3669 3119 3694 ‚
3139 3643 3188 3683 et
3205 3633 3287 3683 illa

2200 3724 2463 3773 Contentus
2485 3717 2604 3768 urbe
2630 3716 2824 3766 noluisti
2851 3715 3124 3766 abscedere.

2715 3867 2795 3914 99.
2832 3863 3062 3896 rutulus
3077 3883 3092 3906 9

2608 3945 2667 3994 de
2693 3946 2846 3995 De'one
2869 3948 3194 4008 Syracusano,

2133 4076 2382 4127 Dardaniis
2402 4075 2616 4126 nurubus
2639 4075 2870 4139 lacrymas
2889 4070 3188 4135 Hecuba-que
3209 4067 3396 4134 potenti

2197 4161 2306 4208 Jam
2329 4157 2483 4223 prima
2507 4161 2666 4205 Parcae
2692 4153 2984 4221 prestituere
3005 4151 3100 4201 die.

2133 4244 2198 4289 At
2219 4239 2309 4289 tibi
2323 4275 2340 4302 ,
2366 4241 2494 4288 clare
2515 4239 2640 4287 Dion
2653 4271 2670 4294 ,
2699 4245 2805 4302 post
2827 4235 3094 4284 immortale
3113 4239 3356 4299 peractum

2198 4321 2326 4369 Illud
2347 4336 2467 4386 opus
2481 4354 2496 4377 ,
2520 4318 2584 4368 Di
2609 4333 2714 4383 spes
2734 4317 2988 4366 absecuere
3007 4322 3131 4363 tuas.

2133 4403 2289 4452 Patria
2311 4419 2439 4452 nunc
2457 4411 2505 4452 te
2527 4417 2690 4464 magna
2721 4399 2864 4464 tegit,
2889 4397 3108 4463 civesque
3129 4394 3373 4446 celebrant
3393 4411 3410 4446 t

2201 4490 2246 4535 Ο
2263 4484 2382 4534 mihi
2401 4483 2482 4550 qui
2504 4484 2650 4534 furias
2666 4491 2831 4550 pectus
2851 4497 3014 4530 amore
3029 4517 3045 4543 ,
3069 4479 3211 4529 Dion.

2713 4630 2828 4665 100.
2863 4629 3112 4664 turonis.

2137 4749 2276 4796 Nunc
2295 4745 2478 4810 ignotus
2499 4742 2663 4793 Alexis
2687 4759 2700 4788 ε
2724 4750 2775 4791 at
2789 4739 2884 4790 hoc
2903 4738 2944 4789 si
2961 4738 3135 4789 dixeris
3155 4750 3300 4786 unum
3327 4751 3342 4785 ι

2199 4827 2401 4877 Pulcher
2423 4826 2528 4888 hic,
2554 4824 2690 4874 illum
2715 4839 2880 4873 omnes
2903 4821 3112 4886 undique
3133 4818 3402 4884 respicient.

2137 4913 2250 4964 Cur,
2276 4909 2432 4957 anime
2451 4943 2465 4968 ,
2489 4923 2542 4957 os
2563 4906 2756 4955 canibus
2781 4911 3042 4961 monstras,
3059 4901 3296 4965 arsen-sque
3317 4899 3542 4949 dolorem

2209 4996 2314 5040 Post
2337 5007 2389 5039 ea
2401 4993 2426 5038 Ρ
2443 5005 2538 5038 non
2555 4987 2752 5037 Phiedro
2769 4986 2840 5036 sic
2859 4985 2992 5051 prius
3007 4982 3263 5033 excidimus
3275 4985 3302 5032 ἓ
