3829 5747
477 204 593 267 430

473 342 632 391 natat
642 378 658 402 ,
687 340 748 391 de
778 312 1026 404 naufrago
1056 338 1177 390 eod.
1206 338 1372 399 κύρμα.
1399 362 1460 373 -—-
1485 344 1514 387 6
1535 336 1751 398 οἴχωμαι
1778 335 1921 395 Cod.·,
1948 337 2016 385 oi}

475 428 620 473 χημαι
647 412 804 472 Plan,
823 425 854 461 a
873 410 1076 460 Meinek.
1107 410 1380 470 receptum
1407 408 1624 468 οἰχεῦμαι
1646 406 1806 469 vulgo.
1832 405 2015 455 Deinde

473 483 593 533 Cod-
625 482 788 531 ὕπεστι
802 520 815 543 ,
836 480 1135 544 superposito
1159 478 1196 527 ἔ.

534 620 819 669 chxxlv.
841 620 1036 667 Lemma
1057 634 1071 665 ι
1097 618 1160 672 εἰς
1178 616 1411 677 Τιμοκλέα
1423 614 1644 674 ναυηγόν.
1661 613 1934 675 Corinthii,
1958 616 2016 663 ut

474 704 552 753 ap.
580 692 736 749 Grot.,
755 687 915 739 Codex
934 686 1064 737 alibi.
1082 686 1438 749 cenotaphium
1452 684 1682 747 loquitur.
1700 690 1810 734 -1.
1833 703 1858 726 «ι
1883 686 2016 733 Voce

473 760 696 823 κηρύσσω
737 758 912 821 respici
936 756 1130 807 videtur
1167 756 1231 806 ad
1261 755 1662 807 consuetudinem
1699 754 1892 803 nomina
1930 766 2015 803 eo-

473 847 582 882 rum
605 830 690 893 qui
721 830 1007 892 aufugerant
1022 842 1110 892 per
1131 840 1407 891 praeconem
1427 824 1658 875 edicendi.
1685 824 1836 876 Simul
1854 825 2017 887 itaque

472 915 648 951 nomen
665 899 883 950 defuncti
909 900 1176 963 proclamat
1201 898 1388 961 cippus,
1413 897 1558 947 simul
1568 895 1940 959 circumspectat
1955 909 2017 944 an

473 971 647 1023 alicubi
667 970 894 1033 naufragi
921 982 1098 1032 corpus
1116 972 1360 1033 appareat.
1382 988 1406 1013 ιο
1431 970 1544 1019 Jac.
1567 996 1628 1010 .-
1654 974 1682 1017 2
1707 983 2018 1031 σκεπτομνος

475 1043 612 1098 (sine
635 1054 737 1091 acc.
754 1040 792 1101 ),
835 1039 1141 1103 superposito
1171 1058 1222 1099 η,
1256 1038 1378 1090 cod.
1404 1064 1464 1076 -—-
1490 1042 1518 1088 4
1546 1040 1760 1103 τορωθὲν,
1784 1050 2017 1101 superpo-

473 1114 568 1163 sito
589 1130 659 1173 ευ,
688 1112 830 1169 Cod.3
855 1112 1063 1161 τυπωθὲν
1091 1109 1224 1160 Plan.

535 1254 800 1303 chxxv.
820 1254 1050 1301 Lemma:
1071 1254 1136 1309 εἰς
1154 1250 1518 1313 Ἀστυδάμαντα,
1537 1250 1636 1299 υἱὸν
1655 1248 1856 1310 Δάμιδος
1881 1266 2019 1307 ναυη-

473 1326 572 1386 γὸν.
592 1324 722 1374 Plan.
743 1324 1080 1383 Γαιτουλλικοῢ,
1099 1322 1177 1372 ed.
1199 1323 1348 1387 princ.
1367 1321 1625 1373 Γετουλίου.
1643 1345 1706 1357 --
1728 1327 1746 1369 1
1771 1321 1804 1369 ἅ
1818 1320 2018 1379 πέλοπος

472 1398 608 1452 νᾶσος
625 1395 766 1457 cod„
791 1394 1171 1458 superscriptum
1188 1410 1259 1456 γρ.
1291 1393 1521 1449 πόννασος
1545 1404 1692 1441 manu
1725 1378 2013 1453 recentiore3

474 1472 506 1517 ἁ
532 1467 871 1525 πελοπόννησος
896 1464 1030 1516 Plan.
1069 1468 1121 1514 in
1153 1462 1249 1513 fine
1284 1470 1428 1527 ιιρῆτα
1455 1462 1574 1513 eod.
1598 1489 1652 1501 «-
1679 1468 1726 1511 2.
1763 1480 1786 1503 tt
1814 1462 2015 1522 Μάλεον,

477 1537 716 1588 Maleum
761 1538 969 1597 juqum,
1007 1533 1292 1596 plerumque
1338 1533 1503 1581 Μαλέα
1539 1534 1623 1581 aut
1667 1532 1847 1581 Μάλεια
1877 1534 2015 1593 ἂκρα,

476 1607 558 1657 ubi
587 1605 806 1669 inprimis
844 1604 1118 1667 periculosa
1158 1602 1426 1664 navigatio,
1471 1615 1522 1649 v.
1572 1600 1744 1662 odyss.
1795 1604 1846 1660 Γ,
1889 1604 2011 1659 267ς

475 1680 516 1738 1,
543 1683 626 1728 80.
659 1675 776 1726 Inde
802 1673 1112 1738 proverbium
1142 1694 1153 1721 z

597 1806 783 1857 Μαλέαν
810 1805 860 1854 δὲ
877 1804 1064 1867 κάμψας
1089 1802 1304 1851 ἐπιλάθου
1321 1806 1413 1850 τῶν
1436 1801 1607 1850 οἶκαδε.

472 1938 620 1985 δ.τυα
665 1932 842 1985 Malea
867 1933 1092 1995 Propert.
1128 1932 1219 1991 111,
1249 1929 1312 1980 el.
1350 1933 1425 1989 19,
1454 1935 1501 1981 8.
1533 1948 1557 1972 ι·
1583 1930 1696 1979 Jac.
1728 1955 1789 1966 —
1807 1935 1836 1980 3
1861 1932 2012 1980 κυδω-

471 2005 568 2055 νίον
594 2004 715 2055 cod.
745 2029 805 2042 --
831 2008 876 2054 5.
903 2002 1042 2052 conf.
1068 2014 1146 2065 ep.
1172 2005 1280 2059 273,
1308 2008 1355 2051 6.
1383 2025 1445 2037 -
1462 2007 1492 2050 6
1513 2000 1672 2063 ’tp-aitte
1709 2000 1828 2050 cod.
1856 2020 1881 2045 a
1911 2003 2018 2051 Hoc

473 2090 590 2125 cum
614 2074 840 2126 acumine
862 2072 1037 2124 extulit
1070 2071 1338 2122 Gaetulicus
1370 2090 1384 2120 ε
1410 2072 1515 2119 Non
1533 2070 1729 2131 mirum,
1759 2069 1900 2121 fallax
1920 2086 2019 2121 mo-

471 2148 756 2195 numentum
782 2142 993 2207 conspici
1010 2142 1142 2205 apud
1159 2143 1430 2201 Cretenses,
1446 2140 1530 2191 ubi
1552 2140 1706 2203 ipsius
1727 2142 1865 2192 Jovis
1886 2156 2017 2191 mon·

473 2218 654 2266 stretur
682 2214 980 2276 sepulcrum.
1005 2214 1129 2263 Nota
1155 2210 1438 2262 callimachi
1461 2209 1586 2267 haec,
1613 2211 1724 2261 Jov.
1761 2216 1788 2260 8
1817 2231 1829 2258 ι

597 2356 766 2417 its-sne
784 2354 856 2402 ἀεὶ
878 2354 1090 2415 ψεῦσται·
1118 2354 1198 2400 καὶ
1224 2352 1314 2414 γὰρ
1330 2350 1489 2412 τάφον,
1508 2350 1549 2398 ὦ
1573 2352 1663 2399 ἄνα
1679 2388 1693 2411 ,
1713 2354 1813 2400 σεῖο

593 2427 766 2490 Κρῆτες
783 2425 1078 2479 ἐτεκτήναντο
1094 2460 1108 2484 ,
1133 2423 1194 2472 σὺ
1217 2422 1260 2471 δ’
1285 2422 1342 2471 οὗ
1360 2421 1500 2476 θάνες.

471 2562 654 2614 Eodem
669 2560 892 2612 acumine
916 2560 1142 2609 Lucanus
1171 2557 1305 2617 vm,
1340 2559 1426 2605 871
1459 2569 1473 2596 2

579 2688 722 2741 Atque
739 2683 826 2727 erit
851 2683 1065 2736 AEgyptus
1090 2676 1262 2735 populo
1279 2675 1466 2720 tortasse
1494 2676 1712 2728 nepotum

573 2751 679 2792 'ram
697 2743 888 2791 mendax
906 2742 1050 2798 magni
1071 2740 1248 2785 tumulo
1267 2748 1402 2794 quam
1419 2739 1550 2781 creta
1561 2735 1785 2779 Tonantis.
1811 2750 1829 2773 ι

477 2864 586 2912 Jac.
617 2862 674 2911 ln
694 2858 814 2911 Cod.
845 2856 1148 2921 adscriptum
1172 2875 1184 2903 ε
1220 2858 1415 2918 ὡραῖον,
1434 2854 1485 2902 et
1512 2850 1562 2900 in
1590 2861 1760 2911 marg:
1799 2850 1900 2911 περὶ
1924 2854 2015 2900 τῶν

471 2937 664 2998 Κρὴτων
682 2933 943 2994 θαύμαστον
970 2927 1122 2992 (sic).

535 3067 816 3116 CCLXXVI.
863 3067 1062 3113 Lemma
1091 3078 1102 3103 ε
1141 3062 1203 3116 εἰς
1232 3061 1432 3121 ναυαγὸν
1466 3058 1518 3107 ὃν
1549 3059 1688 3114 ἁλιεῖς
1719 3055 2015 3118 ἐξαγαγόντες

471 3139 660 3199 ἔθαψαν.
694 3162 758 3172 -
788 3139 808 3184 1
841 3133 1039 3194 σιγηνείς
1065 3131 1172 3196 [sic]
1196 3128 1317 3179 eod.
1347 3156 1404 3164 —
1421 3135 1448 3178 2
1468 3127 1784 3178 πολυκλαῦτου
1802 3125 1864 3175 de
1887 3125 2011 3188 conj.

470 3207 623 3258 edidit
647 3209 771 3264 Jac„
791 3202 900 3253 coll.
923 3215 1003 3265 ep.
1038 3207 1146 3252 495.
1181 3222 1204 3243 «ι
1226 3199 1551 3249 [lutona-nov
1570 3198 1818 3258 σκύΰαλον,
1853 3194 2015 3245 lacri-

469 3281 571 3328 mis
589 3277 820 3340 diqnum,
847 3274 1044 3323 minime
1069 3275 1173 3323 erat
1193 3271 1427 3334 ineptum.
1456 3291 1479 3313 υ
1498 3268 1712 3319 Meinelt.
1735 3282 1781 3332 p.
1819 3272 1924 3318 146.
1951 3294 2015 3303 -

471 3357 498 3399 5
523 3349 564 3398 ὧ
589 3350 700 3411 χθὸν
750 3344 930 3406 Codex,
965 3343 1016 3393 in
1049 3356 1146 3405 quo
1181 3355 1362 3390 novum
1392 3341 1476 3391 hic
1502 3340 1791 3404 epigramma
1815 3337 2011 3402 incipit,

469 3431 582 3466 cum
599 3417 824 3466 lemmate
858 3428 870 3456 τ
904 3415 1089 3471 ἄδηλον,
1111 3413 1171 3466 εἰς
1189 3409 1574 3472 ναυηγόν.ἕτερον.
1593 3411 1752 3468 Ὀλον,
1781 3409 2015 3458 nimirum

467 3501 580 3536 cum
591 3485 807 3550 piscibus
824 3484 1014 3547 sepulta
1031 3496 1090 3532 ea
1105 3480 1318 3544 corporis
1335 3483 1470 3543 parte
1478 3493 1542 3542 qu
1549 3493 1627 3530 am
1644 3478 2009 3530 devoraverant.

465 3553 521 3606 in
543 3557 638 3606 fine
665 3554 786 3607 Cod.
815 3556 866 3604 δὲ
887 3555 1065 3616 λοίμης,
1090 3565 1221 3601 corr.
1245 3549 1524 3599 Dorvillius.
1555 3575 1616 3586 —
1637 3557 1666 3599 6
1691 3553 1787 3605 τοῖς
1813 3548 1935 3598 Cod.

528 3696 838 3746 cctxxvu.
877 3695 1112 3742 Lemma:
1147 3691 1209 3746 εις
1245 3675 1443 3750 ναυηγὶν
1473 3687 1669 3745 ταφέντα
1709 3686 1802 3735 ὑπὸ
1843 3685 2013 3734 ναύτου

467 3768 735 3830 Λιοντίχου.
755 3792 819 3801 -
846 3770 890 3814 1.
917 3783 942 3806 «ι
968 3761 1238 3826 Legebatur
1256 3760 1323 3816 τίς
1352 3761 1490 3820 ξένος,
1519 3759 1560 3806 ὦ
1588 3758 1786 3819 vau-:2763
1814 3753 1873 3804 Id
1899 3768 2008 3804 mu·

466 3837 670 3889 tandum
695 3837 817 3893 erat,
845 3835 897 3884 et
911 3831 1114 3893 mutavi,
1133 3832 1191 3880 ut
1207 3829 1477 3889 videbatur,
1497 3840 1591 3876 non
1604 3824 1798 3875 omnino
1814 3824 1957 3874 maie.
1986 3845 2010 3868 ι»

469 3910 533 3957 B.
562 3905 660 3963 Qui
683 3903 876 3967 scripsit
900 3901 984 3952 Τοὶ
1015 3903 1150 3958 ξένος.
1189 3900 1344 3950 Aliam
1382 3897 1766 3948 emendationem
1800 3909 1830 3945 a
1853 3897 2010 3946 Boiss.

467 3977 704 4040 prolatam
723 3973 786 4024 ad
817 3973 1096 4024 callimach.
1125 3982 1172 4033 p.
1213 3975 1316 4030 192,
1347 3972 1427 4026 Τις
1458 3972 1606 4028 ξένος,
1636 3969 1677 4018 ὦ
1713 3969 1909 4028 ναυηγέ,
1947 3973 2009 4037 A,

467 4048 519 4097 in
547 4048 712 4097 nostro
736 4043 952 4106 exemplo
976 4041 1154 4104 recepit
1175 4040 1388 4098 Jacobs..
1417 4038 1600 4089 addens
1627 4059 1640 4087 ε
1672 4057 1696 4080 α
1725 4037 1866 4088 Conf.
1898 4039 2013 4087 Her-

472 4131 636 4167 mann.
674 4118 747 4165 De
779 4113 968 4164 emend.
1008 4114 1099 4160 rat.
1131 4123 1334 4174 gramm.
1365 4112 1447 4159 Gr.
1479 4125 1527 4173 p.
1557 4112 1640 4160 94.
1679 4109 1840 4158 Possit
1863 4108 2011 4158 etiam

471 4187 618 4239 scribi
643 4189 706 4242 ὡς
727 4187 862 4242 ξένος.
887 4204 909 4226 υ
936 4183 1031 4232 Sed
1049 4181 1160 4244 quis
1179 4181 1302 4230 serat
1326 4182 1394 4236 τὶς
1415 4182 1536 4238 ξένος
1560 4180 1752 4228 nomine
1777 4177 1973 4238 adjecto
1988 4183 2010 4228 ἓ

470 4256 736 4306 Meinekius
749 4251 1030 4317 conjiciebat
1040 4252 1121 4301 illa
1136 4250 1284 4299 verba
1301 4262 1363 4300 ex
1373 4249 1558 4312 integro
1571 4246 1780 4297 disticho
1797 4250 1848 4296 et
1864 4246 2007 4295 dimi-

470 4327 552 4378 dia
573 4326 703 4376 tertii
732 4337 904 4376 versus
949 4326 1086 4388 parte
1123 4333 1403 4385 superesse,
1438 4340 1460 4362 n
1484 4321 1539 4369 ut
1583 4332 1694 4381 qum
1726 4317 2013 4367 exciderunt

469 4398 596 4446 lianc
636 4397 740 4448 t'erc
775 4396 1062 4448 sententiam
1100 4391 1360 4443 habuerint
1389 4411 1400 4439 ε
1444 4393 1605 4452 (Quis
1643 4391 1694 4440 te
1737 4387 1946 4451 hospes,
1980 4403 2011 4437 o

469 4469 791 4532 vmusraqe,)
825 4468 1062 4531 sepulcro
1097 4463 1364 4514 condidit?
1409 4461 1737 4526 naufrayum
1781 4462 1917 4509 enim
1962 4461 2011 4508 te

470 4551 577 4588 esse
605 4551 769 4601 neque
787 4537 896 4588 alio
920 4537 1103 4586 vnorn's
1118 4545 1303 4597 genere
1325 4531 1615 4581 occubuisse
1633 4530 1827 4579 indica!
1851 4531 2010 4590 impo-

467 4611 596 4658 suus
615 4609 856 4671 sepulcro
891 4609 980 4657 tuo
1013 4617 1203 4654 remus.
1247 4601 1508 4664 Sequentia
1530 4598 1864 4662 respondentis
1893 4601 2010 4647 sunt

467 4679 664 4728 mortui.
687 4698 711 4722 υ
751 4677 996 4727 Heckerus
1023 4673 1274 4736 distinguit
1300 4675 1421 4727 ξένος
1443 4671 1484 4720 ὦ
1502 4671 1695 4728 ναυηγέ,
1731 4671 1788 4718 ut
1821 4670 1900 4727 vl,
1928 4681 2004 4728 ep.

469 4751 577 4809 2⁶7,
616 4757 632 4797 Ι
670 4766 683 4796 =
711 4748 948 4810 φωσφόρος
968 4748 1011 4795 ,ὦ
1040 4747 1265 4808 σώτειρα,
1295 4743 1378 4803 aL,
1407 4741 1694 4804 scripsitque
1730 4740 1817 4795 τὶν,
1859 4737 1920 4786 ab
1946 4737 2011 4788 io-

465 4817 571 4866 nica
591 4816 794 4878 quidem
818 4816 1024 4866 dialecto
1037 4818 1286 4879 poetarum
1311 4826 1408 4862 non
1431 4811 1658 4870 alienum,
1677 4807 1764 4859 sed
1781 4807 1900 4870 quid
1918 4807 2011 4857 sibi

467 4887 585 4937 velit
603 4901 698 4936 non
724 4899 972 4949 assequor.
1000 4889 1122 4936 Nam
1148 4886 1224 4934 σοὶ
1247 4885 1384 4944 ξένος,
1418 4880 1552 4942 quod
1577 4879 1724 4930 etiam
1739 4878 1892 4928 Boiss,
1920 4889 2010 4926 vo·

466 4957 616 5007 luisse
647 4957 856 5015 ridetur,
885 4956 966 5006 hic
1001 4969 1096 5005 non
1131 4953 1364 5018 procedit.
1400 4954 1512 5001 Jam
1545 4949 1687 5004 video
1720 4947 2010 4998 Meinekium

474 5041 666 5092 quoque
683 5027 740 5078 in
769 5026 888 5077 Add.
903 5041 964 5090 p.
993 5031 1079 5076 311
1116 5024 1352 5087 corrigere
1374 5025 1441 5072 τὶν
1479 5023 1597 5079 ξένος
1628 5022 1711 5082 ὢν,
1729 5019 1918 5082 ναυηγὲ,
1952 5019 2010 5066 ut

1579 205 2081 267 ANTHOLOGIAE
2124 206 2520 267 PALATINAE

2100 337 2171 385 τίν
2199 338 2263 388 sit
2308 339 2645 398 accusativus,
2679 359 2703 383 «
2740 340 2803 391 de
2828 354 2930 403 quo
2959 355 3010 390 v.
3050 343 3309 391 Hermann.
3366 344 3538 405 opusc.
3582 348 3633 399 Ι,

2098 420 2149 471 p.
2175 411 2282 459 257.
2310 427 2333 452 υ
2358 410 2579 465 Quorum
2596 408 2793 461 minime
2814 410 2971 461 nitida
2996 412 3261 469 sententia,
3296 425 3387 461 nec
3414 414 3641 463 credibile

2100 481 2176 527 est
2203 478 2265 528 ab
2294 479 2518 542 ambigua
2546 493 2747 543 prorsus
2776 481 2951 531 vocula
2977 494 3201 531 exorsum
3232 482 3383 531 fuisse
3413 483 3633 532 Callima-

2103 547 2267 597 chum.
2298 548 2435 599 Prior
2454 549 2731 611 conjectura
2748 549 2837 600 viri
2860 551 3031 613 optimi
3056 564 3115 601 eo
3138 550 3335 610 arridet,
3360 550 3492 614 quod
3506 565 3641 601 mor-

2101 621 2189 667 tuo
2220 619 2447 681 loquente
2482 620 2588 669 haec
2624 620 2748 670 fiunt
2787 622 3061 683 ἠθικώτερα.
3101 646 3164 657 -—
3198 628 3227 671 2
3258 622 3481 682 αἰγιαλοῖς
3514 624 3643 673 Ben-

2102 688 2271 747 tleius3
2314 710 2338 731 «ι
2382 690 2587 740 sortasse
2610 692 2773 740 tamen
2808 692 3017 754 αἰγιαλοῦ
3053 690 3379 741 scribendum.
3420 711 3445 734 υ
3484 694 3643 743 Mein.

2102 757 2267 807 Codex
2304 760 2553 819 αἰγιαλούς.
2600 786 2661 797 -
2696 768 2721 810 ⁴
2766 762 2967 824 ἥσυχος,
3012 762 3167 823 αἰθυίῃ
3214 758 3643 819 Hemsterhusiusz

2100 830 2278 892 ἥσυχον
2296 830 2447 892 αἰθύη,
2468 843 2497 879 a
2516 834 2783 881 correctore
2800 832 2975 893 αἰθυίη,
2994 832 3176 882 Codex.

2162 974 2492 1025 CCLxxvm.
2512 978 2707 1026 Lemma
2728 997 2741 1025 ε
2760 978 2823 1034 εἰς
2838 980 3035 1039 ναυηγὸν
3052 978 3311 1040 ἀνώνυμον,
3328 980 3445 1029 ἀλλὰ
3466 982 3643 1041 θαυμα-

2104 1044 2228 1094 στόν.
2254 1063 2277 1087 «ι
2298 1048 2603 1107 anonymum
2619 1044 2761 1105 dicit;
2792 1060 2905 1097 nam
2922 1062 3017 1097 non
3036 1054 3174 1115 θῆρις
3200 1062 3347 1099 versu
3364 1049 3535 1113 primo,
3556 1051 3647 1101 sed

2102 1114 2259 1175 θηρσὶν
2294 1112 2460 1163 Codex
2496 1114 2700 1165 exhibet.
2741 1117 2828 1165 Est
2860 1120 2997 1181 Θῆρις
3030 1118 3175 1169 lectio
3198 1120 3473 1169 Planudeoe.
3508 1120 3647 1170 Idem

2060 1195 2064 1238 ξ
2104 1196 2276 1232 nomen
2304 1182 2481 1233 redibit
2505 1196 2621 1247 epp.
2652 1192 2759 1246 295,
2788 1190 2896 1237 447.
2920 1209 2943 1231 n
2982 1192 3044 1239 B.
3078 1189 3251 1241 Nescio
3273 1188 3406 1239 unde
3446 1191 3649 1239 Grotius

2110 1254 2396 1303 Tarentini.
2434 1258 2557 1305 Sunt
2590 1256 2806 1321 naufragi
2840 1258 2890 1306 in
2926 1258 3086 1309 littore
3116 1258 3296 1322 sepulti
3326 1260 3554 1323 querelae.
3582 1286 3647 1297 -—

2109 1327 2126 1370 1
2158 1325 2313 1386 θηρσὶν
2331 1323 2451 1374 Cod.
2476 1353 2539 1361 -
2560 1333 2604 1375 2.
2629 1327 2904 1391 Ἆγρὺπνων,
2927 1342 3040 1391 qum
3058 1343 3308 1392 nunquam
3326 1330 3585 1391 quiescunt
3612 1344 3649 1379 a

2104 1393 2341 1443 fluctuum
2358 1396 2564 1459 strepitu
2575 1434 2589 1457 ,
2609 1397 2873 1460 ἀκοίμητοι,
2890 1399 2947 1448 ut
2962 1402 3249 1462 κοιμίζεσθαι
3262 1402 3315 1449 et
3322 1399 3498 1449 similia
3516 1413 3649 1463 saepe

2102 1464 2330 1513 dicuntur
2354 1465 2416 1514 de
2433 1466 2573 1515 mari.
2593 1467 2671 1515 Sic
2692 1467 2953 1531 intelligam
2978 1470 3139 1532 potius
3155 1482 3305 1532 quam
3331 1483 3449 1519 cum
3467 1470 3645 1519 Jacob-

2102 1534 2176 1615 sio
2204 1554 2227 1577 a
2256 1535 2421 1585 littora
2441 1550 2571 1599 quae,
2594 1540 2651 1587 ut
2667 1538 2773 1602 ipsa
2795 1553 2825 1589 a
2850 1539 3077 1591 fluctibus
3094 1554 3343 1603 nunquam
3367 1541 3647 1603 quiescunt,

2102 1619 2173 1655 sic
2204 1618 2281 1656 me
2303 1620 2500 1669 quoque
2527 1621 2696 1658 somno
2718 1610 2815 1659 frui
2846 1624 2941 1659 non
2964 1611 3149 1661 sinunt.
3182 1632 3205 1655 ιι
3226 1638 3286 1647 -
3309 1615 3339 1661 3
3365 1612 3474 1660 ποτὶ
3496 1628 3653 1673 χοιρα-

2103 1693 2175 1723 σιν
2196 1676 2328 1726 Plan.
2353 1704 2415 1713 —
2439 1682 2470 1727 4
2496 1680 2651 1735 ξείνων
2678 1680 2811 1729 Plan.
2839 1707 2904 1716 —
2925 1688 2953 1731 6
2984 1683 3155 1730 δοῦπον
3172 1681 3479 1745 ἐπερχόμενον
3511 1681 3643 1730 Plan.

2102 1748 2129 1793 J
2136 1760 2257 1809 unge
2276 1751 2353 1796 καὶ
2384 1750 2431 1797 ἐν
2460 1751 2698 1800 νεκύεσσιν
2742 1752 2845 1815 (ὢν)
2873 1752 2982 1802 ἀΐω.
3008 1778 3069 1789 -
3086 1756 3113 1802 7
3138 1751 3239 1801 κατ’
3276 1752 3467 1801 ἔναυσεν
3502 1750 3647 1809 cod„

2102 1817 2224 1866 illud
2250 1820 2384 1868 Pian.
2406 1818 2653 1872 structum
2678 1824 2737 1873 ut
2756 1825 3061 1873 κατέπαυσεν.
3086 1848 3145 1858 —
3164 1827 3193 1873 8
3216 1824 3367 1872 θανὼν
3384 1823 3484 1883 λείῃ
3512 1822 3649 1871 Plau.

2102 1890 2153 1937 et
2183 1888 2323 1948 Cod.‚
2354 1891 2441 1941 sed
2464 1891 2544 1942 hic
2564 1908 2613 1941 τε
2630 1894 2937 1958 superposito
2954 1897 3011 1944 ut
3040 1894 3181 1945 fieret
3202 1894 3371 1957 πλείῃ.
3400 1894 3653 1956 Metapho-

2103 1972 2205 2009 ram
2223 1961 2421 2023 petitam
2448 1976 2557 2013 esse
2576 1977 2605 2013 a
2629 1964 2751 2013 mari
2766 1966 2955 2029 pacato,
2980 1963 3114 2027 quod
3134 1967 3291 2027 poetae
3314 1966 3435 2012 λεῖον
3458 1966 3651 2021 vocant,

2100 2028 2325 2150 oti-{errat
2343 2032 2638 2094 Huschkius,
2656 2034 2740 2097 qui
2762 2035 2824 2084 de
2849 2035 2942 2084 hoc
2956 2048 3100 2084 versu
3118 2036 3348 2083 acciirate
3376 2033 3479 2095 egit
3498 2033 3645 2083 Aual.

2102 2113 2171 2149 cri
2199 2140 2209 2149 .
2243 2115 2295 2164 p.
2330 2107 2415 2152 122
2437 2116 2540 2167 seq.

2059 2288 2062 2291 -
2162 2250 2441 2301 CCLXXIX.
2476 2252 2675 2300 Lemma
2707 2264 2720 2293 ε
2753 2250 2925 2310 ὁμοίως
2957 2250 3021 2306 εἰς
3046 2249 3245 2308 ναυηγὸν
3270 2247 3517 2308 ἀνώνυμον
3548 2246 3647 2304 (sic

2057 2304 2063 2361 Ι
2102 2333 2264 2385 apogr.
2293 2323 2421 2379 ram
2450 2334 2479 2370 a
2506 2320 2626 2370 cod.
2656 2322 2899 2383 ὁμώνυμον
2918 2319 3173 2381 affertur).
3194 2344 3243 2354 -
3274 2324 3302 2367 2
3324 2318 3422 2366 aa.
3448 2314 3571 2365 cod.
3602 2318 3656 2365 et

2058 2368 2063 2431 Ι
2103 2392 2259 2449 Plan..
2291 2390 2500 2441 correxit
2521 2391 2717 2441 Jacobs.
2738 2406 2752 2435 ε
2786 2392 2842 2441 in
2868 2389 3069 2453 trepido
3094 2388 3208 2439 voeh
3226 2391 3417 2437 cinere.
3438 2385 3655 2435 Malebat

2058 2436 2063 2523 Ι
2104 2461 2348 2511 Heckerus
2377 2464 2416 2521 1,
2435 2475 2483 2524 p.
2513 2467 2543 2512 9
2566 2482 2579 2510 :
2604 2462 2635 2510 ἆ
2667 2460 2773 2521 ξέν’,
2797 2464 2932 2511 recte
2960 2458 3225 2511 observans
3252 2458 3303 2507 in
3325 2460 3479 2508 Ali-:N
3504 2456 3653 2519 lapidi

2058 2530 2063 2555 ¹
2102 2532 2341 2596 insculpto
2376 2533 2541 2583 literas
2576 2534 2618 2581 Ξ
2651 2534 2702 2582 et
2728 2532 2864 2604 Invix
2902 2530 3143 2581 tantillum
3176 2528 3391 2579 differre.
3434 2530 3503 2577 Ut
3538 2527 3657 2576 alibi

2059 2630 2063 2638 ·
2104 2606 2361 2653 nautarum
2388 2602 2593 2653 tumulis
2607 2615 2771 2652 remus
2788 2601 3066 2666 imponitur,
3092 2600 3205 2650 inde
3229 2600 3291 2649 ab
3322 2600 3535 2648 Homero
3554 2598 3651 2646 od.

2103 2677 2164 2733 Λ,
2190 2676 2269 2729 77,
2296 2672 2367 2722 ita
2395 2672 2477 2720 hic
2500 2671 2622 2721 remi
2646 2674 2699 2721 et
2728 2674 2884 2721 rostra
2919 2670 3183 2735 pinguntur
3212 2669 3288 2719 vel
3320 2668 3577 2733 finguntur
3602 2668 3655 2717 in

2103 2756 2356 2793 marmore.
2375 2770 2436 2781 —
2472 2748 2501 2793 3
2526 2749 2747 2803 ναυηγοίο
2778 2745 2832 2793 τὸ
2871 2744 3027 2801 Plan.‚
3051 2742 3135 2804 qui
3164 2739 3339 2791 deinde
3362 2741 3447 2798 ἐνὶ,
3482 2739 3655 2789 Codex

2103 2816 2167 2876 ἐν,
2200 2813 2333 2878 quod
2360 2814 2556 2876 rectius,
2586 2814 2773 2878 opinor,
2806 2817 3053 2863 servatum
3072 2812 3243 2863 fuisset
3267 2811 3329 2860 ab
3356 2810 3652 2860 editoribus.

2103 2911 2163 2919 —
2190 2889 2217 2934 4
2248 2884 2374 2941 αὖτις
2396 2885 2605 2935 Brunck.

2164 3027 2417 3076 chxxx.
2446 3028 2643 3074 Lemma
2672 3039 2684 3066 ²
2718 3027 2782 3080 εἰς
2824 3023 2965 3084 τάφον
2993 3023 3067 3071 ἐπὶ
3096 3023 3251 3084 χώρας
3287 3019 3498 3080 κείμενον
3534 3019 3653 3080 ἀρο-

2104 3096 2393 3156 τρευομὲνης.
2414 3095 2648 3154 ἰαμὸικόν.
2691 3098 2741 3143 in
2768 3093 2922 3142 altero
2956 3105 3105 3155 marg.
3137 3112 3149 3140 :
3186 3091 3279 3140 ἀπὸ
3305 3093 3510 3149 ναυηγοῦ
3534 3090 3655 3148 πρὸς

2101 3166 2353 3294 γξῗιτὲὀιᾜ.
2376 3191 2438 3202 --
2470 3169 2489 3213 1
2519 3171 2607 3214 τωὶ·
2634 3165 2717 3226 βόε
2743 3162 2863 3213 eod.
2884 3191 2945 3204 --
2963 3169 2991 3211 2
3012 3163 3094 3221 τὴν
3122 3163 3261 3218 ὕννιν,
3290 3164 3339 3209 et
3360 3173 3411 3209 V.
3442 3163 3471 3209 3
3488 3160 3655 3208 τοιαύ-

2164 3374 2457 3428 CCLxxxlj
2471 3377 2671 3425 Lemma
2704 3393 2717 3422 ι
2746 3375 2905 3435 ὅμοιον
2941 3373 3015 3421 ἐπὶ
3038 3375 3105 3433 τῷ
3142 3371 3291 3431 αὐτῷ.
3326 3367 3555 3431 ἰαμὸικόν.
3588 3395 3653 3404 —-

2102 3452 2131 3496 3
2156 3447 2275 3495 αὕτα
2314 3444 2521 3495 Brunck.
2544 3445 2823 3501 Κὲκλαυται,
2848 3441 3057 3492 lacrimis
3086 3439 3283 3502 irrigata
3311 3439 3407 3487 est.
3438 3437 3653 3486 Reddidi

2100 3517 2250 3567 verbo
2296 3515 2597 3580 appuleianO.
2640 3513 2803 3565 Codex
2842 3511 3197 3572 κεκλαυσμὲνας.
3253 3536 3314 3549 --
3374 3513 3395 3556 1
3438 3507 3653 3568 πυμάτας

2100 3586 2395 3644 Brunckiu83
2426 3586 2659 3646 κάματος,
2686 3582 2989 3647 superposito
3014 3585 3072 3630 ιιὸ
3088 3575 3423 3641 (sic),00dex;
3444 3579 3652 3637 κοματὸς

2105 3659 2239 3709 Plan.
2259 3656 2443 3707 Deinde
2466 3657 2583 3707 cod.
2618 3658 2948 3706 ἀναθαὶύσεται
2978 3653 3155 3716 στάχυν
3188 3649 3573 3714 (super-nosnos
3597 3648 3652 3698 li-

2101 3731 2220 3777 teroe
2244 3727 2475 3788 ultimae).
2560 3753 2563 3758 -

2162 3872 2459 3922 ccnxxxn.
2487 3871 2688 3920 Lemma
2730 3887 2743 3916 ι
2782 3869 2845 3923 εἰς
2874 3863 3091 3928 ναυηγὸν.
3120 3865 3177 3913 In
3207 3861 3341 3912 Plan.
3364 3860 3650 3922 Antipatro

2101 3943 2353 3995 tribuitur.
2370 3967 2432 3977 -
2467 3944 2484 3989 l
2526 3943 2731 4000 ναυαγοῦ
2765 3939 2901 3988 Plan.
2933 3937 3113 4000 praeter
3134 3931 3213 3983 ed.
3239 3931 3389 3995 ptine.
3410 3958 3471 3974 ·—
3502 3936 3529 3979 2
3553 3930 3650 3979 ὦλ·

2102 4013 2255 4076 λύμεθ·
2298 4013 2451 4070 Plan.,
2472 4009 2707 4074 probante
2736 4008 2953 4057 Heckero
2968 4007 3011 4065 1,
3036 4018 3085 4066 p.
3125 4007 3236 4062 1033
3260 4001 3465 4062 ὀλλόμεθ’
3501 3999 3649 4054 Cod..

2101 4084 2308 4146 ὀλλύμεθ’
2340 4080 2547 4132 Brunck.
2578 4083 2628 4130 et
2650 4077 2843 4128 Jacobs.
2874 4077 2924 4126 in
2945 4078 3110 4124 nostro
3128 4071 3365 4134 exemplo,
3382 4069 3583 4130 ὠλὸμθ·
3596 4069 3651 4116 in

2102 4154 2178 4207 ed·
2204 4153 2303 4212 Qui
2319 4155 2449 4202 recte
2466 4151 2668 4200 contidit
2684 4163 2761 4212 ep.
2792 4152 2901 4207 675,
2928 4146 3065 4197 velut
3091 4141 3387 4206 respondens
3404 4139 3649 4203 epigram-

2101 4227 2245 4277 matis
2276 4230 2383 4286 264,
2404 4231 2511 4282 266,
2540 4225 2592 4273 et
2618 4218 2869 4279 similibus,
2906 4220 2958 4266 et
2978 4213 3267 4266 sententiam
3295 4212 3368 4261 sic
3393 4209 3596 4273 exponit
3634 4229 3649 4257 z

2108 4319 2131 4341 «ι
2154 4302 2464 4358 Quamquam
2484 4293 2565 4342 hic
2588 4290 2808 4354 naufragi
2832 4289 2973 4338 vides
2995 4284 3243 4336 tumulum
3259 4321 3272 4343 ,
3296 4295 3359 4332 ne
3382 4284 3545 4332 tamen
3567 4278 3646 4327 id—

2105 4368 2237 4418 circo
2262 4380 2291 4417 a
2316 4365 2437 4415 mari
2472 4362 2715 4414 abstineas
2749 4380 2762 4410 ε
2792 4359 2872 4409 alii
2908 4357 3036 4406 enim
3068 4354 3325 4404 nautarum
3369 4351 3649 4408 servantur,

2101 4439 2182 4489 alii
2208 4439 2427 4500 pereunt.
2458 4437 2555 4498 Ego
2576 4432 2774 4496 quidem
2802 4443 2954 4494 quum
2977 4425 3285 4488 naufragium
3310 4422 3537 4480 facerem,
3564 4433 3651 4470 ce·

2102 4509 2225 4558 teris
2242 4507 2445 4557 navibus
2472 4504 2593 4554 nihil
2610 4503 2724 4552 mali
2752 4499 3017 4551 accidebat.
3051 4519 3075 4541 υ

2166 4661 2487 4711 cctxxxm.
2534 4659 2734 4706 Lemma
2772 4673 2785 4702 ε
2822 4653 2973 4713 ἕτερον
3030 4651 3094 4706 εἰς
3128 4648 3327 4704 ναυηγὸν
3369 4645 3649 4706 Ἀμφιμὲνην

2100 4733 2235 4793 (imo
2280 4733 2385 4793 ejus
2428 4727 2582 4777 filium
2598 4729 2633 4788 ).
2678 4729 2792 4773 —1
2844 4721 3005 4782 ὀϊζυρὰ
3046 4717 3209 4772 codd.;
3262 4716 3461 4765 θάλαττα
3510 4711 3647 4762 Plan.

2102 4833 2162 4844 -
2176 4811 2204 4852 2
2235 4801 2383 4864 ψηλῆς
2414 4797 2535 4848 Cod.
2562 4823 2626 4833 —-
2657 4801 2703 4845 3.
2728 4815 2751 4837 «ι
2776 4790 2996 4843 Notanda
3020 4787 3201 4838 locutio
3221 4785 3472 4846 ἐπιειμένος
3504 4783 3651 4844 ἀχλὺν

2102 4887 2189 4937 pro
2227 4871 2371 4928 κόνιν,
2408 4875 2513 4932 γῆν,
2553 4879 2668 4930 quae
2698 4868 2756 4915 ut
2790 4861 3006 4924 vulgaria
3032 4863 3082 4910 et
3122 4857 3266 4907 nimis
3300 4855 3418 4904 trita
3455 4851 3645 4914 respuit

2104 4942 2358 4994 Leonidas.
2388 4961 2412 4984 n
2458 4941 2571 4990 Jac.
2615 4963 2674 4973 —
2714 4941 2742 4986 4
2784 4933 2961 4997 φύλεὺς
2988 4929 3108 4980 cod.
3155 4932 3205 4978 et
3246 4927 3401 4982 Flam:
3440 4922 3645 4981 Φυλλιὺς

2104 5015 2327 5077 Scaliger,
2346 5009 2477 5073 quod
2496 5007 2671 5073 gentile
2699 5008 2806 5062 estz
2826 5003 3003 5058 Φυλεὺς
3026 4998 3233 5050 Metuek.
3254 5008 3303 5060 p.
3336 4999 3439 5054 135,
3468 5013 3493 5035 ι
3513 4984 3645 5052 quod
