3829 5747
454 174 569 233 188

526 304 765 380 κάμνων,
788 302 879 363 καὶ
904 308 1137 382 μογερῶν
1168 306 1369 380 πεῖσμα
1400 306 1767 383 σαγηνοὸόλων
1786 341 1869 355 -

448 390 629 449 ἄνθετο
656 390 709 449 δὲ
732 392 1009 460 Κλεόνικος
1028 436 1044 462 ,
1072 392 1184 451 ἐπεὶ
1204 393 1294 450 καὶ
1318 392 1523 452 πόντιον
1554 394 1719 474 ἄγραν

526 478 649 538 ἄνυε
664 524 680 553 ,
706 480 795 539 καὶ
820 481 1312 548 πτῶκας-πολλάκις
1334 481 1583 548 ἐξεσόὸει.

669 622 805 673 168.
851 614 1162 674 ΠΑΥΛΟΥ
1204 616 1775 677 ΣΙΛΕΝΤΙΑΡΙΟΥ.

450 750 712 829 Βοτρυΐων
738 752 1021 825 ἀκάμαντα
1058 757 1229 833 φυτῶν
1258 753 1539 834 λωὸήτορα
1565 754 1785 836 κάπρον,

522 840 609 897 τὸν
633 838 825 918 θρασὺν
857 842 1124 921 ὖψικόμων
1158 842 1681 917 ἐνναέταν-δονάκων,

444 926 695 995 πολλάκις
722 926 1034 1010 ἕξερύσαντα
1057 933 1188 989 θοῶν
1209 934 1463 1005 ἀκμαῖσιν
1494 929 1717 989 ὀδόντων

524 1013 761 1094 δένδρεα,
784 1017 875 1075 καὶ
906 1016 1113 1094 νομίους
1133 1018 1458 1097 τρεψάμενον
1488 1016 1755 1083 σκύλακας
1772 1061 1789 1089 ,

446 1102 676 1171 ἀντήσας
707 1106 963 1179 ποταμοῖο
990 1106 1153 1171 πέλας
1169 1148 1184 1177 ,
1210 1104 1497 1184 πεφρικότα
1526 1104 1734 1183 χαίτας,

526 1191 643 1270 ἄρτι
662 1191 751 1249 καὶ
772 1191 824 1260 ἐξ
846 1191 975 1258 ὕλας
1002 1194 1181 1273 πάγχυ
1210 1194 1431 1251 λιπόντα
1460 1194 1636 1272 βάθος,

442 1279 627 1357 χαλκῷ
658 1278 959 1358 Ξεινόφιλος
976 1276 1298 1356 κατενήρατο
1319 1323 1336 1351 ,
1361 1279 1449 1337 καὶ
1478 1278 1623 1358 παρὰ
1649 1280 1795 1359 φηγῷ

521 1366 673 1445 θηρὸς
696 1366 995 1425 ἀθωπεύτου
1024 1365 1165 1424 Πανὶ
1186 1368 1391 1446 καθῆψε
1420 1366 1590 1447 δέρας.

1004 1499 1119 1549 169.
1167 1500 1445 1549 ΑΔΗΛΟΝ.

444 1618 740 1691 Κώμαυλος
759 1616 845 1674 τὸν
878 1618 1045 1695 ἐχῖνον
1074 1616 1197 1676 ἰδὼν
1226 1617 1312 1675 ἐπὶ
1343 1621 1481 1675 νῶτα
1506 1616 1725 1697 φέροντα

520 1706 715 1784 ῥᾶγας,
732 1702 1031 1762 ἀπέκτεινεν
1061 1708 1189 1782 τῷδ’
1217 1706 1303 1763 ἐπὶ
1328 1706 1631 1783 θειλοπὲδῳ·

442 1791 635 1861 αὐήνας
664 1792 711 1848 δ’
739 1789 956 1863 ἀνέθηκε
984 1790 1291 1872 φιλακρήτῳ
1318 1792 1555 1873 Διονύσῳ

514 1880 603 1937 τὸν
626 1877 694 1936 τὰ
720 1878 987 1938 Διωνύσου
1022 1881 1163 1957 δῶρα
1195 1880 1511 1957 λεϊζόμενον.

954 2023 978 2070 1
990 2021 1016 2070 7
1031 2022 1084 2071 0.
1123 2014 1489 2073 ΘΥΙΛΛΟΥ.

436 2142 508 2201 Αἱ
533 2138 751 2199 πτελέαι
783 2142 857 2219 τῷ
888 2141 1027 2202 Πανὶ
1047 2188 1064 2216 ,
1091 2142 1179 2201 καὶ
1206 2146 1261 2201 αἱ
1287 2144 1611 2220 τανυμήκεες
1656 2138 1811 2203 αὗται

518 2228 685 2305 ἰτέαι,
715 2229 751 2300 ἥ
776 2232 822 2289 θ’
850 2229 965 2306 ἱερὰ
992 2231 1332 2311 κάμφιλαφὴς
1360 2234 1642 2308 πλάτανος,

434 2320 527 2397 χαί
558 2317 796 2391 λιὸάδες,
829 2319 919 2376 καὶ
948 2324 1117 2377 ταῦτα
1141 2320 1393 2397 βοτηρικὰ
1422 2321 1575 2381 Πανὶ
1610 2320 1847 2380 κύπελλα

516 2406 772 2485 ἄγκειται,
803 2406 954 2485 δίψης
980 2406 1213 2486 φάρμακ’
1244 2406 1549 2475 ἅλεξίκακα.

994 2546 1113 2597 171.
1154 2548 1433 2596 ΑΔΗΔΟΝ.

434 2664 591 2741 Αὐτῷ
621 2661 703 2720 σοὶ
727 2662 853 2736 πρὸς
879 2662 1161 2740 Ὄλυμπον
1189 2666 1513 2740 ἐμακύναντο
1544 2665 1792 2724 κολοσσὸν

512 2748 659 2809 τόνδε
687 2748 874 2809 Ῥόδου
900 2752 1081 2811 ναέται
1107 2753 1337 2829 Δωρίδος
1356 2796 1371 2823 ,
1412 2750 1609 2823 Ἇέλιε,

430 2838 655 2916 χάλκεον
684 2837 837 2898 ἁνίκα
865 2846 1007 2917 κῦμα
1036 2842 1446 2908 κατευνάσαντες
1473 2838 1689 2906 Ἐνυοῦς

509 2929 733 3011 ἔστεψαν
753 2932 957 3010 πάτραν
980 2935 1275 3009 δυσμενέων
1300 2933 1520 3012 ἐνάροις.

432 3020 512 3078 Οὐ
528 3019 629 3097 γὰρ
645 3019 775 3097 ὑπὲρ
797 3020 1052 3097 πελάγους
1068 3022 1222 3096 μόνον
1237 3022 1267 3056 *
1289 3021 1531 3096 ἄνθεσαν,
1550 3019 1685 3078 ἀλλὰ
1703 3020 1793 3080 καὶ
1812 3023 1864 3080 ἐν
1888 3030 1984 3102 γᾷ,

514 3104 675 3184 ἁδρὸν
705 3107 999 3166 ἀδουλώτου
1034 3109 1217 3188 φέγγος
1246 3111 1552 3188 ἐλευθερίας·

429 3203 536 3259 τοῖς
567 3196 669 3273 γὰρ
698 3195 786 3272 ἀφ’
818 3193 1116 3273 Ἡρακλῆος
1143 3195 1401 3265 ἀεξηθεῖσι
1422 3195 1668 3274 γενέθλας

507 3280 722 3361 πάτριος
746 3284 797 3340 ἐν
820 3281 1009 3362 πόντῳ,
1030 3286 1128 3354 κήν
1156 3283 1303 3361 χθονὶ
1334 3282 1591 3361 κοιρανία.

912 3425 1039 3476 172.
1074 3414 1498 3496 [Ammon]

428 3542 690 3623 Πορφυρὶς
718 3547 751 3614 ἡ
785 3545 971 3616 Κνιδίη
996 3545 1062 3604 τὰ
1088 3544 1401 3623 στέμματα,
1440 3544 1529 3603 καὶ
1560 3546 1619 3605 τὸ
1644 3546 1877 3622 δίθυρσον

504 3637 655 3692 τοῦτο
684 3632 743 3690 τὸ
764 3633 1061 3711 λογχωτὸν,
1091 3633 1180 3691 καὶ
1208 3633 1270 3692 τὸ
1302 3633 1662 3714 περισφύριον,

424 3710 499 3785 οἷς
524 3721 710 3793 ἀνέδην
743 3722 1021 3798 βάκχευεν,
1045 3719 1120 3778 ὅτ’
1148 3722 1198 3787 ἐς
1224 3721 1473 3780 Διόνυσον
1504 3721 1682 3802 ἐφοίτα

502 3807 764 3880 κισσωτῆν
795 3807 1021 3890 στέρνοις
1045 3809 1239 3890 νεὸρίδ’
1266 3809 1603 3888 ἀναπτομένη
1623 3857 1637 3880 ,

490 3979 550 4025 Et
575 3985 676 4026 toto
690 3977 839 4042 pisces
856 3992 997 4025 amne
1014 3992 1182 4041 sagena
1202 3976 1412 4028 trahens.

424 4059 510 4107 llis
529 4066 577 4106 te
600 4057 879 4108 muneribus
897 4058 1070 4108 merito
1090 4059 1341 4108 Cleonicus
1363 4059 1588 4123 honorat,

489 4141 619 4191 Felix
642 4140 694 4191 in
716 4142 921 4208 lepores,
946 4158 1035 4192 nec
1061 4143 1219 4192 miuus
1237 4143 1319 4192 ille
1344 4144 1481 4195 mari.

1045 4262 1154 4324 169.
1185 4275 1401 4311 ructa-rr.

424 4365 550 4410 Uvas
577 4361 704 4413 ferre
724 4364 884 4413 videns
907 4374 1039 4430 tergo
1068 4368 1324 4417 Comaulus
1354 4367 1580 4417 echinum

492 4445 659 4493 Intulit
680 4447 857 4496 erranti
886 4450 1029 4514 plana
1050 4466 1136 4515 per
1158 4450 1249 4500 ista
1270 4467 1437 4500 necem
1466 4469 1477 4501 :

421 4531 482 4576 Et
511 4527 599 4576 tibi
622 4527 850 4578 siccatum
874 4531 1070 4594 merito,
1096 4538 1286 4595 Lenaee,
1311 4535 1536 4597 sacravit,

488 4609 679 4676 Quippe
703 4620 804 4660 tuas
831 4611 987 4662 fuerat
1009 4615 1091 4679 qui
1118 4616 1371 4682 populatus
1389 4633 1520 4683 opes.

1024 4741 1132 4785 171.
1165 4742 1381 4790 zucam-1,

729 4825 790 4876 de
814 4829 1022 4896 imagine
1060 4831 1161 4880 Soli
1182 4845 1377 4884 sacrata
1400 4852 1433 4882 a
1460 4833 1672 4887 Rhodiis.

424 4936 655 4986 Eductam
686 4939 825 5002 coelo,
856 4941 957 5002 Sol,
983 4942 1237 4994 admovere
1256 4945 1497 4996 Colossum

1563 174 1964 238 ANTHOLOG
1973 177 2069 236 1AE
2113 176 2513 237 PALATINAE

2144 316 2386 379 laborans,
2406 319 2457 368 et
2480 317 2612 366 funis
2632 329 2858 379 sagenam
2883 328 3084 380 operose
3098 317 3380 379 iacientium
3399 346 3467 356 -

2085 404 2328 456 dedicavit
2337 405 2611 466 Cleonicus,
2628 403 3024 468 quandoquidem
3037 408 3088 455 et
3111 402 3402 457 maritimam
3424 406 3688 471 praedam

2145 493 2319 557 agebat
2333 532 2347 555 ,
2369 497 2418 544 et
2435 494 2624 557 lepores
2643 506 2772 556 saepe
2796 493 3023 556 agitabat.

2491 636 2594 683 108.
2633 634 2822 682 PAULI
2849 634 3234 683 SlLENTlARlI.

2087 766 2462 814 Raoemosarum
2485 762 2758 824 plantarum
2783 761 3084 811 indefessum
3110 765 3406 813 vastatorem
3433 778 3644 827 aprum
3667 801 3682 822 ‚

2147 850 2386 900 audacem
2411 850 2752 900 alticomarum
2775 848 2986 898 incolam
3009 850 3322 913 arundinum,

2085 950 2216 1001 saepe
2237 937 2533 999 qui-evulsit
2561 935 2842 999 rapidorum
2859 936 3174 987 mucronibus
3193 936 3414 989 dentium

2145 1024 2358 1085 arbores,
2379 1026 2430 1074 et
2443 1024 2684 1087 pastorios
2706 1023 2891 1087 fugavit
2913 1036 3082 1087 canes,

2084 1115 2303 1165 obviam-
2311 1114 2475 1165 sactus
2501 1114 2707 1163 fluvium
2728 1117 2940 1177 propter,
2967 1113 3250 1165 horrentem
3281 1114 3417 1176 setis,

2145 1202 2292 1251 modo
2310 1204 2362 1252 et
2387 1200 2523 1251 silvae
2541 1214 2598 1251 ex
2615 1200 2860 1265 profundo
2886 1214 3138 1263 egressum
3169 1214 3382 1261 recessu,

2085 1304 2182 1341 aere
2204 1289 2497 1353 Xenophilus
2521 1288 2781 1349 interfecit,
2810 1290 2862 1338 et
2879 1288 2946 1337 ad
2963 1289 3129 1352 sagum

2148 1377 2324 1430 helluae
2347 1379 2551 1429 immitis
2573 1378 2694 1427 Pani
2713 1376 2934 1440 religavit
2955 1377 3142 1441 pellem.

2648 1509 2751 1555 169.
2795 1515 3069 1556 memni-

2086 1628 2352 1678 Comaulus
2371 1642 2528 1691 quum
2549 1629 2827 1678 erinaceum
2845 1626 3050 1676 vidisset
3073 1625 3124 1674 in
3143 1628 3279 1689 tergo
3309 1627 3558 1676 ferentem

2146 1714 2454 1774 acinos-uvae,
2475 1714 2720 1764 interemit
2739 1714 2832 1764 hac
2857 1714 2907 1763 in
2931 1713 3103 1775 vinea;

2084 1804 2134 1852 et
2149 1802 2384 1854 siccatum
2406 1802 2650 1853 dedicavit
2672 1803 3070 1853 merum-amanti
3089 1803 3279 1853 Baccho

2145 1892 2319 1943 Baoehi
2341 1894 2470 1944 <lona
2486 1892 2800 1957 praedantem.

2664 2030 2768 2076 170.
2801 2027 3075 2077 THYlLLI.

2081 2158 2209 2206 Ulmi
2235 2158 2368 2219 Pani,
2394 2161 2444 2207 et
2459 2170 2672 2221 proeerae
2703 2156 2783 2207 hae

2145 2246 2334 2307 salices,
2369 2260 2427 2295 ac
2452 2258 2590 2295 sacra
2607 2243 2970 2296 late-luxurians
2995 2244 3245 2307 platanus,

2083 2336 2134 2383 et
2153 2334 2330 2393 sontes,
2351 2337 2403 2383 et
2424 2332 2535 2382 haec
2553 2333 2805 2396 pastoritia
2820 2333 2997 2396 pocula
3023 2331 3143 2381 Pani

2106 2448 2116 2459 ·
2142 2424 2431 2482 sacra-sunt,
2455 2422 2564 2473 sitis
2577 2420 2792 2471 remedia
2815 2420 3276 2484 malfe-depulsoria.

2657 2553 2762 2600 171.
2822 2562 3098 2604 menan.

2080 2674 2180 2737 Ipsi
2195 2674 2282 2723 tibi
2307 2674 2546 2737 usque-ad
2571 2675 2835 2740 Olympum
2853 2674 3124 2725 eduxerunt
3141 2674 3384 2725 colossum

2135 2760 2270 2812 hunc
2296 2761 2455 2811 Rhodi
2479 2762 2780 2813 habitatores
2807 2763 2998 2813 Doricae
3012 2800 3025 2823 ,
3053 2762 3149 2823 Sol,

2075 2861 2269 2899 aeneum
2287 2848 2484 2912 quando
2503 2848 2710 2900 ssuctmm
2729 2848 3103 2913 consopiverant
3127 2848 3337 2898 Bellonoe
3364 2850 3414 2898 et

2137 2939 2496 2987 coronaverunt
2515 2937 2723 3000 patriam
2747 2935 2910 3000 spoliis
2940 2932 3176 2986 hostium.
3445 2935 3646 3000 [tet-ra,

2073 3025 2179 3074 Non
2197 3025 2327 3075 enim
2345 3037 2494 3088 super
2515 3026 2684 3089 pelago
2716 3025 2875 3075 solum
2898 3024 3248 3084 accenderunt,
3280 3024 3369 3074 sed
3401 3025 3556 3074 etiam
3590 3025 3650 3073 in

2137 3113 2398 3175 pulchrum
2425 3112 2812 3176 non-subjugatae
2838 3113 3004 3162 lumen
3029 3111 3267 3162 libertatis
3299 3132 3311 3161 z

2072 3200 2254 3267 quippe
2271 3199 2384 3261 illis,
2405 3199 2489 3262 qui
2517 3212 2575 3250 ex
2603 3199 2828 3249 Herculis
2848 3201 3108 3248 creverunt
3129 3197 3313 3259 sobole,

2135 3289 2336 3352 paterna
2363 3289 2440 3336 est
2459 3285 2508 3335 in
2530 3289 2680 3349 ponto
2705 3288 2755 3336 et
2776 3285 2976 3336 interra
3001 3284 3282 3336 dominatio.

2599 3423 2704 3469 172.
2748 3419 3060 3468 AGATHIAE.

2071 3550 2334 3615 Porphyris
2355 3551 2530 3601 Cnidia
2548 3565 2752 3602 coronas
2771 3553 2822 3601 et
2845 3548 3330 3615 duplicem-thyrsum

2132 3637 2265 3689 hunc
2305 3639 2848 3701 hastilia-referentem,
2874 3642 2927 3689 et
2950 3639 3132 3699 tibiae,
3527 3635 3645 3700 [bat

2070 3731 2254 3795 quibus
2271 3731 2510 3782 effrenate
2526 3729 2872 3792 bacchabatur,
2897 3729 3093 3793 quando
3125 3728 3189 3778 ad
3211 3727 3456 3778 Bacchum
3481 3727 3639 3778 vade—

2129 3819 2554 3870 hedera-ornatam
2570 3820 2754 3883 pectori
2771 3819 3162 3883 pellem-caprea·-
3178 3817 3638 3878 affixam-habens,

3513 3927 3600 3938 .-

2133 3982 2274 4027 Hunc
2297 3977 2386 4027 tibi
2413 3993 2525 4043 gens
2543 3977 2763 4028 habitans
2794 3977 2998 4027 Doridos
3013 3975 3136 4026 urbe
3153 3975 3341 4038 Rhodi,

2069 4066 2180 4111 ΕΝ,
2207 4062 2386 4128 probo,
2407 4078 2531 4110 saevo
2555 4061 2750 4111 reduces
2772 4077 2882 4111 eum
2914 4061 3086 4110 Martis
3107 4060 3169 4110 ab
3192 4069 3304 4110 :estu

2133 4145 2427 4211 Suspendere
2457 4144 2552 4193 suis
2568 4143 2753 4194 hostica
2770 4144 2902 4208 signa
2926 4143 3090 4194 tholis.

2068 4225 2258 4291 Quippe
2283 4226 2575 4276 redonamnt
2599 4225 2777 4291 pariter
2794 4235 3028 4291 terraeque
3045 4225 3262 4292 marique

2133 4307 2308 4357 Libera
2338 4307 2516 4356 nullius
2543 4305 2730 4356 subdita
2743 4307 2854 4372 jura
2870 4307 3002 4372 jugo.

2066 4390 2305 4439 Herculeo
2329 4389 2562 4455 siquidem
2579 4389 2789 4456 patrium
2812 4398 2884 4440 est
2905 4390 2966 4440 de
2995 4391 3175 4440 semine
3203 4389 3324 4440 natis

2134 4470 2394 4537 Imperium
2427 4470 2585 4532 terris,
2611 4470 2962 4536 imperiumque
2981 4471 3121 4522 mari.

2648 4613 2667 4642 1
2679 4612 2758 4657 7²·
2806 4611 3046 4644 nosram.

2067 4721 2326 4789 Porphyris
2342 4732 2446 4774 orta
2469 4723 2621 4774 Cnido
2637 4759 2652 4784 ,
2675 4722 2860 4788 gemina
2884 4739 2993 4772 eum
3020 4722 3216 4788 cuspide
3241 4720 3460 4788 thyrsum
3474 4759 3490 4784 ,

2132 4807 2361 4870 Sertaque
2376 4841 2391 4869 ,
2419 4814 2470 4854 et
2490 4804 2591 4854 haec
2618 4805 2798 4854 circum
2822 4804 3008 4853 vincula
3031 4804 3172 4853 dueta
3198 4804 3373 4870 pedes;

2067 4889 2194 4935 Laeta
2218 4886 2392 4952 quibus
2421 4886 2600 4936 Bromii
2621 4901 2723 4936 sese
2745 4885 2957 4952 jactabat
2983 4885 3044 4935 ad
3070 4901 3192 4943 aras,

2136 4969 2314 5021 Partim
2337 4970 2536 5033 hedera,
2560 4971 2734 5037 partim
2761 4969 2961 5020 nebride
2984 4969 3140 5020 cineta
3167 4970 3290 5019 latus
3303 4984 3322 5032 ;
