3829 5747
381 269 478 346 viij
1737 261 2163 321 PRAEFAno.

381 426 510 496 ego
537 415 913 497 paternum
956 400 1028 467 in
1057 422 1172 468 me
1209 397 1527 467 animum
1567 408 1803 488 gratus
1844 419 2066 490 usque
2104 392 2563 463 recordabor.
2611 392 2997 487 Respondit
3050 421 3083 456 «
3132 399 3501 487 sospitator·

378 523 814 617 Antlzologiae
842 546 1080 616 graecae
1115 553 1148 585 »
1193 520 1424 616 ipsum
1458 517 1746 613 quidem
1789 516 2101 586 alienum
2142 540 2289 585 esse
2335 538 2373 582 a
2415 538 2603 584 nova
2643 512 2958 585 editione
3006 514 3495 611 suscipienda,

379 649 501 720 sed
551 649 853 718 libenter
899 644 1273 715 nobiscum
1323 642 2020 712 communicaturum
2064 665 2221 736 quae
2253 663 2445 743 nunc
2476 639 2566 709 de
2602 638 2893 732 singulis
2936 638 3112 708 locis
3140 637 3497 731 judicaret

378 773 582 842 aliter
615 795 697 840 ac
731 769 1033 866 pridem.
1082 775 1309 861 Atque
1338 778 1652 834 nostram
1694 763 1768 831 in
1807 763 2102 856 gratiam
2144 763 2591 833 venerandus
2634 786 2844 832 senex
2887 760 3325 856 Anthologiae
3366 766 3491 830 Pa-

377 895 667 964 latinam
707 893 1094 963 editionem
1138 890 1440 958 maxima
1479 887 1844 980 diligentia
1889 885 2171 980 relegit,
2209 886 2551 968 correxit,
2587 885 2868 955 criticas
2908 899 3148 972 nota5‚
3192 884 3319 955 ubi
3368 910 3493 955 ne-

375 1019 758 1088 cessarium
788 1015 1194 1101 videbatur,
1225 1037 1346 1082 sua
1379 1035 1594 1081 manu
1631 1011 1978 1106 appinxit.
2568 1099 2577 1108 Ι

473 1141 984 1212 Pretiosissimo
1023 1137 1273 1208 codice
1292 1135 1706 1232 jacobsiano
1735 1131 1979 1229 (quem
2006 1130 2346 1228 appellari
2378 1130 2479 1208 fas
2508 1128 2639 1223 est)
2667 1129 2757 1199 ad
2810 1154 2941 1199 nos
2982 1129 3256 1226 perlato
3283 1185 3301 1219 ,
3338 1132 3489 1200 Fir-

375 1265 610 1334 minus
645 1262 865 1333 Didot
882 1316 901 1346 ,
935 1276 1014 1331 ut
1041 1260 1219 1331 solet
1241 1312 1258 1347 ,
1294 1259 1614 1354 quaesivit
1639 1281 1783 1354 qua
1806 1257 2085 1326 ratione
2107 1255 2256 1350 jam
2279 1253 2715 1325 instituenda
2745 1269 2925 1324 esset
2952 1279 3171 1349 quam
3197 1254 3489 1351 parabat

371 1387 795 1471 editionem,
849 1410 995 1480 quo
1045 1377 1412 1453 literarum
1471 1405 1850 1478 graecarum
1891 1377 2298 1449 amantibus
2342 1393 2412 1447 et
2460 1377 2791 1448 studiosis
2835 1402 3053 1474 quam
3098 1377 3491 1474 plurimum

369 1509 536 1581 inde
556 1490 920 1579 commodi
953 1506 1174 1576 fieret.
1204 1504 1308 1576 Ibi
1339 1503 1558 1574 latina
1586 1505 1903 1598 Hugonis
1926 1503 2160 1574 Grotii
2189 1500 2691 1571 animadvertit
2717 1499 3157 1570 admirabilia
3189 1501 3483 1596 quidem

369 1657 519 1702 esse
572 1631 692 1701 illa
739 1646 807 1700 et
854 1654 1143 1726 prorsus
1179 1628 1554 1723 antiquum
1600 1628 1971 1724 spirantia,
2008 1625 2131 1696 sed
2176 1626 2261 1694 iis
2300 1625 2423 1721 qui
2481 1623 2757 1718 singula
2808 1648 3106 1721 quaeque
3159 1640 3489 1695 accurate

369 1757 564 1852 sequi
610 1768 680 1824 et
716 1752 1107 1846 intelligere
1136 1751 1397 1839 velint,
1432 1774 1580 1819 non
1614 1751 1780 1819 satis
1809 1750 2205 1845 adjumenti
2236 1747 2556 1818 allatura.
2584 1749 2939 1834 Quocirca
2966 1763 3117 1818 tota
3162 1749 3296 1845 ipsi
3346 1753 3488 1818 An-

367 1877 682 1971 thologia
701 1876 800 1944 ad
825 1875 1110 1946 verbum
1139 1875 1334 1972 quod
1366 1874 1567 1968 ajunt
1595 1872 1813 1942 latine
1843 1872 2184 1942 vertenda
2211 1896 2361 1942 esse
2392 1871 2769 1942 videbatur
2795 1888 2864 1942 et
2894 1897 3057 1943 eum
3089 1873 3163 1942 in
3191 1872 3489 1942 modum

365 1999 778 2070 adornanda
812 2023 958 2096 quo
995 1999 1213 2067 ceteri
1250 1999 1324 2067 in
1373 1995 1511 2066 hac
1549 1997 1965 2066 Bibliotheca
1996 1995 2375 2091 scriptores
2405 2008 2475 2064 et
2516 2009 2741 2091 poetae
2770 1997 3335 2092 conspiciuntur.
3382 1996 3485 2064 Ad

367 2121 716 2217 ejusmodi
747 2145 1007 2190 munus
1040 2119 1457 2190 obeundum
1494 2119 1610 2189 cui
1649 2120 1900 2207 otium,
1936 2118 2262 2189 doctrina
2291 2132 2361 2187 et
2399 2119 2841 2214 poeticarum
2876 2142 3219 2189 venerum
3248 2144 3491 2190 sensus

367 2261 551 2317 esset
587 2261 657 2315 et
688 2258 1116 2341 superesset,
1155 2244 1486 2312 inventus
1522 2257 1627 2311 est
1661 2247 2009 2328 Bo'rfflUS,
2046 2242 2249 2338 cujus
2293 2242 2659 2334 ingenium
2705 2256 2776 2312 et
2824 2243 2898 2311 in
2945 2257 3189 2338 poetas
3228 2267 3491 2337 graecos

365 2369 764 2465 latinosque
815 2368 1062 2437 merita
1108 2390 1322 2436 nemo
1373 2366 1622 2436 nescit.
1678 2364 2096 2435 Absolverat
2138 2378 2284 2433 tum
2335 2363 2452 2433 ille
2497 2379 2567 2434 et
2604 2367 3063 2435 Comicorum
3102 2390 3489 2461 graecorum

371 2493 757 2587 fragmenta
795 2506 863 2560 et
903 2489 1219 2560 Athenaei
1275 2485 1986 2584 dipnosophistarum
2052 2487 2624 2575 translationem,
2670 2487 3019 2558 Dindorfii
3084 2514 3240 2584 quae
3300 2515 3492 2561 nunc

368 2615 649 2711 prelum
705 2626 980 2682 exercet
1034 2635 1236 2681 novae
1279 2610 1681 2680 recensioni
1740 2633 1882 2705 prae
1942 2611 2540 2708 Dalechampiana
2600 2613 2924 2682 versione
2985 2611 3485 2706 adjiciendam.

368 2743 603 2824 Quare
635 2736 835 2806 laetus
865 2735 1110 2805 Didoti
1144 2734 1365 2804 literis
1403 2735 1554 2802 sine
1588 2755 1788 2801 mora
1817 2736 2173 2804 Musarum
2210 2749 2411 2831 prata
2454 2735 2926 2805 amoenissima
2972 2735 3324 2830 ingressus
3356 2750 3485 2823 est,

369 2886 589 2957 graeca
642 2885 964 2957 quoque,
1003 2872 1078 2928 ut
1117 2884 1156 2927 a
1189 2857 1441 2929 critico
1488 2857 1644 2926 viro
1696 2857 2088 2952 exspectari
2142 2872 2461 2954 poterat,
2518 2884 2650 2955 pro
2704 2857 2893 2928 virili
2955 2858 3484 2931 emendaturus

371 2984 806 3054 Labentibus·
830 2982 1035 3049 annis
1068 2982 1424 3077 optimum
1463 2980 1695 3049 virum
1731 3004 1878 3050 non
1904 2981 2122 3052 ardor
2158 3008 2477 3079 unquam
2517 3008 2749 3079 neque
2776 2984 3139 3072 alacritaS,
3179 2984 3302 3055 sed
3350 2988 3492 3054 vita

369 3108 690 3178 destituit
719 3129 934 3202 opere
970 3130 1117 3174 non
1155 3102 1506 3173 absoluto,
1545 3105 1757 3190 Quod
1786 3106 2045 3175 iterum
2066 3107 2364 3200 pendere
2392 3115 2848 3203 interruptum
2890 3133 2910 3174 .·
2940 3110 3199 3177 iterum
3226 3108 3492 3178 haerere

370 3245 440 3299 et
468 3229 1012 3326 circumspicere
1051 3227 1376 3297 DidotuS.

465 3359 742 3422 Interea
765 3351 1118 3448 quidquid
1139 3366 1245 3420 est
1263 3350 1643 3421 hominum
1673 3351 2145 3422 eruditiorum
2164 3367 2235 3421 et
2264 3352 2713 3446 elegantioris
2731 3346 3489 3424 doctrinae'amantium

370 3501 501 3573 per
538 3489 760 3546 totam
786 3474 1092 3545 Galliam
1125 3474 1519 3544 tristissimo
1550 3474 1961 3570 percellitur
1994 3476 2247 3545 nuntio
2285 3502 2301 3545 z
2343 3476 2723 3547 decessisse
2778 3474 3287 3547 humaniorum
3342 3475 3496 3546 lite-

305 3664 322 3685 ,
371 3624 610 3668 rarum
641 3598 858 3668 decus
877 3612 947 3667 et
971 3622 1099 3693 per
1134 3598 1480 3691 sexaginta
1507 3596 1598 3693 (⁴²)
1612 3621 1838 3667 annos
1865 3601 2281 3694 magistrum
2303 3614 2449 3670 tam
2477 3598 2947 3697 popularibus
2965 3624 3184 3693 quam
3207 3601 3487 3671 exteris.

376 3726 460 3788 At
494 3719 790 3815 dignum
829 3734 1025 3790 tanto
1066 3734 1264 3816 patre
1313 3720 1535 3791 filium
1558 3777 1576 3807 ,
1606 3727 2001 3794 Gnsnvnm
2058 3726 2528 3809 Boissormnss,
2562 3745 2993 3818 quamquam
3042 3722 3115 3791 in
3146 3722 3327 3815 juris
3365 3747 3491 3818 pe-

374 3843 761 3912 netralibus
794 3841 1272 3930 habitantem,
1318 3869 1702 3939 graecarum
1730 3844 2142 3914 chartarum
2172 3844 2246 3915 in
2272 3846 2663 3917 hereditate
2704 3858 2996 3941 paterna
3039 3845 3284 3938 ingens
3328 3844 3488 3913 the-

373 3976 621 4035 saurus
665 3966 959 4036 minime
1008 3965 1258 4037 habuit
1302 3969 1734 4064 imparatum
1788 3995 1802 4037 :
1862 3968 2167 4064 plurima
2205 3965 2329 4034 diu
2378 3965 2693 4059 neglecta
2730 3978 2803 4033 et
2850 3963 3347 4059 sibyllinorum
3398 3965 3491 4036 ad

375 4090 591 4157 instar
621 4088 956 4159 foliorum
977 4090 1288 4187 dispersa
1311 4092 1454 4161 suis
1481 4116 1778 4188 quaequc
1801 4090 2001 4178 lociS,
2032 4116 2163 4159 suo
2194 4087 2579 4185 particulas
2607 4112 2925 4185 quasque
2946 4089 3148 4183 operi
3178 4088 3493 4157 reddidit

372 4211 582 4281 docta
631 4210 700 4281 et
749 4212 860 4308 pia
902 4212 1186 4306 juvenis
1230 4214 1359 4283 viri
1400 4214 1787 4308 diligentia.
1831 4215 1945 4283 Sic
1987 4214 2523 4282 annotationem
2564 4213 2633 4281 in
2680 4211 3187 4307 epigrammata
3222 4236 3442 4305 graeca
3470 4268 3488 4301 ‚

375 4333 710 4404 brevibus
748 4334 1084 4407 chartulis
1121 4338 1574 4407 commissam
1602 4353 1674 4407 et
1693 4362 1820 4434 per
1851 4338 2099 4430 viginti
2125 4361 2411 4406 annosa
2437 4351 2640 4433 patre
2669 4335 3080 4406 derelictam
3100 4387 3118 4419 ,
3150 4348 3410 4431 tanqua
3423 4360 3489 4405 m

381 4458 701 4528 Vir-bium
751 4459 1246 4557 undecumque
1296 4460 1581 4555 collegit
1624 4486 1766 4531 una
1815 4486 1981 4531 cum
2034 4463 2271 4556 graecis
2315 4461 2532 4557 patris
2582 4484 2801 4529 manu
2848 4459 3223 4543 correctiS,
3282 4474 3496 4554 atque

329 4609 334 4617 ·
375 4604 555 4676 opus
599 4582 1028 4651 BIbliotlzecae
1068 4582 1461 4653 Didotiana‘.
1493 4582 1666 4653 olim
1713 4582 2146 4654 destinatum
2190 4583 2376 4653 felici
2419 4607 2636 4679 opera
2673 4580 3113 4652 instauravit.
3175 4586 3488 4650 Benevo-

447 4812 515 4875 (⁸)
547 4812 645 4862 Per
670 4828 832 4863 annos
857 4820 1166 4878 sexaginta!
1185 4812 1318 4864 Nam
1353 4812 1578 4867 docendi
1619 4815 1826 4867 initium
1856 4813 2035 4867 secisse
2064 4814 2321 4867 dicendus
2352 4824 2429 4867 est
2454 4813 2821 4867 Boissonadius
2848 4830 2954 4882 quo
2991 4829 3131 4863 anno
3160 4813 3351 4883 scripta
3392 4812 3496 4863 dis-

376 4908 656 4959 sertatione
677 4906 947 4979 respondit
971 4906 1264 4961 Academiae
1296 4908 1363 4961 ad
1400 4913 1740 4979 quaestionem
1771 4910 2072 4981 hujusmodi
2106 4928 2119 4963 :
2151 4911 2457 4964 &cluet-cher
2482 4910 2551 4963 les
2595 4928 2797 4980 moy-ens
2835 4908 2899 4960 de
2942 4908 3169 4960 mnimer
3205 4928 3265 4960 eu
3305 4910 3502 4960 ance

379 5000 572 5055 I'e‘mde
593 5002 664 5055 du
690 5022 805 5071 grec
833 5016 884 5056 et
910 5004 982 5057 du
1011 5006 1175 5066 latin,
1209 5015 1330 5057 ante
1353 5004 1454 5058 hoc
1484 5006 1730 5059 sa’culum
1758 5026 1898 5059 anno
1924 4994 2085 5059 altero
2146 5006 2589 5059 Moccxcvtlt.
