3829 5747
963 131 1210 192 CAPUT
1251 132 1374 193 Vll.
1421 132 1979 194 EPIGRAMMATA
2021 134 2559 197 SEPULCR'ALlA.
3227 138 3354 196 '383

117 294 134 329 s
175 276 212 332 οἱ
234 268 316 348 μὲν
341 264 441 349 γὰρ
463 265 632 346 γονέες
657 288 723 343 με
751 264 1011 343 γαμήλιον
1040 268 1112 332 εἷς
1143 264 1422 343 Ὑμέναιον

237 356 412 435 μέλλον
441 356 603 433 ἄγειν·
626 360 875 435 στυγεροῦ
899 354 944 411 δ’
970 355 1042 420 εἷς
1067 352 1362 434 Ἀχέροντος
1388 353 1533 427 ἔὸην.

176 447 308 509 Ἀλλὰ
332 444 466 518 θεοὶ,
493 446 732 521 λίτομαι,
754 442 949 523 μητρός
969 466 1027 520 γε
1056 442 1205 520 γόους
1232 444 1454 525 πατέρος
1481 468 1538 504 τε

237 536 460 593 παύσατε
478 579 496 609 ,
522 532 825 609 τηκομένων
854 530 1009 591 εἵνεκ’
1037 534 1162 605 ἐμεῦ
1189 531 1462 613 φθιμένης.

659 688 786 741 569.
841 691 960 736 ΤΟΥ
993 690 1207 738 ΑΤΓΟΥ.

175 822 259 884 Ναὶ
283 820 494 899 λίτομαι
507 866 524 891 ,
545 820 806 899 παροδῒτα
819 864 838 897 ,
860 818 998 900 φίλῳ
1023 817 1308 887 κατάλεξον
1337 818 1546 897 ἀκοίτῃ,

239 900 332 969 εἶτ’
351 910 410 968 ἂν
435 907 568 985 ἐμὴν
591 908 783 987 λεῦσῃς
810 906 1040 984 πατρίδα
1062 906 1385 979 Θεσσαλίην·

177 1031 194 1054 ι
217 1000 440 1063 Κάτθανε
461 996 530 1069 σὴ
554 996 894 1077 παράκοιτις,
909 994 1022 1077 ἔχει
1046 995 1103 1055 δέ
1128 1019 1216 1071 μιν
1241 999 1292 1055 ἐν
1314 995 1461 1076 χθονὶ
1485 994 1706 1071 τύμῦος,

241 1118 260 1137 ι
285 1091 415 1161 αἰαῖ,
441 1084 739 1166 Βοσπορίης
761 1084 972 1165 ἐγγύθεν
994 1084 1190 1157 ἠϊόνος·

178 1206 196 1229 ι
221 1174 340 1235 ἀλλά
365 1198 452 1252 μοι
480 1174 658 1235 αὐτόθι
681 1180 836 1255 τεῦχε
861 1173 1099 1254 κενήριον
1130 1174 1306 1255 ἐγγύθι
1335 1186 1444 1236 σεῖο
1463 1220 1481 1254 ,

243 1294 260 1317 ι
286 1264 396 1345 ὄφρ’
423 1262 802 1341 ἀναμιμνήσκῃ
829 1266 923 1335 τῆς
946 1264 1074 1323 ποτὲ
1097 1264 1357 1344 κουριδίης
1381 1292 1427 1325 υ.

645 1417 773 1468 570.
811 1420 1206 1466 ΑΔΕΣΠΟΤΟΝ.

181 1543 447 1605 Δουλκίτιον
469 1544 563 1621 μὲν
597 1543 815 1613 ἄνακτες
841 1544 998 1622 ἄκρον
1029 1545 1223 1625 βιότοιο
1255 1545 1382 1623 πρὸς
1411 1542 1566 1615 &mov

243 1634 421 1711 ἤγαγον
445 1633 499 1703 ἐξ
525 1636 716 1713 ἀρετῆς
741 1634 831 1693 καὶ
861 1634 1006 1700 κλέος
1035 1634 1361 1693 ἀνθυπάτων·

182 1726 237 1787 ὡς
261 1722 308 1780 δὲ
333 1720 478 1801 φύσις
503 1746 594 1799 μιν
615 1720 797 1781 ἔλυσεν
821 1723 928 1781 ἀπὸ
949 1722 1161 1801 χθονὸς,
1193 1722 1440 1782 ἀθάνατοι
1469 1722 1563 1799 μὲν

247 1810 386 1869 αὐτὸν
415 1810 592 1890 ἔχουσι
617 1809 758 1881 θεοὶ,
783 1812 940 1888 σῶμα
962 1809 1017 1871 δὲ
1045 1811 1204 1881 σηκὸς
1233 1810 1339 1871 ὅδε.

339 1960 472 2011 571.
517 1950 908 2011 ΛΕΟΝΤΙΟΥ
948 1950 1516 2010 ΣΧΟΛΑΣΤΙΚΟΥ.

188 2089 370 2171 Ὀρφέος
395 2088 666 2168 οἰχομένου
681 2134 698 2163 ,
727 2087 872 2168 τάχα
899 2112 979 2155 τις
1000 2087 1118 2148 τότε
1146 2086 1354 2147 λείπετο
1385 2090 1574 2149 Μοῦσα
1589 2115 1602 2127 ·

249 2182 328 2235 σεῦ
353 2174 436 2256 δὲ,
457 2177 708 2251 Πλάτων,
731 2174 978 2256 φθιμένου
996 2221 1012 2249 ,
1039 2174 1281 2235 παύσατο
1307 2174 1397 2234 καὶ
1423 2177 1612 2253 κιθάρη
1636 2196 1650 2211 ·

188 2255 237 2334 ἦν
259 2264 348 2343 γὰρ
374 2264 447 2323 ἔτι
473 2264 739 2344 προτέρων
768 2263 970 2339 μελέων
998 2261 1148 2339 ὀλίγη
1170 2284 1248 2328 τις
1274 2262 1514 2345 ἀπορρὼξ

252 2356 297 2411 ἐν
322 2360 431 2419 σαῖς
457 2352 726 2430 σωζομένη
759 2352 850 2409 καὶ
873 2350 1025 2432 φρεσὶ
1051 2350 1144 2410 καῖ
1175 2350 1470 2428 παλάμαις.

369 2502 504 2554 572.
552 2494 886 2553 ΑΓΑΘΙΟΥ
924 2493 1492 2553 ΣΧΟΛΑΣΤΙΚΟΥ.

196 2636 290 2712 Οὐχ
309 2634 456 2701 ὁσίοις
483 2631 751 2715 λεχέεσσιν
775 2632 1016 2712 ἐτέρπετο
1041 2632 1248 2711 λάθριος
1275 2632 1408 2712 ἀνὴρ
1428 2679 1443 2708 ,

254 2722 442 2803 λέκτρον
471 2723 811 2781 ὑποκλέπτων
847 2722 1119 2800 ἀλλοτρίης
1151 2720 1372 2799 ἀλόχου·

199 2810 395 2883 ἐξαπίνης
417 2810 473 2869 δὲ
501 2809 675 2887 δόμων
705 2808 870 2890 ὀροφὴ
899 2807 1028 2867 πέσε
1045 2852 1061 2880 ,
1089 2806 1204 2875 τοὺς
1235 2808 1287 2867 δὲ
1315 2808 1633 2890 κακούργους

259 2900 473 2972 ἔσκεπεν,
501 2897 748 2968 ἀλλήλοις
776 2897 934 2958 εἰσέτι
965 2897 1330 2974 μισγομένους.

203 2987 316 3058 Ξυνὴ
339 2988 378 3046 δ’
399 2985 722 3068 ἀμφοτέρους
743 2985 956 3064 κατέχει
983 2985 1165 3062 παγίς·
1190 2989 1264 3044 εἰν
1294 2985 1371 3044 ἑνὶ
1403 2985 1446 3043 δ’
1477 2987 1634 3067 ἄμφω

260 3078 464 3150 κεῖνται,
487 3075 730 3154 συζυγίης
759 3074 931 3135 οὐκέτι
957 3074 1264 3150 παυόμενοι.

513 3228 652 3279 573.
700 3217 1084 3279 ΑΕΟΝΤΙΟΥ
1129 3219 1352 3278 xxm.

202 3357 429 3436 Χειρεδίου
453 3357 568 3416 τόδε
595 3361 745 3436 σ’ἧμα
762 3402 778 3430 ,
806 3357 1131 3438 τὸνέτρεφεν
1159 3356 1320 3424 Ἀτθὶς
1344 3355 1542 3436 ἄρουρα
1560 3403 1573 3426 ,

261 3447 411 3504 εἰκόνα
441 3445 678 3528 ρητήρων
701 3450 794 3518 τῆς
817 3446 1069 3526 προτέρης
1096 3446 1338 3524 δεκάδος,

205 3617 380 3681 Namque
397 3617 456 3665 ud
477 3615 746 3682 conjugium
765 3631 876 3664 eum
900 3615 1076 3664 ducere
1103 3631 1220 3663 eura
1242 3623 1491 3680 parentum

253 3700 320 3746 Me
341 3707 498 3764 parat,
524 3697 766 3762 ingredior
787 3695 924 3746 triste
949 3695 1234 3748 Acherontis
1261 3696 1370 3746 iter.

204 3779 328 3829 Sistite
341 3781 398 3830 Di
419 3780 643 3845 gemitus,
665 3795 847 3844 quaeso,
877 3777 1160 3843 matrisque,
1189 3779 1454 3844 patrisque,
1544 3818 1553 3826 .

254 3865 444 3924 Quorum
474 3863 722 3912 tabescunt
751 3869 944 3926 pectora
973 3869 1127 3909 morte
1149 3875 1270 3910 mea.

742 3971 857 4033 569.
896 3985 1126 4018 numan.

211 4079 295 4136 Die,
321 4080 502 4148 hospes,
528 4081 608 4130 (lic
630 4096 811 4146 quaeso,
847 4079 954 4128 viro
981 4077 1100 4128 mihi
1123 4093 1312 4145 semper
1333 4087 1492 4127 amato
1511 4113 1526 4138 ,

258 4167 295 4213 Si
312 4166 496 4231 patriam
521 4165 707 4227 sideas,
726 4163 950 4214 Thessala
977 4178 1111 4223 rura,
1133 4177 1287 4211 meam
1311 4177 1322 4210 ε

209 4251 292 4298 Heu
311 4251 468 4316 periit,
493 4251 638 4318 periit
654 4250 826 4315 conjux
851 4257 929 4298 tua
945 4281 960 4304 ,
989 4263 1194 4312 namque
1219 4245 1524 4312 sepulchrum

258 4334 478 4401 bosphorii
499 4335 675 4384 fluctus
695 4333 859 4383 littora
888 4341 1086 4398 propter
1109 4329 1276 4380 habet.

213 4417 280 4463 Fac
299 4417 368 4466 sed
388 4417 550 4483 etipse
575 4416 706 4466 domi
733 4414 944 4465 tumulus
967 4411 1089 4462 mihi
1111 4420 1272 4476 surgat
1307 4411 1458 4461 inanis
1476 4448 1490 4471 ‚

260 4501 428 4566 Semper
451 4509 504 4549 ut
526 4507 638 4548 ante
662 4497 824 4548 oculos
851 4496 913 4545 sit
935 4495 1024 4544 tibi
1045 4495 1227 4562 primus
1253 4509 1405 4542 amor.

710 4610 826 4670 570.
865 4604 1182 4672 [mmuh]

215 4707 430 4760 Dulcitium
451 4727 508 4760 ex
537 4709 716 4760 virtute
730 4724 814 4759 sua
840 4705 1134 4774 proconsulis
1151 4705 1209 4754 ad
1228 4705 1306 4769 jus

263 4795 312 4842 Et
329 4811 518 4844 summas
545 4811 710 4860 regum
728 4793 880 4858 gratia
906 4791 1033 4840 vexit
1050 4806 1165 4856 opes
1191 4804 1204 4838 :

216 4878 336 4938 Qum
361 4889 600 4946 postquam
619 4878 760 4928 terris
787 4887 960 4926 natura
979 4875 1265 4933 exsolverat,
1285 4873 1439 4938 ipsum

265 4961 314 5009 Di
333 4963 502 5028 superi,
529 4963 662 5012 sedes
685 4961 784 5011 hnc
803 4976 934 5010 sacra
959 4973 1132 5024 eorpus
1149 4954 1314 5005 habet.

1789 277 1911 325 Nam
1931 290 2009 327 me
2026 280 2251 341 parentes
2268 278 2467 341 quidem
2485 276 2751 342 nuptialem
2770 277 2833 328 ad
2851 279 3169 342 Hymenaeum

1851 367 1993 415 erant
2028 365 2254 425 ducturi3
2280 366 2437 417 odiosi
2463 380 2579 417 vero
2608 366 2895 417 Acherontis
2919 368 3131 419 domum
3160 368 3347 420 intravi.

1791 452 1884 503 Sed
1911 454 2005 515 dii,
2027 454 2229 505 obsecro
2244 492 2258 515 ,
2281 455 2453 507 matris
2476 458 2607 507 certe
2632 455 2891 520 gemitibus
2914 460 2965 507 et
2989 458 3143 521 patris

1853 546 2179 609 ponite-tinem
2192 585 2205 609 ,
2226 546 2579 597 tabescentium
2599 562 2745 598 causa
2770 549 2865 599 mei
2886 549 3163 599 exstinctae.

2365 692 2473 737 569.
2520 698 2816 740 Esusnssu.

1793 824 1878 873 Nae
1899 836 2087 886 precor,
2106 823 2281 885 viator,
2300 837 2413 873 caro
2428 824 2508 875 dic
2524 826 2715 889 conjugi
2730 863 2743 886 ,

1855 914 2055 977 quando
2082 928 2239 964 meam
2262 928 2435 965 cernes
2458 917 2665 979 patriam
2683 915 2983 967 Thessaliam
3010 936 3023 965 :

1797 1024 1820 1044 κ
1854 1002 1991 1053 Obiit
2016 1004 2103 1053 tua
2124 1004 2301 1067 conjux
2314 1041 2327 1065 ,
2342 1002 2491 1055 habet
2507 1007 2674 1055 autem
2694 1006 2823 1055 illam
2842 1006 2889 1056 in
2908 1008 3035 1057 terra
3050 1005 3291 1065 tumulus,

1860 1111 1882 1131 e«
1918 1090 2045 1151 heu,
2068 1090 2197 1153 heu,
2220 1092 2509 1155 Bosporium
2532 1105 2683 1157 prope
2708 1093 2849 1143 littus
2874 1114 2887 1143 ι

1798 1202 1820 1224 e«
1857 1182 1945 1232 sed
1968 1181 2089 1231 mihi
2116 1182 2198 1232 lite
2226 1182 2373 1233 facito
2399 1182 2541 1233 inane
2566 1183 2845 1246 sepulcrum
2865 1196 3017 1247 prope
3040 1186 3093 1233 te
3108 1223 3122 1244 ‚

1861 1290 1882 1313 π
1918 1273 1977 1321 nt
2000 1270 2279 1321 memineris
2302 1270 2466 1321 uxoris
2492 1284 2607 1335 quae
2627 1270 2744 1320 olim
2768 1274 2886 1322 erat
2914 1271 3005 1321 tibi
3023 1270 3269 1335 legitimae.
3300 1290 3323 1312 »

2303 1414 2411 1461 570.
2456 1396 2840 1464 memnon.

1796 1548 2071 1599 Dulcitium
2087 1548 2287 1612 quidem
2313 1549 2555 1613 principes
2580 1562 2827 1599 summam
2852 1548 2917 1598 ad
2941 1549 3059 1600 vitm
3082 1549 3359 1601 felicitatem

1865 1639 2190 1699 provexerunt
2215 1635 2412 1686 virtutis
2434 1634 2587 1700 gratia
2619 1638 2670 1686 et
2698 1634 2772 1686 ad
2800 1635 2952 1686 decus
2977 1638 3356 1699 proconsulunu

1797 1728 2055 1788 postquam
2078 1727 2245 1775 autem
2268 1726 2447 1775 natura
2476 1737 2593 1774 eum
2622 1723 2838 1788 sejunxit
2860 1736 2890 1773 a
2908 1727 3053 1785 terra,
3066 1724 3362 1776 immortales

1859 1814 2021 1876 ipsum
2046 1810 2229 1864 habent
2250 1811 2348 1873 dii,
2372 1824 2552 1876 corpus
2574 1824 2690 1862 vero
2714 1814 2910 1875 septum
2933 1812 3098 1863 hocce.
3136 1812 3361 1877 [quidem

2150 1962 2257 2009 571.
2292 1958 2547 2008 LEONTII
2582 1957 3005 2008 scfloms‘rlcl.
3046 1952 3055 1963 ’

1799 2098 1999 2161 Orpheo
2032 2099 2255 2156 mortuo,
2283 2097 2448 2146 forsan
2473 2096 2639 2159 aliqua
2661 2098 2773 2146 tum
2804 2095 3167 2159 relinquebatur
3190 2099 3357 2158 Musa3

1859 2192 1910 2237 te
1933 2190 2099 2237 autem
2122 2186 2383 2246 exstincto,
2412 2186 2567 2245 Plato,
2598 2184 2746 2235 desiit
2770 2187 2821 2235 et
2846 2184 3051 2236 cithara.

1798 2277 1904 2325 erat
1926 2275 2055 2325 enim
2078 2273 2241 2324 adhuc
2264 2273 2481 2337 priorum
2506 2272 2773 2322 carminum
2801 2286 2951 2337 parva
2974 2273 3198 2337 quoedam
3230 2274 3359 2334 scin·

1861 2366 2022 2415 intuo
2044 2365 2238 2414 servata
2258 2365 2311 2413 et
2332 2362 2519 2427 ingenio
2548 2364 2599 2412 et
2623 2361 2865 2413 manibus.
3235 2363 3361 2426 [tilla

2138 2501 2249 2548 572.
2283 2496 2577 2547 AGATHIAE
2610 2498 3029 2547 scnoeAsTlct.

1803 2642 1907 2690 Non
1926 2639 2063 2703 puris
2086 2639 2209 2689 toris
2224 2637 2558 2688 delectabatur
2580 2638 2806 2688 occultus
2835 2638 2926 2699 vir,

1863 2732 2047 2781 lectum
2073 2732 2242 2781 furans
2267 2728 2438 2779 alienoe
2458 2728 2701 2793 conjugis;

1802 2821 1892 2871 sed
1916 2821 2043 2871 illico
2064 2818 2241 2870 domus
2264 2821 2453 2869 tectum
2470 2818 2600 2879 ruit,
2622 2819 2674 2867 ct
2696 2816 2947 2867 maleficos

1863 2909 2009 2970 texit,
2036 2907 2356 2959 unum-alteri
2384 2906 2552 2958 adhuc
2571 2906 2763 2956 mixtos.

1802 2997 2089 3049 Communis
2102 3001 2269 3048 autem
2282 2999 2517 3060 utrosque
2532 2999 2669 3046 tenet
2687 2997 2907 3058 laqueus,
2929 2999 2979 3047 et
2995 2995 3203 3060 junctim
3222 2996 3368 3048 ambo

1858 3091 2047 3153 jacent,
2074 3089 2385 3152 complexum
2409 3087 2625 3137 nondum
2652 3087 2955 3138 desinentes.

2142 3233 2251 3280 573.
2284 3229 2537 3278 LEONTII
2567 3227 2989 3278 scHOLAsTlcl.

1803 3368 2019 3419 Chii-edii
2038 3369 2131 3420 boc
2160 3369 2467 3433 sepulcrum,
2492 3380 2641 3431 quem
2666 3367 2790 3419 aluit
2819 3367 2981 3418 Attica
3002 3367 3151 3418 tellus
3168 3406 3181 3428 ,

1865 3451 2123 3518 imaginem
2146 3458 2397 3506 oratorum
2422 3454 2597 3519 prioris
2616 3454 2843 3514 decadis,

2276 3619 2390 3677 57¹·
2432 3632 2623 3664 ιεοιιτιι
2652 3631 2905 3664 canonis.

1808 3736 2032 3803 Orpheus
2053 3752 2164 3786 eum
2192 3735 2362 3801 periit,
2386 3735 2531 3800 periit
2556 3742 2672 3800 puto
2701 3735 2837 3780 Musa
2857 3768 2872 3791 ,
2895 3732 2975 3780 sed
3008 3747 3100 3779 una
3134 3747 3145 3780 :

1873 3825 1939 3869 At
1970 3829 2125 3869 tecum
2148 3817 2293 3884 periit
2304 3818 2428 3881 jain,
2448 3816 2581 3864 Plato
2597 3849 2611 3870 ,
2638 3824 2737 3863 tota
2760 3812 2939 3878 chelys.

1809 3906 1929 3952 Nam
1953 3901 2178 3968 quiequid
2204 3899 2353 3950 veteri
2376 3899 2585 3948 restabat
2601 3897 2662 3946 ab
2684 3905 2789 3946 arte
2816 3895 3043 3955 enitendi,

1875 3985 2014 4034 Vixit
2040 3985 2088 4034 id
2107 3985 2158 4034 in
2180 3985 2279 4033 sola
2304 3991 2465 4032 mente
2492 3997 2731 4046 manuque
2756 3991 2856 4030 tua.

2260 4103 2375 4164 ⁵72·
2411 4117 2644 4150 Aca-rum
2676 4115 2931 4149 ons-roms.

1813 4223 2018 4274 Furtivis
2042 4221 2237 4272 moechoe
2259 4220 2591 4286 complexibus
2612 4235 2723 4268 usus
2740 4218 2929 4266 adulter

1877 4306 2064 4355 Gaudia
2091 4304 2343 4370 carpebat,
2363 4303 2524 4368 qualia
2544 4303 2654 4367 jura
2676 4308 2841 4349 vetant
2866 4320 2881 4350 z

1813 4394 1934 4442 Cum
1958 4388 2117 4439 subito
2143 4389 2310 4437 domus
2330 4387 2431 4453 ipsa
2454 4385 2582 4448 ruit,
2605 4383 2881 4452 pariterque
2893 4380 3106 4446 jacentes

1880 4472 2130 4540 Opprimit
2156 4472 2351 4521 illicitus
2372 4485 2493 4534 quos
2520 4467 2732 4518 sociabat
2752 4481 2906 4515 amor.

1815 4559 2015 4621 Stringit
2034 4555 2187 4606 adhuc
2209 4555 2318 4604 illos
2340 4553 2605 4604 communis
2624 4550 2776 4600 nodus
2790 4585 2805 4607 ,
2832 4549 2883 4598 in
2912 4563 3011 4596 uno

1881 4644 2001 4690 Sunt
2018 4639 2114 4688 duc
2130 4675 2145 4698 ‚
2165 4651 2365 4703 quaeque
2390 4635 2478 4685 fuit
2501 4632 2671 4700 copula
2689 4668 2704 4694 ‚
2724 4639 2880 4680 morte.
2900 4638 3079 4678 manet.

2234 4746 2348 4807 573.
2386 4759 2579 4791 uos-ru
2613 4753 2938 4789 seueras-nex.

1817 4857 2069 4910 Clniredius
2082 4857 2208 4922 jacet
2228 4853 2312 4904 hic
2327 4888 2343 4916 ,
2364 4868 2509 4919 quem
2532 4850 2704 4900 nutriit
2728 4847 2887 4898 Attica
2919 4845 3077 4896 tellus.

1885 4943 2082 4992 Illorum
2111 4948 2323 4988 veterum
2350 4936 2517 4986 rhetor
2542 4935 2694 4998 imago
2715 4932 2879 4981 decem
2900 4947 2916 4992 ·,
