3829 5747
1264 223 1338 283 IN
1382 225 1630 287 CAPUT
1668 226 1775 287 vn
1816 226 2274 289 ANNOTATIO.

186 353 297 402 dum
316 356 411 404 at.
435 355 765 404 Buttmannus
778 354 981 418 τριήρη
998 354 1193 404 σταλίδα
1220 354 1515 421 intelligebat
1524 356 1744 407 columel-

186 424 277 473 lam
306 424 550 489 triplicem
565 465 577 485 ‚
595 426 871 475 Gratiarum
884 426 1089 475 sortasse
1100 423 1368 489 symbolum
1376 465 1389 488 ,
1400 426 1561 489 qualia
1573 428 1747 479 δόκανα

188 494 379 543 suerunt
408 494 677 544 Dioscuros
712 495 1044 558 significantia.
1074 496 1301 547 Similiter
1334 497 1593 549 Bmckhius
1622 499 1658 550 1.
1679 514 1747 560 c.,

184 564 264 624 qui
291 564 422 612 inter
438 564 535 613 alia
564 584 577 613 ε
613 584 638 607 ιι
674 568 727 615 ln
750 565 863 614 Asia
888 565 1184 615 Athenarum
1216 566 1372 629 neptis
1389 570 1749 631 cyzicus,quae

184 634 242 683 ob
276 634 665 685 architecturam
695 638 747 686 et
770 650 969 699 operum
1011 638 1342 701 organicorum
1384 639 1605 702 peritiam
1636 655 1746 691 cum

184 705 349 753 Rhodo
374 720 451 769 ap.
483 706 708 756 strabon.
738 709 869 765 xlv,
890 720 937 770 p.
963 714 1053 759 695
1086 710 1407 771 componitur,
1427 724 1514 773 per
1539 710 1748 761 Milesios

182 774 553 825 Atheniensium
594 777 791 826 colonos
817 777 995 827 tradita
1024 778 1113 828 sibi
1141 778 1367 843 religione
1396 780 1627 830 Minervae
1645 820 1659 842 ‚
1688 782 1749 831 ab

182 844 269 893 hac
287 846 381 895 sibi
396 846 489 895 dea
512 846 747 896 donatam
771 847 889 896 artis
916 848 1195 897 facultatem
1221 848 1420 911 gloriata
1438 854 1529 900 est.
1548 871 1574 894 ιι
1588 854 1749 913 Atque

182 914 547 978 intelligendum
576 918 745 965 censet
781 934 805 957 ι
834 916 1001 979 primm
1037 917 1155 965 artis
1190 919 1469 981 sculptoriae
1494 934 1617 983 opus
1644 923 1693 970 et
1720 934 1749 969 a

184 985 373 1034 Pallade
390 986 499 1048 ipsa
518 986 703 1035 factum
722 984 1053 1047 donatumque
1072 987 1319 1049 Cyzicenis
1332 1027 1345 1047 ,
1363 1002 1517 1050 quum
1536 990 1747 1053 primum

182 1053 213 1103 ii
237 1056 474 1118 tempium
498 1055 857 1117 condidissent,
886 1058 1267 1119 trianyularem
1295 1062 1507 1123 cippum
1536 1060 1639 1109 sire
1661 1074 1747 1109 co·

186 1126 457 1177 tumeliam
470 1164 487 1188 ,
530 1127 704 1177 triadis
752 1127 1027 1179 Gratiarum
1073 1129 1345 1191 symbolum
1358 1169 1371 1191 ,
1411 1130 1541 1180 unde
1578 1134 1747 1194 postea

183 1196 395 1246 mortalis
436 1197 650 1259 alicuius
686 1198 877 1261 ingenio
914 1202 963 1249 et
1003 1199 1201 1250 invento
1229 1215 1309 1251 ars
1349 1205 1583 1265 prognata
1607 1202 1688 1252 sit.
1718 1222 1744 1246 ιι

186 1268 325 1319 Addit
354 1270 607 1318 Heclierus
635 1273 674 1329 l,
698 1283 749 1332 p.
776 1276 861 1319 130
886 1290 897 1318 :
924 1290 949 1313 ιι
981 1272 1179 1321 Rectius
1196 1286 1283 1334 pro
1304 1276 1441 1335 parte
1460 1274 1746 1323 walcherus

184 1342 303 1388 hius.
330 1340 486 1389 Rhen.
516 1344 713 1402 18⁴5,p.
737 1344 847 1400 273,
866 1352 992 1403 opus
1010 1339 1105 1389 hoc
1122 1355 1235 1390 vere
1255 1343 1577 1405 sculptorium
1597 1344 1747 1394 fuisse

184 1412 335 1472 putat,
347 1414 563 1459 statuam
578 1410 817 1473 triplicem
836 1413 887 1460 et
904 1424 1049 1459 unam
1071 1412 1347 1461 Gratiarum
1363 1452 1375 1472 ,
1398 1413 1497 1463 t'ere
1520 1416 1577 1463 ut
1601 1415 1747 1463 Heca-

188 1485 258 1530 tes
280 1482 555 1545 trigeminis
572 1480 591 1529 i
613 1510 622 1527 .
641 1480 810 1543 agines
825 1518 838 1540 ,
857 1483 1004 1539 στήλη
1020 1481 1082 1530 de
1098 1485 1260 1532 statua
1274 1486 1323 1533 et
1341 1483 1545 1547 imagine
1561 1484 1744 1534 dictum

190 1553 411 1616 exemptis
428 1552 631 1602 docens.
656 1555 797 1602 Nunc
828 1567 941 1601 cum
972 1554 1384 1613 Buttm.,Bo·ckln.
1408 1557 1460 1602 et
1492 1554 1747 1603 Weickero

198 1623 339 1671 tuisse
378 1628 503 1686 puto
542 1624 853 1673 columellam
896 1624 1207 1687 prismatam,
1240 1624 1289 1672 in
1335 1623 1479 1684 cujus
1514 1623 1747 1674 lateribus

193 1695 379 1757 singulis
436 1695 739 1757 singularum
797 1694 995 1744 dearum
1012 1732 1025 1754 ,
1072 1694 1275 1758 Aglaiae‚
1322 1693 1653 1757 Euphrosynen
1698 1697 1748 1743 et

190 1766 359 1813 Thaiiae
378 1765 577 1814 suerunt
598 1764 831 1827 imagines
843 1803 856 1825 ,
876 1764 923 1813 in
944 1766 1191 1813 Minerva?
1210 1765 1391 1827 templo
1408 1763 1696 1813 dedicatam.
1722 1784 1745 1807 ιι

194 1836 279 1890 Qui
318 1834 433 1883 olim
478 1834 691 1883 Jacohsii
736 1834 1133 1896 explicationem,
1172 1848 1320 1896 quam
1356 1834 1438 1883 liic
1477 1834 1745 1895 sequimur,

196 1905 431 1966 amplexus
454 1909 575 1954 erat.
597 1932 657 1941 —
675 1912 703 1953 2
732 1906 942 1960 στυὶίδος
970 1904 1088 1954 cod.
1116 1906 1295 1966 Τέχνην
1338 1904 1585 1953 Heckerus
1608 1904 1747 1953 inter-

194 1975 463 2038 pretabatur
485 1996 508 2017 ιι
533 1989 663 2038 opus
694 1978 812 2024 arte
839 1974 1159 2037 consectum,
1186 1978 1238 2025 et
1276 1974 1535 2037 ὑπόδειγμα
1561 1977 1746 2036 πρώτας

196 2048 347 2107 τέχνας
382 2046 461 2094 est
521 2047 925 2094 monumentum
960 2048 1151 2108 prima:
1199 2046 1368 2093 navis.
1414 2046 1487 2093 De
1533 2044 1745 2091 Minerva

198 2116 339 2165 schot.
372 2115 503 2165 Arati
547 2120 638 2165 342
672 2134 686 2163 ε
710 2118 873 2178 πρώτη
916 2122 1025 2172 ναῦς
1060 2118 1243 2180 ἐδείχθη
1279 2115 1387 2178 παρ’
1426 2116 1593 2173 αὐτῆς·
1632 2114 1741 2163 coll.

200 2186 343 2247 Apoll.
366 2186 455 2235 nh.
479 2188 519 2245 1,
557 2188 665 2235 724.
692 2188 861 2247 Neque
884 2186 1168 2236 haerendum
1200 2188 1247 2235 in
1274 2199 1333 2235 eo
1359 2185 1494 2248 quod
1526 2184 1747 2245 Cyziceni

198 2258 389 2319 primam
423 2269 593 2305 navem
622 2256 869 2305 triremem
900 2269 1007 2305 esse
1032 2254 1262 2314 dixerint,
1292 2268 1447 2317 quum
1476 2256 1527 2303 et
1561 2254 1610 2303 iu
1638 2253 1749 2302 uni-

202 2338 384 2375 tersum
426 2326 566 2374 navis
608 2326 866 2388 significari
892 2326 1071 2388 possit,
1100 2329 1185 2374 aut
1224 2326 1287 2374 ad
1332 2325 1474 2374 aliam
1506 2323 1747 2387 quandam

202 2409 360 2443 narem
378 2435 391 2453 ‚
410 2396 550 2457 cujus
576 2394 775 2443 evanuit
805 2394 1065 2455 memoria,
1099 2394 1297 2458 respici;
1328 2408 1437 2444 nam
1478 2398 1525 2444 et
1562 2392 1673 2443 alibi
1698 2393 1746 2442 in

203 2466 393 2513 naribus
432 2464 741 2513 exstruendis
782 2477 970 2527 magnae
1014 2466 1150 2515 tuere
1189 2466 1420 2514 Minervio
1457 2468 1636 2527 partes,
1670 2464 1747 2513 Sic

206 2536 362 2597 Rigin.
398 2535 511 2583 Fab.
556 2538 645 2583 277
696 2556 709 2582 ·.
752 2536 999 2584 Minerva
1038 2547 1229 2583 navem
1258 2535 1529 2597 be'prorctm
1561 2536 1747 2583 Danao

208 2603 485 2669 adificaeit,
502 2608 557 2654 in
572 2617 682 2668 qua
697 2605 981 2667 AEqyptum
999 2604 1223 2667 fratrem
1242 2604 1494 2668 prosuqa'l.
1510 2625 1532 2647 ιι
1556 2608 1744 2661 Postea,

211 2680 257 2724 ΙΙ
278 2676 483 2724 vidimus
494 2713 507 2735 ,
523 2673 687 2735 junxit
704 2674 916 2735 Χαρίτων
936 2675 1129 2723 σταλίὸα
1145 2712 1158 2731 ,
1175 2679 1226 2724 et
1244 2678 1423 2735 πρώτας
1445 2674 1654 2737 explicat
1666 2682 1745 2733 τῆς

208 2747 493 2810 ἀρχαιοτάτης
507 2782 523 2804 ,
546 2764 569 2787 ιι
604 2748 661 2795 ut
686 2758 817 2807 saepe
846 2744 1108 2793 Pausanias
1130 2744 1191 2794 de
1209 2744 1325 2793 artis
1340 2744 1568 2807 operibus
1584 2748 1747 2809 τέχνης

211 2818 383 2880 ἀρχαίας
399 2854 414 2875 ,
430 2814 637 2879 denique
661 2818 701 2876 l,
722 2829 771 2878 p.
789 2820 874 2865 351
899 2814 1064 2863 scribit
1086 2816 1209 2863 τοῦτ’
1230 2816 1549 2873 ἐπίδειγμα
1564 2818 1741 2879 τέχνας.

210 2889 297 2936 Nos
332 2887 528 2950 priorem
557 2886 925 2948 explicationem
962 2886 1217 2936 obliterare
1256 2887 1526 2946 noluimus,
1556 2887 1747 2938 lectoris

209 2957 371 3019 judicio
388 2971 486 3007 rem
513 2957 871 3021 permittentes,
896 2983 956 2992 —
975 2959 1187 3015 3ταύιην
1216 2959 1265 3006 et
1293 2956 1452 3015 Ἀθήνη
1477 2958 1659 3008 Codex.
1687 2986 1747 2996 —-

214 3033 237 3076 Ι.
260 3031 379 3078 τᾶνδε
410 3029 691 3077 πολιστάλαν
737 3027 927 3084 Οοιὶοκς
970 3027 1101 3076 τάνδε
1146 3028 1274 3077 πόλει
1314 3031 1489 3077 στάλαν
1535 3030 1749 3081 restituit

216 3098 465 3154 samesium
498 3099 583 3147 sed
612 3099 759 3146 καλᾶν
786 3097 849 3146 ab
876 3097 1091 3147 Heckero
1114 3099 1405 3148 sumendum
1424 3111 1531 3148 esse
1558 3100 1743 3162 putavi.

214 3173 361 3232 licque
396 3183 477 3233 per
518 3183 571 3218 se
610 3182 771 3232 neque
822 3183 934 3218 cum
976 3169 1292 3232 sequentibus
1323 3170 1467 3219 video
1504 3171 1749 3234 quomodo

216 3241 441 3290 conveniat
466 3241 627 3289 στάλα.
649 3242 699 3288 Μ
704 3238 848 3300 ythus
861 3237 946 3299 qui
963 3237 1144 3288 dicitur
1160 3238 1327 3288 localis
1342 3239 1597 3303 respicitur
1612 3241 1749 3291 nobis

216 3313 399 3372 ignotus.
418 3313 742 3360 Buttmannus
786 3308 918 3371 apud
952 3311 1057 3358 Jac.
1086 3309 1327 3372 cogitabat
1364 3329 1387 3351 κ
1424 3310 1486 3359 de
1511 3309 1749 3360 beneticio

217 3383 341 3430 simili
379 3383 483 3444 ejus
524 3393 627 3443 quo
676 3379 879 3429 Rhodus
916 3378 1057 3428 deam
1102 3379 1249 3429 modo
1298 3384 1461 3429 natam
1512 3382 1749 3431 sacrificio

216 3451 327 3499 iacto
350 3453 598 3511 affecerat,
642 3448 709 3498 ob
751 3463 897 3512 quam
936 3463 1039 3498 rem
1084 3449 1178 3499 illis
1220 3451 1337 3498 αὐτὰ
1380 3452 1545 3499 ὤπασε
1579 3453 1745 3515 τέχναν

216 3527 350 3568 πᾶσαν
371 3521 634 3580 ἐπιχθονίων
660 3520 979 3583 ἀριστοπόνοις
1002 3522 1133 3583 χερσὶ
1161 3525 1361 3582 κρατεῖν,
1380 3520 1518 3570 pind.
1542 3521 1619 3570 ol.
1640 3524 1746 3582 vll,

218 3593 285 3638 is.
300 3589 531 3652 Ejusmodi
556 3589 677 3652 quid
696 3590 958 3652 cyzicenos
976 3603 1089 3638 cum
1108 3587 1446 3639 Rhodensibus
1465 3591 1751 3641 {nunciantes

218 3658 273 3707 de
294 3673 339 3709 se
361 3673 551 3723 quoque
574 3659 891 3723 praedicasse,
915 3657 1057 3707 valde
1077 3659 1153 3707 est
1169 3659 1445 3708 verisimile.
1472 3681 1495 3702 ιι
1528 3660 1614 3710 His
1638 3661 1752 3710 scri·

220 3729 302 3791 ptis
316 3731 403 3778 ridi
426 3731 665 3794 egregiam
687 3729 1037 3778 correctionem
1057 3727 1261 3777 Beckeri
1279 3731 1319 3789 1,
1340 3744 1388 3793 p.
1421 3734 1523 3789 131,
1544 3733 1747 3793 οὕνεκεν,

219 3799 273 3848 de
306 3815 389 3863 qua
426 3801 652 3850 dubitare
694 3814 791 3849 non
836 3801 1003 3850 sinunt
1034 3798 1127 3849 loci
1165 3798 1227 3848 ab
1255 3813 1314 3848 eo
1350 3801 1616 3863 comparati
1656 3803 1747 3859 vl,

219 3883 285 3932 ep.
298 3877 365 3931 40,
384 3877 410 3920 3
433 3885 554 3934 σεεμ
572 3885 651 3934 ep.
669 3875 750 3930 42,
770 3877 798 3920 5
815 3883 939 3931 seq.·,
954 3867 1232 3931 ibidemque
1251 3884 1328 3933 ep.
1353 3875 1465 3921 346.
1484 3871 1563 3920 Sic
1583 3871 1747 3920 omnia

220 3940 353 4001 plana.
378 3942 628 3991 Referatur
648 3939 797 3990 etiam
836 3943 954 3989 Otto
984 3938 1304 3989 Schneiderus
1325 3953 1473 4003 quam
1500 3941 1751 4004 proposuit

218 4013 512 4072 conpeturam
543 4033 556 4060 :

324 4145 534 4206 ’.ἄθρησον
558 4142 771 4205 Χαρίτων
788 4143 881 4191 ὑπὸ
900 4143 1101 4192 παστάδι
1124 4143 1233 4208 τᾷδε
1251 4143 1457 4205 τριήρους

374 4231 473 4262 στυ
485 4212 607 4274 “tt-262
630 4213 658 4261 ὃ
677 4218 757 4268 τᾶς
777 4213 961 4274 πρώτας
979 4214 1104 4260 τοῦθ’
1120 4214 1381 4271 ὑπόδειγμα
1400 4215 1563 4274 τέχνας

323 4285 499 4344 (ταύταν
520 4285 611 4345 γὰρ
626 4285 819 4344 πρώταν
834 4281 939 4331 ποτ’
959 4282 1167 4344 ἐμήσατο
1194 4283 1384 4338 Παλλὰς
1403 4281 1583 4345 Ἀθάνα)

376 4359 479 4402 στᾶ
490 4372 521 4403 σ
536 4371 559 4402 ε
580 4371 615 4401 π
631 4353 721 4401 ὁλι
732 4370 753 4409 ς
768 4389 781 4412 ,
801 4354 975 4400 στάλαν
998 4352 1297 4401 ἀναδιδοῦσα
1317 4353 1465 4414 χάριν.

326 4425 525 4473 Tati-'sxa
542 4424 755 4488 χὺψίστα
771 4417 1015 4486 Τριτωνίδι
1038 4423 1147 4481 νηὸν
1172 4423 1319 4472 ἔτευξε
1332 4458 1345 4481 ,
1368 4424 1463 4471 etc.

220 4569 239 4588 ·
262 4552 403 4602 Versu
423 4561 451 4604 2
478 4554 507 4602 ὃ
609 4557 775 4612 τοῦτο,
794 4554 855 4601 ut
879 4565 957 4616 ap.
979 4553 1096 4602 Eur.
1114 4551 1346 4601 Androm.
1365 4557 1457 4602 650
1479 4573 1491 4601 =
1510 4551 1747 4614 (γυναῖκα)

218 4621 269 4674 ἦν
283 4627 387 4683 χεῆν
411 4623 459 4672 α’
475 4624 679 4672 ἐλαύνειν
721 4623 881 4680 τήνδ’
912 4623 1027 4681 ὑπὲρ
1050 4622 1216 4671 Νείλου
1244 4622 1367 4684 ῥοάς.
1398 4625 1470 4670 Ac
1496 4621 1748 4685 proprium

218 4691 345 4745 σιυὶίς
362 4691 575 4755 excipere
592 4693 787 4756 poterat
800 4692 1067 4755 generalior
1081 4705 1177 4741 vox
1198 4693 1363 4750 στήλη.
1388 4711 1411 4734 ιι
1428 4693 1748 4742 -5τοῡνειιεν

218 4759 365 4814 &tim
396 4761 514 4811 cod.
535 4787 601 4798 ——
624 4769 653 4812 6
688 4764 871 4817 κὺζιιιος
890 4762 917 4787 *
952 4763 1089 4822 ἀδιρα
1128 4761 1271 4820 Cod.,
1308 4775 1435 4812 corr.
1470 4762 1745 4813 Jacobsius.

218 4827 375 4880 Deinde
392 4831 437 4880 ἐν
455 4833 534 4880 ἀοι
552 4833 580 4859 *
682 4832 803 4881 cod.
828 4837 963 4895 (cum
994 4832 1217 4894 lacuna);
1252 4845 1377 4882 corr,
1400 4833 1745 4882 Buttmannus.

216 4903 303 4948 —7
326 4902 483 4964 δεῖγμα
506 4902 648 4959 Goth
679 4902 829 4964 δεῖγμ’
846 4903 881 4950 ἂ
897 4903 1171 4958 ΗθοΙιθΠιες
1193 4903 1360 4964 δεῖγμα
1382 4901 1472 4966 [δὲ]
1491 4901 1749 4952 Boeckhius

218 4969 261 5015 et
281 4969 373 5018 Jac..
400 4971 449 5020 in
477 4974 643 5022 noso-o
678 4973 932 5035 exemplo;
977 4973 1205 5035 δείγματα
1230 4974 1291 5021 0.
1313 4971 1613 5031 Schneider„
1634 4972 1745 5023 coll.

220 5037 321 5088 ltaeu
342 5043 418 5090 Or.
446 5043 553 5102 vu,
574 5045 637 5092 40
666 5063 677 5091 ι
702 5059 773 5104 μν
790 5049 969 5105 ημεῑα
988 5049 1067 5102 τῆς
1090 5043 1269 5093 ἐκείνου
1295 5044 1549 5106 φιλοτιμίας
1568 5045 1596 5092 ὁ
1629 5059 1692 5106 ‘tp
1708 5045 1751 5093 ί·

3271 234 3390 292 269

1835 374 1980 417 ’.τους
2020 360 2216 423 ἔστηκε,
2267 360 2352 409 ubi
2397 360 2703 411 Selia-mann.
2727 390 2788 401 -
2814 367 2844 413 8
2874 362 2998 425 δελφὶ
3025 362 3067 411 ἃ·
3092 360 3211 425 ἄγαν
3245 363 3391 421 cod„

1835 441 1960 479 corr.
1987 429 2181 481 Jacobs.
2211 430 2396 481 Deinde
2425 430 2547 481 Cod.
2565 430 2690 481 τάνδ’
2707 434 2938 481 ἐνεποῦσα
2977 432 3274 495 (Schneider.
3305 434 3394 483 ἐντ’-

1836 499 2012 563 πουσα)
2027 536 2043 562 ,
2061 500 2194 563 quod
2223 499 2386 563 ipsum
2414 514 2612 564 quoque
2636 503 2818 565 optime
2841 503 3048 553 correxit
3065 502 3329 553 Heckerus.

1896 640 2184 691 cccxnm.
2207 644 2434 691 Lemma:
2453 642 2641 702 ἄδηλον,
2659 642 2928 703 Ἡροδότου.
2951 644 3209 706 Sumptum
3223 656 3285 691 ex
3303 644 3398 693 He-

1811 709 2008 759 'rodoto
2036 714 2100 771 V,
2133 715 2211 762 77.
2235 732 2258 754 «
2289 712 2522 763 Simonidi
2547 712 2761 761 vindicat
2784 710 3186 762 Schneidewinus
3207 714 3391 765 Simon.

1836 796 1882 845 p.
1921 786 2004 831 176
2036 786 2084 831 et
2113 784 2311 833 Delectu
2345 797 2393 846 p.
2419 788 2529 845 41⁵,
2557 797 2618 832 ex
2646 781 2854 831 Aristide
2881 786 2918 832 t.
2943 785 3009 843 11,
3044 797 3093 845 p.
3121 788 3225 833 512.
3251 784 3396 845 (Vide

1836 856 1885 903 et
1919 853 2178 915 Bcrgkium
2217 854 2373 915 Lyric.
2403 867 2452 918 p.
2483 854 2614 915 912.)
2649 851 2970 903 Athenienses
3007 867 3162 916 quum
3193 854 3242 903 in
3269 854 3397 904 bello

1836 928 2004 973 contra
2040 922 2382 974 Chalcidenses
2426 926 2656 989 suscepto
2698 924 2895 987 (olymp.
2925 928 3002 985 68,
3045 926 3092 985 2)
3130 923 3396 976 ditissimos

1836 993 2010 1043 horum
2052 994 2319 1057 cepissent,
2357 1008 2444 1044 eos
2485 1009 2585 1044 una
2623 1009 2737 1044 cum
2776 995 3072 1044 Boeotiorum
3113 996 3317 1057 captivis
3345 997 3396 1046 in

1835 1077 2078 1114 carcerem
2115 1066 2440 1127 conjecerunt.
2469 1069 2608 1124 Quos
2631 1079 2789 1127 quum
2823 1065 2970 1129 paulo
2997 1066 3108 1128 post
3145 1065 3268 1115 binis
3295 1066 3396 1115 sin-

1834 1135 1974 1197 gulos
2002 1134 2146 1185 minis
2189 1136 2475 1195 solvissent,
2495 1149 2666 1185 eorum
2691 1135 2882 1186 vincula
2909 1136 2956 1185 in
2987 1150 3097 1185 arce
3121 1136 3390 1199 suspende-

1834 1207 1978 1265 runt,
2005 1204 2208 1255 declinis
2233 1213 2327 1255 τῶν
2344 1209 2520 1270 λύτρων
2539 1206 2768 1255 Minervae
2795 1206 3104 1256 consecratis.
3127 1206 3397 1269 Quadrigas

1834 1277 1929 1325 ἀπὸ
1959 1279 2174 1326 Βοιωτῶν
2192 1279 2386 1335 δεκάτης
2413 1281 2493 1326 καὶ
2512 1279 2779 1327 Χαλκιδέων
2801 1284 2894 1327 τῶν
2919 1281 2965 1325 ἐν
2984 1278 3160 1341 Εὖόοίᾳ
3184 1292 3398 1329 commc-

1834 1350 1994 1398 morat
2023 1352 2231 1398 Pausan.
2254 1351 2295 1408 l,
2317 1355 2393 1399 28.
2421 1368 2445 1392 ιι
2472 1350 2585 1398 Jac.
2608 1376 2670 1385 —
2689 1356 2716 1399 2
2749 1350 2804 1399 ἐκ
2835 1351 3038 1409 πολέμου
3065 1348 3209 1407 Cod.,
3231 1362 3395 1398 corre-

1834 1420 1968 1466 ctum
1989 1431 2048 1466 ex
2071 1418 2339 1479 Herodoto,
2361 1431 2441 1481 ap.
2462 1430 2610 1479 quem
2636 1417 2758 1467 iiber
2785 1432 2914 1466 unus
2936 1419 2984 1465 ἐν
3007 1420 3222 1481 ιτώἑμῳ,
3243 1421 3298 1467 ut
3317 1432 3393 1483 ap.

1836 1487 2031 1536 Diodor.
2047 1489 2159 1535 Exc.
2177 1490 2288 1537 Vat.
2307 1501 2358 1550 p.
2378 1490 2436 1537 37
2456 1486 2610 1536 edidit
2625 1488 2800 1537 Maius
2813 1492 2915 1537 —3
2932 1487 3190 1550 ἁχνυνθέντι
3210 1487 3396 1547 Codex,

1835 1557 1952 1606 item
1977 1556 2209 1606 Herodoti
2234 1557 2482 1607 Medic-eus
2499 1559 2549 1606 et
2567 1558 2700 1615 Asine,
2718 1560 2956 1620 ἀχνυθέντι
2977 1556 3083 1606 cod.
3106 1556 3393 1607 Scheliersh.

1835 1629 1885 1674 et
1908 1626 2056 1675 l‘aris.
2075 1626 2110 1675 Β
2129 1625 2386 1687 Herodoti,
2403 1642 2476 1690 ap.
2494 1642 2640 1689 quem
2657 1630 2707 1677 et
2727 1627 2922 1677 Diodor.
2946 1628 3120 1693 legitur
3139 1630 3398 1691 ἀχλυόεντι,

1839 1718 1861 1739 π
1896 1699 1981 1759 qui
2006 1701 2170 1761 δεσμὸς
2198 1701 2407 1761 ἀχλυόεις
2433 1700 2641 1764 σιδτρεος
2668 1705 2858 1751 tantum
2887 1705 3105 1751 vion-tem
3130 1702 3400 1765 significare

1834 1782 1979 1831 posse
2015 1769 2224 1819 videtur.
2259 1772 2449 1831 Quare,
2476 1774 2666 1821 mutato
2691 1775 2732 1822 Θ
2770 1771 2819 1820 in
2853 1774 2912 1829 0,
2953 1772 3247 1822 Simonidem
3287 1772 3400 1823 scri-

1836 1839 1990 1903 psisse
2024 1840 2226 1903 conjicio
2254 1842 2330 1904 ἀχ
2342 1843 2592 1891 νυόεντι.
2614 1843 2680 1891 Ut
2715 1840 2778 1891 ab
2812 1843 2952 1905 ἀχλύς
2976 1843 3214 1903 ἀχλυόεις,
3237 1844 3309 1893 sic
3337 1843 3400 1892 ab

1834 1911 1974 1974 ἀχνὺς
2005 1912 2229 1974 ἀχνυὸεις.
2252 1914 2410 1975 Etym.
2437 1915 2503 1962 M.
2523 1926 2573 1976 p.
2610 1919 2713 1973 165,
2739 1918 2757 1962 1
2787 1915 2982 1975 ιάχνύς.
3004 1917 3034 1972 ἡ
3064 1916 3199 1972 λύπη·
3225 1915 3399 1977 γίνεται

1835 1982 2115 2045 παρώνυμον
2133 1982 2247 2045 ἀχὺς
2263 1984 2342 2031 καὶ
2363 1984 2644 2045 πλεονασμῷ
2662 1988 2746 2031 τοῦ
2762 2001 2787 2030 ν
2807 1984 2963 2047 ἀχνύς,
2980 1982 3079 2031 οἷον

1959 2100 2052 2156 Τῆς
2070 2098 2112 2146 δ’
2130 2098 2461 2161 ὀλοφυρομένης
2481 2096 2594 2161 ἀμφ’
2611 2097 2745 2161 ἀχνῦἰ
2764 2099 2934 2147 εἴδεται
2952 2100 3085 2148 αἰών.

1837 2212 1930 2261 Cui
1961 2211 2126 2261 versui
2157 2212 2324 2261 confer
2342 2214 2486 2262 Hom.
2513 2211 2604 2261 od.
2633 2214 2699 2273 E,
2727 2218 2811 2263 152
2837 2234 2849 2261 :
2874 2215 3113 2263 κατείδετο
3148 2214 3196 2262 δὲ
3231 2214 3400 2275 γλυκὺς

1837 2283 1972 2330 αἰών.
2001 2302 2025 2323 ιι
2045 2282 2260 2333 Becker.
2283 2282 2426 2339 Quod
2451 2283 2740 2345 recepimus.
2770 2282 2954 2333 Deinde
2978 2284 3097 2333 cod.
3115 2284 3322 2333 ἔσὸεσεν.
3339 2309 3401 2320 -

1835 2356 1859 2401 4
1884 2351 1951 2399 ὧν
1972 2350 2165 2401 Diodor.
2191 2374 2214 2393 «ι
2239 2356 2312 2400 An
2329 2358 2423 2400 τῶν
2441 2353 2481 2400 δ’
2499 2354 2704 2408 lunone?
2727 2372 2751 2395 ιι
2767 2354 2830 2401 Β.
2850 2356 2908 2403 ln
2927 2352 3024 2402 tine
3047 2352 3398 2403 Schneidewin.

1834 2423 1965 2471 τάσδ’
1981 2424 2153 2482 ἀνεοεν,
2181 2436 2242 2473 ex
2271 2424 2510 2473 Saticroi't.
2534 2424 2766 2474 Herodoti
2787 2424 2874 2486 qui
2905 2425 3140 2474 ἀνέθεσαν.
3161 2426 3300 2475 Cous.
3319 2437 3398 2488 ep.

1836 2499 1945 2553 215,
1965 2501 2011 2551 2,
2031 2492 2198 2555 ibique
2223 2496 2324 2546 not.
2375 2510 2390 2537 ι
2451 2519 2459 2530 -

1895 2628 2666 2693 ccch1V.Lemma:za1u;›ev
2697 2633 2923 2687 θεσιτὶαις
2947 2633 3233 2696 (εἰωβωμῷ.
3260 2652 3284 2676 α
3312 2636 3402 2682 Oc·

1836 2700 2076 2749 casionem
2093 2699 2212 2750 huic
2233 2701 2564 2764 epigrammati
2584 2702 2720 2752 dedit
2751 2703 2910 2765 tripus
2935 2718 2964 2752 a
2991 2703 3369 2766 'thespiensibus
3383 2742 3398 2765 ,

1834 2771 1920 2833 qui
1949 2784 2060 2820 cum
2090 2772 2363 2822 Alexandro
2401 2772 2662 2822 Macedone
2693 2772 2874 2822 bellum
2899 2774 2948 2822 in
2979 2774 3092 2823 Asia
3117 2779 3398 2837 gesserunt,

1835 2840 2044 2892 dicatus.
2076 2862 2099 2886 ιι
2133 2846 2248 2893 Jac.
2286 2868 2348 2879 —
2386 2848 2401 2892 1
2451 2846 2636 2893 οέσπιαι
2675 2842 2818 2902 Cod„
2862 2847 3031 2894 contra
3069 2845 3301 2908 regulam.
3337 2872 3402 2884 --

1835 2916 1864 2960 3
1892 2913 2158 2975 ἀλέξανδρον
2185 2912 2328 2971 cod.,
2369 2927 2494 2962 corr.
2533 2913 2830 2964 Huschkius.
2850 2919 2960 2964 -4
3000 2915 3237 2978 ίριὸρεμὲα
3276 2915 3398 2966 (Ὂᾶ.

1839 3000 1862 3023 «ι
1893 2981 2038 3039 Quod
2065 2983 2184 3032 satis
2219 2983 2466 3034 videretur
2491 2987 2658 3047 aptum
2676 3023 2689 3045 ,
2721 2985 2760 3034 si
2798 2999 2958 3034 sermo
2979 2989 3110 3035 esset
3144 2986 3206 3035 de
3244 2985 3403 3036 lebete

1836 3055 2120 3116 ἐμπυριὸἠτῃ
2133 3092 2146 3114 ,
2169 3054 2346 3116 tripodi
2372 3068 2490 3104 vero
2506 3053 2599 3104 diis
2616 3054 2841 3104 dedicato
2862 3069 2958 3104 non
2982 3056 3222 3105 convenit.
3245 3059 3404 3120 Auget

1838 3125 2162 3188 suspicionem
2187 3125 2373 3188 syllaba
2397 3125 2560 3176 brevis
2586 3127 2634 3176 in
2661 3127 2952 3190 pentametri
2979 3139 3165 3176 caesura
3195 3127 3276 3190 [de
3299 3141 3402 3190 quo

1837 3196 1986 3260 errat]
2020 3199 2070 3246 et
2100 3195 2180 3246 dei
2220 3210 2393 3246 nomen
2410 3236 2423 3257 ,
2449 3197 2528 3246 cui
2557 3197 2714 3260 tripus
2740 3196 2994 3247 dediffltus
3017 3200 3118 3258 est,
3145 3197 3400 3248 omissum.

1836 3267 2007 3316 Scribo
2033 3269 2357 3332 Ἐριὸρεμὲτῃ,
2378 3270 2499 3318 ,1ουί
2529 3269 2769 3318 Tonanti.
2795 3289 2818 3311 ιι
2841 3267 3058 3318 Hecker.

1898 3373 2132 3434 Sequitur
2156 3371 2208 3422 in
2233 3371 2412 3422 Codice
2455 3373 2751 3437 epigramma
2791 3375 3070 3435 Crinaqorae
3104 3374 3208 3438 jam
3254 3387 3404 3439 supra

1837 3443 2107 3494 exhibitum
2135 3457 2183 3493 n.
2212 3450 2316 3494 161.

1899 3574 2166 3623 cccxix.
2205 3593 2228 3617 α
2257 3575 2398 3624 Rosae
2413 3612 2427 3634 ,
2447 3573 2608 3624 media
2632 3573 2793 3623 hieme
2818 3575 3073 3634 florentes,
3092 3573 3154 3623 ad
3167 3574 3402 3638 puellam,

1836 3642 2024 3691 natales
2041 3642 2364 3692 celebrantem
2383 3647 2436 3692 et
2460 3644 2678 3705 proximo
2697 3647 2913 3706 tempore
2929 3647 3193 3706 nupturam
3209 3678 3224 3704 ,
3240 3643 3404 3693 missae

1838 3711 2124 3774 loquuntur.
2151 3739 2214 3748 -—
2253 3719 2272 3762 1
2308 3716 2533 3774 ἠνθοῦμεν
2573 3714 2846 3762 Brunckius
2864 3752 2878 3775 ,
2907 3727 3021 3776 quan
3061 3715 3255 3777 elegans
3301 3729 3405 3764 cor-

1836 3781 2016 3841 rectio,
2037 3795 2133 3830 nou
2166 3786 2330 3831 tamen
2365 3783 2653 3832 necessaria.
2696 3803 2718 3824 ιι
2756 3786 2873 3833 Jac.
2890 3809 2954 3820 -—
2973 3789 3002 3834 3
3027 3787 3232 3844 γενέθληῑ
3261 3785 3402 3846 Cod.,

1836 3865 1963 3900 corr.
1984 3851 2224 3902 Reiskius.
2246 3879 2308 3888 --
2324 3857 2353 3902 4
2377 3853 2616 3911 ἀσσοτατη
2634 3852 2756 3903 cod.
2775 3878 2840 3890 -
2853 3861 2882 3904 5
2905 3855 3129 3914 καλλίστη
3157 3857 3404 3916 στεφθῆναι

1841 3917 2039 3976 Codcxz
2059 3923 2312 3980 καλλίστης
2333 3925 2580 3981 ατε-τιθῆναι
2598 3924 2850 3984 ΒοίεΙιίυες
2875 3929 3128 3988 καλλίστης
3147 3935 3401 3988 σκεφθῆναι

1836 3990 2100 4040 Heckerus.
2139 3994 2242 4040 Jac.
2281 3995 2332 4041 et
2375 3991 2528 4041 Roiss.
2559 3995 2780 4044 liruiickii
2805 3997 3194 4049 emendationem
3233 4003 3395 4051 καλλί-

1834 4076 1946 4117 στης
1969 4061 2162 4124 ὀφθῆναι
2195 4067 2499 4124 recola-‚runt

1898 4201 2186 4250 cccxlNl.
2237 4218 2261 4242 κ
2307 4199 2454 4250 'sellis
2471 4237 2484 4260 ‚
2531 4197 2840 4250 Atheniensis
2885 4213 2944 4250 ex
2987 4198 3402 4261 Euonymensium

1836 4269 1968 4320 tribu
1986 4306 2001 4331 ,
2021 4269 2264 4319 Mercurio
2281 4269 2409 4319 dona
2430 4268 2678 4330 dedicans,
2693 4282 2898 4319 suavem
2922 4267 3078 4319 sibiet
3095 4268 3406 4332 tranquillam

1835 4340 1990 4390 vitam
2028 4343 2271 4404 precatur.
2310 4340 2618 4404 Epigramma
2661 4338 3073 4401 simplicissimum
3106 4338 3228 4402 ipsis
3265 4337 3406 4388 donis

1804 4435 1811 4442 ·
1836 4409 2013 4460 oblatis
2046 4410 2350 4473 adscriptum
2378 4409 2530 4460 tuisse
2570 4412 2718 4473 puta,
2743 4423 2898 4473 quare
2935 4411 3270 4459 monstrantur
3293 4411 3404 4458 tan·

1835 4481 1946 4530 tum
1964 4517 1977 4534 .
1993 4482 2136 4528 τῶνδε
2149 4516 2165 4540 ,
2183 4493 2280 4529 non
2295 4484 2662 4530 enumerantur.
2685 4500 2710 4524 ιι
2729 4483 2846 4529 lac.
2861 4505 2928 4517 —
2947 4485 2966 4530 1
2991 4481 3018 4506 *
3037 4480 3216 4530 τελαίαι
3241 4479 3408 4529 codex

1838 4551 1976 4613 (ΤΕΛ
1985 4553 2134 4608 MAI)
2148 4586 2160 4609 ‚
2182 4550 2392 4600 correxit
2408 4550 2642 4613 Bergkius
2655 4552 2766 4610 Lyr.
2788 4563 2838 4613 p.
2861 4553 2970 4606 7983
2985 4548 3223 4598 edebatur
3239 4550 3409 4612 Τελλίᾳ

1838 4635 1899 4670 ex
1918 4619 2257 4670 emendatione
2278 4619 2455 4670 Reiskii
2469 4658 2482 4680 ,
2503 4620 2591 4683 qui
2611 4621 2877 4684 ἱμερόεντα,
2897 4618 3022 4669 cod.
3045 4622 3180 4682 ἡμερ.
3209 4638 3235 4662 σι
3261 4620 3410 4670 Μαιά-

1838 4695 1914 4748 δος
1939 4693 2027 4743 υἱέ.
2061 4693 2202 4741 Cont'.
2240 4705 2318 4755 ep.
2346 4695 2454 4742 334.
2480 4710 2504 4734 ιι
2533 4693 2594 4740 B.
2617 4721 2680 4733 ·-
2698 4697 2746 4741 3.
2773 4691 3022 4740 Heckerus
3044 4693 3093 4750 1,
3114 4703 3160 4753 p.
3191 4693 3297 4749 132,
3321 4688 3408 4752 qui

1841 4781 1864 4804 ιι
1889 4761 2140 4812 εὐθυδίκων
2157 4761 2374 4810 omnium
2400 4759 2656 4810 tribulium
2695 4763 2784 4810 aut
2819 4773 3116 4824 paganorum
3155 4757 3406 4823 epitheton

1836 4847 1934 4882 non
1952 4845 2062 4882 esse
2091 4832 2346 4882 ferendum
2364 4852 2388 4874 ιι
2408 4831 2706 4894 opinaretur,
2732 4829 2976 4880 scribebat
2992 4831 3072 4887 δὸς
3100 4831 3151 4880 δέ
3171 4833 3217 4879 ol
3239 4831 3304 4879 εὐ
3317 4832 3409 4877 θυ-

1838 4905 1864 4952 δ
1877 4903 1891 4951 ί
1903 4920 1986 4965 sq>
2017 4903 2308 4965 Εὗωνυμὲων
2326 4905 2421 4951 etc.
2443 4929 2504 4936 -—
2522 4905 2550 4950 4
2570 4900 2742 4961 ἀγαθῆς
2761 4899 2991 4949 Barnesiu
2999 4912 3039 4949 s.

1900 5045 2204 5093 CCme'll.
2243 5041 2496 5093 Philet-atis
2534 5040 2702 5090 Dianoe
2746 5039 3062 5090 simulacrum
3102 5035 3310 5088 dedicat.
3338 5059 3394 5074 -
