3829 5747
439 216 520 277 98
1549 211 2057 275 ANTHOLOGIAE
2102 211 2505 275 PALATINAE

637 355 773 408 2ι8.
824 347 1161 406 ΑΓΑΘΙΟΥ
1198 345 1760 406 ΣΧΟΛΑΣἸΊΚΟΥ.

427 485 536 546 Τὸν
567 486 786 565 σοὸαρὸν
813 484 1104 563 Πολέμωνα
1122 530 1140 560 ,
1164 485 1250 544 τὸν
1285 487 1340 543 ἐν
1365 485 1623 565 Θυμέλῃσι
1649 486 1955 565 Μενάνδρου

506 576 752 655 κείραντα
779 574 1057 654 γλυκεροὺς
1087 578 1181 647 τῆς
1217 575 1412 653 ἀλόχου
1441 574 1773 650 πλοκάμους,

427 666 702 742 ὁπλότερος
735 660 990 739 Πολέμων
1016 662 1320 738 μιμήσατο,
1351 661 1440 720 καὶ
1465 660 1531 720 τὰ
1560 660 1850 734 Ῥοδοίνθης

509 750 774 830 βόστρυχα
797 752 1110 827 παντόλμοις
1135 749 1316 830 χερσὶν
1347 744 1621 827 ἰληΐσατο,

352 851 380 893 ⁸
427 838 520 897 καὶ
548 841 815 917 τραγικοῖς
843 836 1060 916 ἀχέεσσι
1081 837 1142 897 τὸ
1165 837 1398 913 κωμικὸν
1425 836 1572 917 ἔργον
1602 836 1857 919 ἀμείψας,

509 926 752 1001 μάστιξεν
785 928 996 1007 ῥαδινῆς
1025 927 1161 1005 ἅψεα
1191 925 1496 1004 θηλυτέρης.

427 1014 730 1091 Ζηλομανὲς
748 1014 810 1074 τὸ
838 1014 1102 1091 κόλασμα·
1132 1012 1185 1074 τί
1211 1013 1314 1095 γὰρ
1338 1014 1493 1074 τόσον
1519 1014 1668 1086 ἤλιτε
1698 1012 1882 1099 κούρη,

504 1102 556 1161 εἴ
579 1125 646 1179 με
671 1103 1041 1181 κατοικτείρειν
1067 1102 1222 1174 ἤθελε
1250 1104 1578 1182 τειρόμενον;

428 1191 704 1271 Σχέτλιοςῐ
729 1190 1049 1272 ἀμφοτέρους
1071 1191 1125 1249 δὲ
1161 1188 1438 1267 διέτμαγε,
1466 1189 1623 1268 μέχρι
1653 1189 1742 1247 καὶ
1772 1182 1953 1249 αὐτοῦ’Δ

348 1285 400 1326 ¹⁰
505 1276 806 1356 βλέμματος
833 1279 1085 1350 ἐνστήσας
1115 1278 1309 1336 αἴθοπα
1337 1279 1652 1356 βασκανίην.

423 1364 561 1425 Ἀλλ’
585 1366 757 1443 ἔμπης
791 1365 986 1425 τελέθει
1021 1365 1377 1441 Μισούμενος·
1403 1364 1568 1443 αὐτὰρ
1619 1363 1780 1443 ἔγωγε

500 1451 787 1525 Δύσκολος,
809 1454 910 1532 οὐχ
931 1452 1092 1532 ὁρόων
1121 1451 1218 1523 τὴν
1247 1454 1713 1531 Περικειρομὲνην.
1741 1508 1744 1513 ,

648 1602 783 1653 219.
827 1593 1142 1654 namot·
1179 1591 1745 1652 ΣΙΛΕΝΤΙΑΡΙΟΥ.

420 1732 730 1814 Κλέψωμεν,
760 1731 1018 1807 Ῥοδόπη,
1051 1733 1118 1792 τὰ
1151 1732 1462 1813 φιλήματα,
1495 1731 1590 1801 τήν
1617 1732 1665 1791 τ’
1693 1732 1968 1813 ἐρατεινὴν

498 1821 588 1881 καὶ
615 1821 947 1901 περιδήριτον
981 1822 1244 1901 Κύπριδος
1272 1820 1546 1900 ἐργασίην.

418 1907 551 1969 Ἡδὺ
573 1910 780 1983 λαθεῖν,
806 1909 1053 1990 φυλάκων
1078 1933 1134 1968 τε
1161 1908 1436 1987 παναγρέα
1464 1908 1654 1966 κανθὸν
1679 1906 1894 1976 ἀλύξαι·

495 1995 666 2077 φώρια
694 1998 742 2055 δ’
771 1995 1052 2077 ἀμφαδίων
1073 1996 1271 2075 λέκτρα
1300 1994 1665 2075 μελιχρότερα.

654 2146 787 2199 220.
815 2138 1155 2198 ΑΓΑΘΙΟΥ
1194 2138 1740 2199 ΣΧΟΛᾸΣΤΙΚΟΥ.

411 2280 482 2339 Εἰ
499 2278 588 2336 καὶ
609 2284 697 2337 νῦν
718 2278 875 2347 πολιή
905 2300 963 2335 σε
983 2276 1302 2349 κατεύνασε,
1327 2278 1418 2336 καὶ
1439 2278 1501 2336 τὸ
1530 2276 1786 2357 θαλυκρὸν

489 2370 630 2425 κεῖνο
655 2366 1033 2445 κατημὸλύνθη
1061 2366 1274 2445 κέντρον
1297 2365 1618 2447 ἐρωμανίης,

408 2453 636 2537 ὤφελες,
662 2445 706 2514 ὦ
740 2455 1066 2528 Κλεόὸουλε,
1100 2454 1287 2520 πόθους
1306 2454 1543 2526 νεότητος
1561 2454 1826 2532 ἐπιγνοὺς,

488 2548 579 2601 νῦν
604 2544 691 2603 καὶ
721 2542 1065 2619 ἐποικτείρειν
1098 2542 1396 2620 ὁπλοτέρων
1417 2540 1599 2607 ὀδύνας
1615 2585 1634 2615 ,

407 2634 532 2709 μηδ’
563 2631 648 2691 ἐπὶ
679 2634 784 2699 τοῖς
811 2632 971 2702 ξυνοῖς
994 2630 1189 2689 κοτέειν
1220 2629 1390 2707 μέγα,
1424 2628 1556 2704 μηδὲ
1578 2630 1790 2703 κομάων

485 2720 580 2793 τὴν
609 2719 820 2802 ραδινὴν
853 2720 1042 2799 κούρην
1074 2718 1302 2795 πάμπαν
1333 2716 1682 2795 ἀπαγλαΐσαι.

408 2809 544 2872 Ἀντὶ
562 2810 756 2890 πατρὸς
783 2813 847 2890 τῇ
875 2808 1024 2867 παιδὶ
1048 2808 1214 2888 πάρος
1232 2806 1500 2885 μεμέλησο
1522 2806 1746 2884 ταλαίνῃ
1764 2850 1779 2877 ,

484 2899 575 2959 καὶ
591 2904 680 2956 νῦν
709 2897 950 2970 ἐξαπίνης
977 2897 1261 2962 ἀντίπαλος
1296 2895 1529 2974 γέγονας.

624 3047 757 3099 221.
797 3029 1114 3097 ΠΑΥΛΟΥ
1156 3037 1737 3095 ΣΙΛΕΝΤΙΑΡΙΟΥ.

407 3179 586 3261 Μέχρι
615 3177 755 3245 τίνος
786 3176 1110 3259 φλογόεσσαν
1141 3173 1556 3241 ὑποκλέπτοντες
1584 3175 1804 3245 ὀπωπὴν

489 3267 680 3350 φώριον
707 3265 950 3336 ἀλλήλων
985 3263 1203 3342 βλέμμα
1222 3263 1608 3338 τιτυσκόμεθας

406 3347 614 3418 λεκτέον
651 3353 925 3435 ἀμφαδίην
949 3351 1310 3428 μελεδήματα·
1340 3349 1438 3421 κῆν
1461 3371 1541 3417 τις
1560 3347 1713 3427 ἐρύξῃ

489 3442 737 3521 μαλθακὰ
761 3440 1040 3501 λυσιπόνου
1068 3437 1350 3518 πλέγματα
1379 3436 1646 3515 συζυγίης,

407 3532 688 3614 φάρμακον
713 3527 1028 3609 ἀμφοτέροις
1058 3525 1198 3606 ξίφος
1220 3526 1448 3585 ἔσσεται·
1467 3523 1614 3595 ἥδιον
1637 3523 1762 3598 ἡμῖν

487 3618 629 3688 ξυνὸν
657 3617 738 3677 ἀεὶ
762 3615 1006 3693 μεθέπειν
1029 3613 1065 3686 ἢ
1091 3614 1203 3692 βίον
1231 3613 1264 3685 ἢ
1291 3613 1530 3672 θάνατον.

2397 343 2511 415 m.
2545 364 2841 415 semim
2870 366 3292 418 scHOLASTch.

2057 493 2352 557 'Superbum
2382 496 2689 547 Polemonem
2706 535 2719 559 ,
2746 497 2835 560 qui
2860 497 2913 547 in
2937 511 3085 548 scena
3106 498 3357 549 Menandri
3768 476 3770 481 ¹

2138 581 2310 633 tondet
2331 596 2508 634 suaves
2530 584 2749 649 conjugis
2774 598 2878 635 suae
2898 584 3075 647 crines,
3770 517 3772 669 Ι

2066 673 2233 735 junior
2251 672 2483 722 Polemon
2505 672 2724 723 imitatus
2738 676 2815 723 est
2830 710 2845 735 ,
2865 676 2916 723 et
2933 672 3248 724 Rhodanthes

2136 759 2414 809 cincinnum
2441 759 2782 811 audacissimis
2810 760 3039 811 manibus
3066 762 3302 822 vastavit,

2058 850 2123 919 et
2144 861 2260 897 cum
2279 847 2477 911 tragicis
2507 847 2759 898 doloribus
2781 848 3025 899 comicum
3046 850 3231 899 sactum
3256 852 3563 913 permutans,
3772 851 3774 949 γ

2134 934 2395 999 flagellavit
2412 935 2603 999 gracilis
2623 935 2844 986 membra
2866 936 3101 987 mulieris.

2074 1022 2549 1087 insanae-zelotypia»,
2570 1020 2679 1073 haec
2700 1022 2908 1073 verbera
2930 1043 2944 1072 ι
2960 1022 3081 1087 quid
3106 1024 3237 1073 enim
3254 1027 3453 1075 tantum
3468 1038 3629 1088 pecca-

2134 1112 2177 1161 si
2198 1110 2527 1161 commiserati
2546 1122 2624 1161 me
2645 1110 2804 1161 voluit
2828 1110 3067 1161 afflictum
3079 1115 3102 1160 ἓ
3349 1111 3450 1175 [vit
3470 1114 3603 1176 virgo
3616 1152 3629 1167 .

2072 1200 2243 1249 Miser!
2265 1202 2316 1250 et
2337 1198 2509 1249 ambos
2530 1185 2770 1259 sejunxit,
2792 1210 2952 1261 usque
2979 1198 3045 1249 ad
3066 1199 3228 1262 ipsum

2132 1286 2296 1336 visum
2322 1286 2608 1349 interposita
2626 1285 2817 1336 ardenti
2840 1285 3039 1337 invidia.

2069 1372 2197 1425 Nihil
2222 1378 2387 1425 tamen
2404 1374 2570 1424 ell'ecit
2590 1374 2685 1424 nisi
2704 1373 2838 1438 quod
2858 1354 2967 1439 ⁸jam
2992 1377 3068 1424 est
3086 1374 3299 1425 Odiosus
3314 1415 3326 1437 ,
3346 1377 3398 1425 at
3418 1388 3509 1438 ego

2131 1462 2329 1528 Tristis,
2353 1476 2453 1513 non
2490 1460 2663 1512 videns
2693 1462 3100 1513 Circumtonsam.

2464 1604 2573 1651 219.
2603 1602 2790 1651 PAULI
2821 1602 3209 1652 leENTIARn.

2069 1741 2325 1799 Ful-emur,
2348 1738 2595 1803 Rhodope,
2620 1740 2790 1790 oscula
2810 1743 2861 1790 et
2878 1740 3104 1801 amanile,

2129 1825 2309 1889 de-quo
2332 1826 2479 1877 etiam
2505 1826 2941 1890 pugnandum-est,
2964 1826 3188 1890 Cypridis
3214 1839 3353 1889 opus.
3422 1825 3625 1889 [vitam

2068 1915 2228 1962 suave
2241 1914 2391 1963 latere
2410 1916 2461 1963 et
2480 1913 2743 1965 custodum
2760 1913 3411 1977 cuncta-deprehendentem
3424 1912 3620 1965 oculum

2128 2001 2310 2051 furtiva
2330 2006 2497 2052 autem
2514 2002 2695 2066 apertis
2710 2002 2957 2053 connubia
2980 2004 3105 2052 sune
3120 2001 3504 2063 mellita-magis.

2392 2149 2498 2192 220.
2538 2144 2837 2194 AGATmAE
2878 2122 3302 2194 scnoLAsnm.

2064 2271 2168 2320 Etsi
2189 2283 2321 2319 nunc
2338 2271 2540 2321 canities
2565 2274 2619 2321 te
2641 2270 2839 2335 sopivit,
2866 2272 2917 2321 et
2942 2269 3163 2321 fervidus

2122 2358 2204 2409 ille
2220 2358 2577 2411 hebetatus-est
2594 2358 2827 2409 stimulus
2844 2358 3295 2420 amatorii-suroris,

2062 2444 2297 2510 debebas,
2328 2461 2359 2497 o
2390 2447 2643 2509 cleobule,
2678 2459 2909 2497 amorum
2921 2445 3200 2511 juventutis
3224 2446 3532 2508 recordatus,

2120 2551 2255 2587 nunc
2271 2537 2417 2588 etiam
2441 2536 2771 2587 commiserati
2792 2536 3187 2587 natu-minorum
3210 2536 3421 2597 dolores,

2060 2639 2149 2675 nec
2169 2624 2232 2675 de
2258 2624 2603 2675 communibus
2628 2624 2773 2674 irasci
2796 2623 3129 2684 vehementer,
3163 2636 3253 2673 nec
3275 2638 3531 2679 comarum

2120 2712 2295 2763 decore
2316 2712 2543 2776 gracilem
2564 2712 2781 2775 puellam
2796 2710 2995 2775 penitus
3010 2710 3217 2775 privare.

2058 2800 2171 2851 Ἀντὶ
2192 2805 2363 2863 πατρὸς
2383 2803 2461 2863 (ut
2473 2800 2628 2864 pater)
2644 2799 2758 2849 huic
2776 2798 2953 2863 puella)
2963 2801 3110 2849 autea
3128 2812 3389 2849 curas-eras
3408 2800 3627 2861 miserm,

2120 2893 2171 2941 et
2194 2903 2325 2940 nunc
2348 2889 2513 2940 subito
2528 2889 2774 2945 ἀντίπαλος
2798 2887 3155 2952 (adversarius)
3174 2888 3334 2938 factus
3362 2901 3433 2938 cs.

2456 3037 2563 3083 22¹.
2610 3033 2797 3082 PAULI
2831 3029 3217 3081 smEN'ruRu.

2058 3179 2344 3238 Quousque,
2365 3173 2617 3224 ardentem
2638 3171 2943 3222 occultantes
2966 3169 3217 3232 obtutum,

2124 3265 2361 3314 furtivum
2390 3263 2748 3312 imme-mutuo
2770 3260 2969 3310 oculum
2988 3259 3201 3324 jacimus
3214 3263 3237 3307 ἓ

2058 3357 2223 3419 aperte
2240 3350 2597 3402 dicendas-sunt
2621 3362 2786 3406 ουτως
2811 3349 2863 3398 et
2888 3346 2931 3398 si
2948 3347 3062 3409 quis
3084 3345 3315 3408 impediat

2118 3445 2313 3511 teneros
2341 3435 2919 3489 doloribus-exsolventis
2936 3434 3197 3497 amplexus
3218 3433 3483 3492 connubii,

2058 3528 2325 3580 remedium
2354 3515 2593 3577 ainbobus
2618 3523 2714 3574 erit
2738 3522 2900 3574 ensis:
2923 3522 3125 3573 suavius
3141 3521 3283 3570 nobis

2118 3619 2393 3668 consortem
2415 3615 2653 3678 perpetuo
2679 3611 2823 3675 sequi
2844 3609 2925 3660 vel
2944 3610 3099 3660 vitam
3118 3609 3199 3659 vel
3228 3611 3458 3658 mortem.

421 3712 3615 3744 Μ

843 3784 958 3832 218.
1006 3797 1230 3830 auarum
1267 3795 1524 3830 oua-ons.

406 3879 903 3955 Antiquo'l‘olemoni,
932 3885 1044 3934 facit
1062 3899 1203 3949 quem
1221 3899 1362 3933 scena
1380 3881 1634 3934 Menandri

470 3973 646 4023 Uxoris
667 3981 856 4020 teneras
877 3967 1150 4018 dissecuisse
1173 3982 1351 4022 comas,

407 4058 544 4108 Alter
565 4058 689 4106 idem
711 4055 823 4104 lecit
843 4053 1093 4113 Polemon,
1113 4050 1418 4116 pulchraque
1435 4048 1746 4098 Rhodanthes

476 4141 707 4208 Abripuit
732 4139 888 4188 crines
906 4137 1084 4187 vertice
1107 4152 1228 4186 saiva
1258 4151 1444 4184 manus.

407 4224 602 4276 Comica
623 4238 698 4272 res
715 4221 870 4270 suerat
897 4235 911 4271 τ
938 4219 1140 4284 tragicos
1164 4216 1491 4282 superaddidit
1514 4233 1669 4272 ausus,

475 4305 746 4357 Femineam
769 4304 928 4369 flagris
951 4319 1062 4352 nam
1091 4301 1235 4352 scidit
1254 4301 1336 4350 ille
1357 4308 1536 4350 cutem.

407 4393 538 4440 Trux
561 4387 742 4437 facinus
773 4403 786 4437 ε
824 4386 941 4451 quid
967 4385 1095 4435 enim
1131 4365 1615 4449 tantunfpeccaverat
1642 4381 1723 4430 illa

473 4475 724 4521 AErumnas
749 4469 907 4519 fuerat
939 4467 980 4517 si
1011 4468 1234 4516 miserata
1264 4469 1431 4514 meas?

408 4555 508 4606 Nos
530 4567 722 4617 quoque
747 4549 907 4600 divisit
931 4548 1058 4599 l'erus
1081 4549 1186 4609 ille,
1211 4565 1301 4598 nec
1323 4563 1408 4597 ora
1433 4548 1555 4596 tueri

473 4636 645 4684 Mutua
672 4631 800 4682 fert:
829 4640 986 4680 tantus
1014 4639 1210 4697 pectora
1235 4629 1361 4678 livor
1384 4628 1550 4678 habet.

407 4719 589 4766 Verum
611 4723 684 4764 est
701 4713 784 4763 ille
809 4723 966 4762 tamen
983 4713 1277 4762 Misumenos
1299 4726 1312 4760 :
1335 4721 1407 4760 ast
1427 4727 1512 4775 ego
1533 4719 1662 4758 cerie

473 4793 720 4862 Dyscolos,
744 4792 840 4843 heu
859 4809 1022 4858 segrex
1041 4809 1070 4842 a
1097 4791 1468 4842 Periciromene.

973 4917 1084 4950 220.
1123 4915 1357 4948 uusnnt.

411 5019 710 5081 Quamquam
735 5014 874 5078 longa
902 5013 1000 5061 dies
1031 5021 1076 5060 te
1107 5011 1203 5075 jam
1229 5009 1431 5069 sedavit,
1455 5017 1502 5056 et
1527 5007 1608 5056 ille

2123 3776 2351 3826 Fervidus
2370 3791 2432 3823 ex
2450 3773 2580 3823 omni
2604 3779 2799 3838 pectore
2816 3767 2955 3820 cessit
2980 3784 3133 3831 amor,

2058 3859 2318 3913 Debueras,
2346 3855 2596 3914 Cleobule,
2620 3863 2714 3904 tun
2732 3867 2917 3902 memor
2932 3867 3032 3900 esse
3048 3851 3281 3916 juventa,

2125 3948 2285 4007 Atque
2308 3949 2434 3994 αξιοι,
2464 3936 2649 4003 placide
2669 3936 2815 3997 ferre,
2840 3934 2970 4000 quod
2994 3934 3073 3982 illa
3096 3932 3251 3997 jubet,

2057 4028 2167 4075 Non
2196 4021 2449 4086 indignari,
2470 4019 2509 4068 si
2536 4018 2651 4084 quid
2670 4017 2724 4068 fit
2743 4017 2857 4078 tale,
2878 4017 3087 4082 puellam

2123 4093 2366 4157 Continuo
2384 4103 2531 4171 raptis
2548 4117 2639 4151 nec
2656 4100 2861 4166 spoliare
2888 4097 3055 4148 comis.

2058 4193 2177 4254 Qua!
2196 4189 2340 4238 modo
2364 4197 2412 4236 te
2434 4193 2619 4253 patrem
2643 4183 2775 4232 velut
2798 4183 3149 4238 observaverat,
3178 4177 3248 4225 illi

2123 4273 2281 4325 Hostis
2306 4281 2403 4321 tam
2421 4269 2580 4320 subito
2598 4265 2698 4334 qui,
2720 4281 2913 4332 precor,
2933 4279 3033 4315 esse
3052 4264 3226 4328 potes?

2496 4439 2558 4472 22
2569 4440 2588 4470 1
2598 4459 2611 4472 .
2650 4437 2795 4469 nunt
2828 4431 3147 4466 amenum!-

2056 4569 2242 4635 Ecquis,
2270 4569 2319 4618 in
2342 4567 2540 4616 alterius
2572 4563 2869 4613 flammantes
2893 4560 3019 4608 alter
3035 4556 3212 4606 ocellos

2125 4654 2267 4719 Quod
2286 4652 2451 4702 l'urtim
2473 4649 2674 4716 jacimus
2694 4645 2890 4700 lumina,
2909 4643 3015 4692 finis
3034 4641 3129 4690 erit
3146 4645 3169 4691 ἓ

2055 4742 2183 4790 Cura
2208 4737 2395 4787 fatenda
2419 4735 2575 4800 palam
2600 4739 2671 4781 est
2696 4739 2777 4781 :et
2806 4728 2943 4779 nobis
2957 4725 3116 4776 dulcia
3140 4723 3181 4773 si
3206 4723 3313 4788 quis

2124 4821 2295 4872 Vincla
2312 4817 2562 4886 soporiferi
2577 4815 2764 4865 foederis
2785 4811 3031 4878 impediat,

2061 4903 2306 4956 Ambobus
2332 4902 2454 4951 leret
2470 4899 2594 4949 ensis
2612 4911 2753 4963 opem
2776 4909 2789 4945 ε
2814 4909 2925 4943 nam
2947 4890 3135 4941 suarius
3154 4887 3293 4950 illud,

2126 4986 2385 5050 Participes
2403 4984 2509 5033 vitae
2528 4981 2604 5031 vel
2630 4979 2757 5031 necis
2780 4993 2879 5028 esse
2898 4977 3033 5026 duos.
