3829 5747
1268 155 1344 213 IN
1389 154 1636 215 CAPUT
1674 154 1726 211 V
1768 153 2224 215 ΑΝΝΟΤΑἸἸΟ.

321 292 374 341 Ἦ
392 292 434 340 δὲ
463 291 646 341 Νάννιον
671 289 716 337 τί
737 290 834 336 νυνὶ
849 289 1074 349 διαφέρειν
1102 288 1303 342 saon-ez:
1323 288 1478 347 ὃοκεῖ;

316 366 364 411 ori
381 363 446 411 δύ’
476 360 746 417 ἀποπνίξαέ
781 357 990 421 ἑταίρους
1007 360 1088 409 τὸν
1109 359 1259 423 τρίτον
1281 360 1518 423 Θηρεύεται

315 438 372 483 ἔτι
390 436 563 493 ἰαὸεῑνς
587 453 610 475 υ
637 434 756 482 Jac.

257 562 396 609 CXCI.
421 562 608 607 Lemma
634 574 644 585 ·
677 559 741 612 εἰς
765 543 952 617 ἐξαίρειν
983 559 1189 617 ἂσωτον,
1226 556 1479 613 ζηλότυπον
1503 560 1583 606 καὶ
1619 576 1711 621 μα-

205 632 286 685 vlo<
311 633 476 689 μεστὸν.
517 632 654 678 Poeta
686 628 748 677 ad
775 628 982 677 amicam
1012 628 1322 683 comissatur.
1351 627 1568 677 incertus
1595 643 1714 679 num

201 700 380 762 puellam
410 701 762 759 exspectantem
799 700 851 745 et
881 697 1160 759 vigilantem
1187 698 1253 747 sit
1292 696 1612 760 inventurus»,
1650 714 1712 749 an

203 783 294 816 cum
321 770 407 816 atio
431 772 698 818 cubantem.
725 771 982 817 Postremo
1003 768 1096 817 hoc
1120 768 1314 831 cognito
1331 806 1344 829 ,
1373 782 1600 819 coronam
1636 769 1709 819 la-

203 840 338 887 crimis
377 840 474 887 suis
523 838 847 888 madefactam
892 838 955 887 ad
1001 842 1167 900 postes
1212 838 1332 901 tigit.
1363 839 1560 888 Jacobs.
1593 838 1711 889 citat

201 908 448 958 Clearchum
485 922 560 972 ap.
610 909 788 958 Athen.
818 911 920 968 XV,
955 922 1002 971 p.
1045 912 1157 967 670,
1188 910 1231 957 D
1265 921 1277 951 ε
1325 915 1601 970 στεφανοῦσι
1630 910 1711 963 τὰς
1775 910 1788 925 ·

199 985 274 1026 τῶν
309 983 532 1042 ἐρωμένων
573 982 734 1039 Θὺρας,
773 980 876 1037 ἦτοι
916 984 1050 1039 τιμῆς
1101 980 1258 1041 χάριν,
1297 980 1546 1042 καθαπερεί
1591 996 1710 1032 τινος

201 1054 284 1099 θεοῦ
310 1054 360 1097 τὰ
375 1054 585 1113 πρόθυρα·
609 1052 638 1107 ἢ
655 1052 712 1097 οὑ
736 1056 834 1104 τοῖς
847 1050 1109 1110 ἐρωμένοις,
1131 1050 1248 1097 ἀλλὰ
1275 1054 1344 1109 τῷ
1367 1048 1536 1113 Ἔρωτι
1555 1048 1711 1097 ποιοῦ·

198 1139 298 1181 μενοι
332 1122 408 1177 τήν
446 1126 536 1169 τῶν
571 1122 810 1182 στεφάνων
842 1120 1072 1167 ἀνάθεσιν.
1109 1140 1130 1161 υ
1163 1146 1223 1155 -
1263 1124 1279 1167 1
1333 1124 1561 1180 φαινοῦσα
1586 1119 1705 1168 eod.

197 1215 246 1222 -
261 1188 480 1236 2.Tibiam
497 1188 664 1250 potius
691 1201 839 1249 quam
857 1187 1014 1236 facem
1039 1200 1147 1235 esse
1175 1186 1534 1251 intelligendam
1551 1188 1712 1238 obser-

198 1262 263 1305 vat
278 1257 452 1305 Jacobs.
471 1284 533 1293 —
547 1261 597 1306 4.
615 1258 709 1306 ἀπὸ
728 1260 954 1316 δαομὲνην
969 1256 1112 1314 Cod.;
1132 1259 1487 1319 ἀποκλασμένην
1515 1258 1705 1307 Husch-

197 1329 305 1385 kius‚
331 1326 451 1389 quod
491 1331 784 1389 receperunt
828 1327 1040 1376 Groefius
1080 1330 1130 1377 et
1162 1328 1338 1387 Boiss.3
1369 1329 1710 1392 ἀποδυρομένην

196 1396 430 1453 Jacobsius;
469 1397 790 1459 ἐπαραομένην
835 1398 1040 1446 Salmas.
1075 1401 1124 1447 ct
1154 1398 1358 1447 Brunck.
1387 1424 1448 1433 -—-
1475 1402 1522 1447 5.
1555 1403 1606 1447 ln
1633 1399 1710 1448 his

195 1467 346 1515 nullum
361 1480 462 1515 esse
479 1480 660 1516 nexum
679 1482 792 1517 cum
811 1470 1128 1531 sequentibus
1141 1472 1272 1518 recte
1281 1470 1561 1519 observavit
1581 1473 1710 1519 Grae-

195 1538 268 1585 sius
289 1551 330 1599 p.
349 1544 420 1595 98,
449 1538 534 1599 qui
577 1538 774 1601 scripsit
802 1542 876 1589 ἐπὶ
907 1544 1146 1601 προθύροις
1175 1543 1232 1588 δὲ
1264 1542 1546 1601 μαρὰνας...,
1575 1541 1710 1603 signo

193 1606 468 1667 interrogandi
493 1608 542 1657 in
573 1608 674 1658 tine
692 1610 1053 1674 epigrammatis
1072 1610 1246 1673 posito.
1271 1611 1540 1673 Legebatur
1568 1614 1598 1669 ἦ
1626 1611 1709 1659 τιν’

192 1678 264 1738 ἔχει
299 1694 558 1737 σνγκοιτονς
609 1680 680 1726 Dc
707 1678 892 1740 quibus
927 1679 1267 1728 Boissonadius
1295 1680 1365 1728 ita
1409 1679 1602 1729 disserit
1647 1680 1710 1730 ad

195 1750 330 1809 θεοῖς.
353 1748 576 1810 Pachyni.
601 1750 818 1798 Declam.
839 1764 888 1813 p.
910 1756 994 1799 195
1014 1765 1025 1791 ι
1049 1770 1071 1791 «ι
1091 1751 1408 1813 interrogatio
1423 1751 1548 1799 male
1567 1751 1704 1801 vide-

195 1822 255 1865 tur
267 1820 560 1880 sequentihus
581 1823 859 1871 convenire.
895 1824 1137 1881 Fortasse,
1159 1824 1188 1882 ἦ
1211 1823 1297 1871 τιν’
1323 1827 1416 1887 ἔχει
1445 1826 1706 1886 σύγκοιτον,

195 1889 392 1953 Profecto
421 1888 641 1941 habet...
683 1892 939 1941 putandus
981 1896 1059 1942 est
1092 1898 1234 1956 poeta
1265 1908 1351 1956 per
1379 1896 1525 1943 rimas
1547 1896 1708 1958 Januae

193 1960 314 2007 aliove
337 1960 472 2009 modo
490 1961 682 2010 vidisse
708 1967 974 2012 amatorem
992 1964 1192 2013 rivalem
1210 1964 1342 2013 intus
1368 1965 1428 2013 ab
1452 1966 1604 2014 amica
1618 1965 1706 2014 ad-

193 2032 372 2080 missum.
397 2034 602 2095 Reliqua
631 2032 750 2083 dicit
785 2033 1105 2096 despondens.
1143 2037 1314 2083 Januae
1359 2034 1540 2097 saepius
1581 2036 1708 2083 male

187 2102 328 2149 clausa?
362 2102 698 2153 meretricibus
724 2107 1012 2153 nocuerunt.
1043 2103 1120 2152 Sic
1161 2117 1310 2166 supra
1339 2104 1486 2166 epigr.
1518 2108 1574 2153 41
1607 2107 1706 2153 Ru·

187 2172 288 2219 finus
310 2174 488 2235 scripsit
524 2174 596 2223 ad
631 2174 970 2222 mulierculam
1011 2174 1342 2223 incautiorem.
1377 2173 1536 2223 Possit
1561 2173 1707 2224 etiam

185 2242 256 2303 legi
281 2258 290 2283 τ
317 2246 354 2291 εἰ
385 2245 467 2292 τιν’
522 2246 630 2306 ἔχει
657 2246 922 2305 σύγκοιτον,
961 2246 1038 2292 ἐπὶ
1069 2248 1206 2306 προθ.
1241 2244 1374 2307 [Hoc
1401 2244 1706 2293 Chai-donem

181 2316 398 2375 rinjedsse
423 2314 570 2365 video
607 2314 656 2363 in
685 2315 894 2365 schedis.
913 2316 930 2377 ]
951 2316 1044 2365 Sed
1065 2316 1114 2364 id
1141 2316 1304 2365 minus
1329 2316 1479 2372 bene:
1501 2328 1612 2364 nam
1639 2314 1708 2364 ita

183 2384 216 2429 si
235 2390 344 2435 esset
365 2386 410 2433 in
435 2385 626 2435 Codice
644 2424 658 2445 ‚
687 2400 1004 2449 proponerem
1045 2386 1076 2445 ἦ
1108 2389 1210 2434 τιν’.
1249 2406 1274 2429 ιι
1313 2386 1707 2436 Emendationem

181 2454 342 2514 perfecit
367 2456 620 2505 fleckerus
649 2458 852 2517 μαρὰνας
870 2493 884 2515 ,
904 2456 1052 2505 etiam
1075 2470 1160 2517 per
1185 2470 1238 2505 se
1259 2470 1350 2505 non
1380 2457 1499 2505 satis
1518 2459 1703 2518 aptum,

179 2528 340 2573 mutans
361 2526 406 2573 in
426 2528 476 2574 δὲ
498 2526 665 2589 ῥάνας.
682 2552 742 2561 -
757 2535 786 2575 6
807 2527 992 2583 ἐκδήσω
1009 2526 1210 2575 Salmas.
1240 2529 1290 2575 et
1306 2526 1484 2581 Reisk.;
1510 2528 1706 2585 ἐκδήσας

180 2594 274 2642 eod.
293 2622 343 2630 —
359 2602 386 2643 8
403 2596 609 2659 στοργὰις
632 2596 790 2655 (inter
809 2597 890 2645 lin.
909 2600 1134 2659 στοργῆς)
1165 2597 1316 2646 σκύλα
1341 2600 1398 2646 τὰ
1427 2599 1467 2646 δ’
1482 2598 1708 2659 ἐκρέμασε

177 2664 272 2713 0611.
305 2666 446 2715 Boiss.
499 2672 728 2728 στοργᾶς.
767 2686 790 2708 κ
831 2670 932 2714 Σῶν
966 2670 1139 2729 κώμων
1177 2666 1362 2716 dictum
1411 2668 1515 2716 sine
1555 2680 1704 2729 pecu·-

179 2731 260 2780 liari
297 2740 508 2798 respectu
546 2734 620 2785 ad
649 2736 1059 2785 comissationem.
1091 2740 1259 2792 Κῶμος
1287 2734 1380 2784 hoc
1405 2736 1514 2785 loco
1545 2749 1702 2785 sacra

181 2804 347 2853 leneris
381 2806 657 2869 significan
689 2818 800 2868 quae
833 2806 926 2856 dea
953 2820 1122 2869 quum,
1143 2809 1201 2855 ut
1227 2805 1319 2854 alia
1351 2806 1565 2866 numina,
1595 2820 1702 2867 my-

175 2875 294 2924 steria
319 2891 402 2926 sua
437 2877 658 2937 haheat,
679 2881 854 2940 μύστης
893 2880 1067 2937 κώμων
1097 2877 1298 2925 Veneris
1324 2877 1366 2925 is
1393 2881 1500 2936 est,
1519 2877 1601 2940 qui
1631 2876 1705 2925 his

175 2949 382 3004 mssteriis
425 2949 657 2998 initiatus
691 2948 832 2998 deam
861 2949 996 2998 cultu
1023 2951 1075 2996 et
1113 2948 1294 2996 honore
1327 2947 1650 3010 prosequitur.
1679 2969 1700 2989 υ

173 3017 260 3063 Jor.

225 3167 384 3216 cxcn.
414 3171 622 3217 Lemma
655 3181 668 3208 ἒ
691 3167 954 3229 Μελεάγρου
981 3170 1044 3223 εἰς
1075 3169 1361 3216 Καὶλίστιον.
1395 3195 1452 3203 -
1475 3174 1520 3216 2.
1555 3187 1576 3208 r«
1598 3171 1700 3217 Du·

173 3233 258 3294 plez
283 3236 410 3286 litera
435 3241 862 3300 Syracusanorum
894 3240 970 3286 est
999 3241 1055 3294 X,
1082 3251 1227 3299 quam
1259 3237 1442 3287 invenit
1469 3236 1700 3300 Epichar-

171 3317 271 3359 mus,
301 3321 446 3368 quum
487 3308 608 3357 olim
638 3307 939 3356 scriberetur
963 3310 1064 3356 KH.
1108 3310 1217 3356 Jam
1259 3323 1372 3370 quae
1414 3307 1705 3356 nominanda

175 3373 300 3422 iuerat
335 3379 640 3440 Καὶλίσχιον,
680 3376 743 3425 ob
783 3375 988 3438 pulchra
1017 3377 1217 3436 femora,
1250 3378 1410 3439 ἰσχία,
1443 3389 1502 3424 ea
1535 3380 1706 3425 vocata

169 3443 242 3492 suit
265 3448 550 3496 Καλλίστιον.
597 3450 728 3509 Ergo
767 3449 1014 3494 mutatum
1045 3446 1136 3496 suit
1165 3449 1220 3506 Χ,
1254 3447 1428 3509 duplex
1471 3446 1625 3505 litera,
1653 3447 1703 3495 in

167 3513 395 3576 simplicem
423 3521 482 3568 T.
511 3519 597 3567 Sic
629 3520 766 3566 recte
800 3517 1008 3565 Graelius
1032 3531 1080 3578 p.
1123 3523 1184 3567 99
1215 3530 1312 3566 non
1341 3516 1481 3565 valde
1524 3516 1699 3566 obscu-

169 3597 254 3633 rum
273 3585 504 3636 distichon
532 3592 617 3637 est
635 3587 998 3648 interpretatus.
1021 3607 1044 3628 »
1073 3589 1132 3634 B.

214 3729 401 3777 exem.
425 3731 640 3778 Lemma
669 3749 681 3776 :
703 3730 765 3784 εἰς
788 3727 944 3776 Κλειὼ
966 3726 1106 3788 κόρην
1130 3727 1374 3790 ἐρωμένην.
1399 3726 1702 3775 Simillimum

165 3796 460 3860 epigrammati
489 3807 575 3853 53.
609 3799 696 3847 ubi
725 3813 775 3846 v.
795 3803 956 3848 annot.
989 3801 1134 3847 Recte
1163 3798 1409 3846 Heckcrus
1428 3801 1466 3855 1,
1487 3811 1535 3860 p.
1566 3803 1647 3846 2⁴21
1689 3811 1700 3839 :

167 3887 182 3902 ·
205 3869 250 3915 In
265 3869 334 3918 his
365 3884 476 3932 qua·-
505 3871 712 3919 diversa
743 3870 988 3930 leguntur,
1013 3873 1204 3918 tantum
1225 3871 1550 3916 correctorum
1584 3882 1706 3930 prae-

163 3943 325 3996 testera
349 3955 468 3989 cura
485 3945 686 3990 temere
713 3941 1002 4003 interpolata
1021 3941 1154 3996 sunt,
1186 3952 1338 4000 quum
1360 3939 1560 4000 pristina
1588 3952 1695 4001 spe-

158 4006 238 4056 cies
261 4023 346 4058 non
368 4010 570 4060 diversa
596 4010 762 4059 fuerit.
793 4029 816 4050 »ι
850 4035 910 4046 —
935 4015 951 4058 1
974 4009 1033 4059 τὰ
1051 4007 1288 4068 γαλὰκτιν’
1314 4008 1533 4056 Reiskius
1549 4022 1563 4063 3
1582 4008 1698 4068 ἀγα·

158 4077 304 4125 lam-2
335 4081 478 4138 cod..
499 4081 740 4142 idemque
771 4082 911 4129 ἀδωνι
934 4080 1164 4140 hocloco,
1195 4092 1288 4127 non
1306 4079 1378 4126 ᾶό.
1395 4104 1455 4114 —-
1475 4082 1503 4127 4
1524 4079 1698 4138 προσά-

159 4159 234 4192 σειε
251 4147 362 4195 cod.
381 4151 600 4199 Brunck.
619 4152 793 4208 ἄπαγε,
811 4150 897 4198 sed
915 4151 1140 4207 alterum,
1161 4162 1246 4196 me
1270 4161 1444 4196 secum.
1474 4147 1700 4196 abducat

181 4215 384 4280 Adonis),
401 4223 512 4269 Jac.
528 4222 712 4269 tuetur
734 4219 966 4282 exemplis
985 4218 1222 4283 ejusmodi
1237 4218 1470 4268 transitus
1497 4231 1526 4267 a
1545 4219 1701 4280 prima

157 4289 398 4340 secundave
417 4303 642 4352 persona
661 4289 724 4338 ad
741 4289 948 4340 tertiam.

203 4433 388 4482 CXCW.
405 4437 626 4484 Lemma
651 4454 664 4482 ε
685 4435 750 4488 εἰς
775 4435 916 4494 κόρην
939 4431 1132 4490 Εἰρήνην
1154 4430 1392 4492 παρθένον.
1412 4456 1472 4465 -
1489 4436 1530 4480 1.
1555 4449 1578 4472 τι
1606 4433 1696 4479 Ve-

155 4509 382 4552 nestorum
417 4505 646 4554 deorum
681 4503 947 4566 adspectus
996 4502 1082 4560 iis,
1131 4500 1316 4562 quibus
1370 4501 1558 4560 favent,
1615 4514 1695 4549 vc-

151 4575 368 4622 nustatem
395 4573 652 4623 conciliat.
685 4573 764 4621 Sic
802 4575 888 4633 lx,
918 4585 994 4634 ep.
1024 4574 1099 4621 64.
1136 4591 1160 4614 »ι
1190 4571 1302 4619 Jac.
1336 4569 1434 4625 Qui
1473 4569 1695 4631 sequenti

153 4651 274 4688 *ertu
313 4644 576 4706 ἐρχομένην
621 4641 929 4704 conjiciebat,
985 4641 1216 4704 virginem
1269 4639 1586 4702 prodeuntem
1635 4652 1697 4686 ex

149 4707 338 4760 thalatm
363 4713 612 4771 veneris,
641 4713 726 4762 ubi
753 4717 922 4762 ornata
946 4715 996 4762 et
1031 4711 1210 4761 donata
1245 4723 1352 4759 esse
1386 4711 1606 4772 tingatur.
1639 4737 1699 4746 —

147 4787 186 4826 3·
211 4803 230 4820 κ
260 4785 425 4841 Θάλος,
453 4784 600 4834 conf.
620 4796 695 4846 ep.
726 4787 829 4842 174,
857 4789 897 4832 1.
921 4786 992 4831 De
1011 4783 1064 4832 ἐκ
1078 4784 1231 4846 τριχὸς
1253 4783 1360 4844 ἄχρι
1385 4783 1538 4828 ποδῶν
1568 4781 1695 4829 conf.

149 4849 360 4901 Abresch.
387 4854 455 4902 ad
491 4853 734 4903 Aristaen.
753 4856 795 4914 Ι,
821 4859 894 4912 12,
915 4867 963 4916 p.
995 4857 1103 4904 399.
1137 4852 1341 4900 Plautus
1371 4850 1508 4912 Epid.
1531 4853 1591 4908 V,
1627 4864 1694 4899 sc.

3246 166 3351 223 141

1805 276 2176 349 festivissuma.
2198 288 2401 347 Λύγδου,
2418 290 2543 339 cons.
2562 290 2707 352 epigr.
2746 296 2817 340 13.
2838 292 2899 341 Et
2916 294 3119 351 γλυπτήν
3138 293 3270 344 addit
3297 295 3361 342 ob

1807 356 2112 419 frequentem
2138 358 2451 420 pulchrorum
2478 374 2730 423 corporum
2766 376 2879 411 cum
2916 364 3090 413 statuis
3118 378 3364 428 compara-

1805 428 2004 490 tionem,
2026 442 2175 491 quam
2198 431 2463 480 monstravi
2489 431 2552 480 ad
2584 436 2767 495 Eunap.
2799 448 2845 496 p.
2878 440 2984 483 380.
3009 455 3034 478 υ
3063 437 3122 484 B.
3155 462 3215 473 —
3245 444 3291 497 ⁵,
3310 444 3357 486 6.

1808 503 2013 563 «Junge
2034 502 2107 549 ἐπὶ
2128 513 2241 549 cum
2269 501 2428 557 ἠκανε
2454 503 2625 563 ἐφῆκαν
2652 505 2819 561 ἠϊθέοις
2837 506 3032 560 πολλους
3054 506 3234 561 ὀϊστοὺς
3248 525 3357 570 χεο-

1805 572 1896 620 σίν.
1931 574 2053 621 Bene
2082 570 2163 619 hic
2191 571 2368 621 hahere
2396 575 2581 635 γερσὶν,
2605 575 2718 623 licet
2747 577 2977 637 sequatur
3003 578 3097 625 ἀπὸ
3114 579 3246 633 τόξου
3278 582 3361 639 ἁρ-

1803 642 2022 700 πεδόνης,
2062 642 2237 692 docent
2266 644 2486 706 exempla
2505 643 2566 692 ab
2593 643 2842 695 Huschkio
2864 649 3151 710 exprompta
3178 648 3240 696 ad
3274 649 3369 697 Ti:

1801 712 1919 761 buli.
1950 717 1991 771 Ι,
2025 714 2087 763 el.
2118 718 2165 773 3,
2192 718 2237 773 4,
2259 728 2307 777 p.
2340 718 2396 765 74
2419 728 2519 777 seq.
2551 716 2844 779 Πορφυρέης,
2877 715 3095 779 pulchrae
3123 721 3172 768 et
3195 720 3358 783 splen-

1801 783 1954 843 didae,
1986 788 2043 834 ut
2061 786 2309 835 Amoris.
2310 788 2469 835 ›Jac.

1862 924 2043 971 CXCV.
2066 926 2265 972 Lemma
2296 944 2308 972 :
2341 926 2403 979 είς
2432 926 2514 982 τήν
2546 926 2711 974 ἑαυτοῦ
2744 927 2976 987 ἐρωμένην
3002 928 3359 989 Qvo-pilam.—

1805 996 1846 1051 1,
1870 1000 1896 1041 2
1927 994 2000 1041 sic
2023 992 2200 1041 Codex.
2227 995 2443 1057 Toupius
2472 996 2698 1056 Ζηνοφίλᾳ
2716 1032 2728 1053 ,
2748 998 2803 1043 ut
2824 995 2951 1044 desit
2976 996 3214 1055 verbum3
3241 1011 3355 1060 pro-

1799 1067 2068 1124 posuerunt
2085 1062 2277 1113 Jacobs,
2294 1067 2542 1125 ἀπένειμαν
2554 1066 2631 1114 ve}
2647 1068 2909 1121 ἐπένευσαν,
2928 1068 3194 1117 Lobeckius
3221 1070 3359 1129 συνῄ-

1799 1150 1925 1193 νουν,
1956 1134 2031 1182 vir
2057 1133 2229 1183 doctus
2250 1149 2519 1196 anonymus
2546 1142 2761 1195 συνεῖραν
2792 1136 2953 1198 (quod
2972 1150 3213 1187 consensu
3239 1139 3356 1187 reci-

1799 1204 1994 1266 piebant
2010 1204 2164 1255 Boiss.
2196 1210 2245 1255 et
2269 1204 2410 1256 Both.
2429 1206 2465 1265 ).
2498 1206 2641 1255 Addit
2676 1207 2848 1255 Bonis:
2879 1227 2901 1248 κ
2933 1208 3270 1270 Cogitaveram
3292 1209 3355 1258 dc

1799 1272 1999 1335 legendo
2018 1276 2223 1323 σύνευνοι
2241 1276 2469 1337 Ζηνορίλᾳ
2489 1312 2501 1332 ,
2519 1287 2630 1337 qua·
2644 1288 2761 1323 cum
2786 1275 3081 1337 zenophilo
3098 1280 3155 1325 in
3174 1277 3355 1326 eodem

1801 1342 1931 1391 lecto
1958 1344 2225 1403 recubant,
2254 1344 2512 1396 subaudito
2540 1342 2688 1394 verbo
2712 1345 2887 1406 dandi,
2917 1346 3174 1397 offerendi.
3198 1351 3251 1397 In
3281 1363 3353 1399 se·

1798 1418 1979 1475 quente
2015 1414 2166 1476 epigr.
2198 1418 2313 1464 sunt
2352 1414 2626 1477 Zenopliiloe
2658 1416 2883 1477 σύγκοιτα
2929 1418 3091 1479 φίλτρα
3133 1418 3355 1480 [diverso

1799 1483 1995 1545 quidem
2034 1484 2143 1533 haec
2174 1484 2369 1547 senqu.
2404 1505 2426 1527 ι·
2460 1486 2706 1535 fleckerus
2740 1485 3053 1549 probabiliter
3079 1500 3193 1537 sane
3220 1490 3288 1537 σύ
3304 1508 3352 1534 ν-

1799 1571 1930 1601 ευνε
1965 1554 2216 1614 Ζηνορίλα,
2254 1554 2457 1603 verbum
2482 1558 2653 1616 petens
2679 1556 2889 1618 primum
2907 1556 3103 1617 quidem
3126 1569 3187 1606 ex
3203 1559 3353 1620 epigr.

1805 1626 1907 1678 140,
1930 1621 2104 1670 deinde
2122 1634 2180 1670 ex
2194 1624 2417 1685 sequenti
2442 1628 2545 1684 196,
2562 1622 2677 1671 huic
2692 1623 3025 1687 epigrammati
3048 1626 3319 1689 proepositis
3336 1664 3352 1686 ,

1797 1690 1931 1741 hunc
1954 1692 2004 1741 in
2027 1691 2227 1741 modum
2250 1708 2262 1735 t

1922 1822 2174 1886 Ζηνοφίλα,
2200 1824 2366 1879 κάλλος
2395 1825 2477 1885 μὲν
2502 1823 2671 1886 Ἔρως,
2700 1824 2928 1883 σύγκοιτα
2951 1824 3001 1871 δὲ
3020 1825 3183 1884 φίλτρα

1985 1896 2157 1957 Κύπρις
2180 1894 2325 1942 ἔδωκέ
2360 1892 2405 1941 σ’
2428 1893 2549 1955 ἔχειν
2565 1929 2578 1952 ,
2600 1896 2648 1940 al
2680 1895 2873 1955 Χάριτες
2896 1894 2945 1941 δὲ
2974 1892 3128 1955 χάριν·

1922 1968 1969 2013 αἱ
1986 1968 2171 2027 τρισσαὶ
2199 1964 2398 2027 Χάριτες
2434 1966 2703 2027 τρισσὸν....

1800 2103 1967 2151 Paullo
1987 2103 2161 2152 melius
2181 2109 2405 2152 nostrum
2424 2103 2715 2167 epigramma
2743 2100 2973 2167 subjungi
2990 2102 3215 2153 videatur
3237 2103 3353 2154 huic

1797 2173 1964 2222 versui
1990 2174 2351 2237 epigrammasss
2384 2178 2471 2223 140
2499 2190 2513 2217 ·-

1924 2317 1973 2361 αἱ
2007 2316 2190 2376 τρισσαὶ
2212 2316 2406 2377 Χάριτες
2439 2318 2556 2376 τρεῖς
2581 2314 2749 2363 ἔδοσαν
2776 2314 2993 2378 χάριτας,

1797 2457 1882 2507 sed
1909 2461 2135 2507 neutrum
2164 2458 2486 2520 epigramma,
2515 2456 2679 2519 qualia
2710 2470 2765 2505 ex
2790 2456 2917 2505 binis
2936 2457 3207 2520 composuit
3226 2459 3349 2505 Hee-

1798 2530 1959 2587 keruS,
1975 2529 2041 2577 ita
2059 2528 2291 2591 scriptum
2318 2527 2467 2577 ruisse
2483 2540 2513 2577 a
2528 2528 2767 2589 Meleagro
2781 2528 2958 2589 legenti
2989 2528 3167 2589 cuique
3182 2529 3349 2577 statim

1794 2598 1993 2660 patebit.
2018 2624 2078 2634 -
2094 2605 2121 2647 2
2138 2598 2377 2659 ζηνοφίλαν
2424 2598 2609 2658 τρισσὰς
2632 2597 2751 2645 cod.
2771 2624 2830 2632 —
2845 2604 2872 2646 3
2890 2600 2921 2645 ἁ
2946 2598 3027 2659 μὲν
3046 2598 3353 2661 superposito

1795 2670 1824 2725 ἠ
1849 2672 1899 2716 et
1920 2674 2091 2729 μορφῆς
2110 2670 2415 2730 superposito
2444 2672 2475 2715 ἃ
2496 2666 2615 2715 Cod.
2637 2692 2700 2702 —-·
2718 2671 2744 2715 4
2762 2666 2917 2726 ἵμερον
2953 2670 3002 2716 δὲ
3021 2666 3141 2717 Cod.
3170 2668 3352 2717 omisso

1795 2740 1844 2785 ά.
1887 2757 1910 2779 α
1949 2739 2045 2785 Ter
2083 2736 2345 2800 repetitum
2379 2736 2675 2785 vocabulum
2702 2736 2921 2796 ejusdem
2954 2737 3347 2800 significationis,

1796 2809 1959 2869 λόγος,
1988 2808 2145 2869 μῦθος,
2172 2809 2299 2866 tum,
2334 2820 2430 2854 non
2460 2805 2739 2863 ferendum;
2771 2806 3085 2868 quamobrem
3126 2808 3307 2871 conjeci
3334 2821 3347 2851 z

1918 2950 2095 3011 ἵμερον,
2114 2947 2147 2998 δι
2166 2949 2207 2997 δ’
2234 2948 2437 3012 ὀάροις
2470 2949 2524 2997 τὸ
2544 2948 2935 3011 γλυκύθυμον
2960 2949 3086 3005 ἔπος.

1795 3089 2133 3139 Animadverte
2158 3090 2318 3148 etiam,
2341 3090 2383 3138 si
2400 3090 2697 3152 epigramma
2728 3103 2812 3152 per
2840 3089 3151 3153 seintegrum
3178 3089 3353 3140 habea-

1794 3164 1894 3221 tur,
1930 3160 2149 3209 datixum
2180 3163 2329 3219 λόγοις
2349 3160 2451 3209 sive
2484 3161 2635 3223 ὀάροις
2650 3173 2745 3208 uon
2766 3159 2943 3210 habere
2960 3175 3059 3222 quo
3093 3161 3348 3219 reseratur,

1793 3245 1947 3292 quum
1976 3230 2216 3294 przecedat
2249 3233 2413 3290 θεμένα
2451 3232 2524 3278 ἐπὶ
2559 3247 2673 3294 μορε
2678 3236 2748 3283 ἃς,
2778 3235 2831 3280 ln
2873 3230 3143 3292 conjunctis
3172 3231 3353 3280 redibis

1795 3300 1903 3349 ad*
1884 3303 2066 3348 εὸοσαν.
2097 3322 2119 3344 υ
2157 3301 2372 3350 Becker.
2399 3327 2459 3336 —
2482 3309 2509 3350 5
2536 3305 2752 3361 τρισσᾰκι
2778 3307 2861 3350 σεῦ
2894 3303 2943 3351 δὲ
2981 3303 3123 3363 μόνας
3156 3303 3235 3350 καὶ
3260 3303 3344 3350 κὺ-

1795 3373 1951 3434 πριδος
1982 3373 2101 3420 ὤπλ.
2130 3372 2270 3430 cod..
2302 3371 2547 3435 ingeniose
2574 3374 2625 3420 et
2651 3371 2854 3420 feliciter
2890 3373 3099 3422 correxit
3132 3372 3345 3430 Jacobs„

1795 3440 2025 3503 probante
2044 3441 2417 3501 wyttenbachio
2434 3479 2446 3500 ‚
2468 3441 2704 3498 neckem,
2734 3440 2840 3490 aliis
2856 3478 2868 3500 ‚
2890 3441 3143 3490 dubitante
3171 3440 3351 3490 Graetio

1794 3527 1839 3575 p.
1879 3516 1982 3571 117,
2005 3511 2090 3572 qui
2108 3512 2233 3560 inter
2250 3511 2343 3560 alia
2377 3534 2388 3560 ι
2417 3531 2439 3553 «
2464 3513 2754 3560 contortum
2784 3513 2876 3568 est,
2896 3511 3047 3572 quod,
3070 3525 3218 3572 quum
3238 3513 3351 3559 ante

1794 3582 2069 3631 Gratiarum
2090 3582 2273 3630 donum
2299 3581 2541 3631 diceretur
2557 3581 2846 3648 γλυκύμυθον
2875 3581 2981 3635 ἔπος
3004 3618 3015 3640 ,
3047 3593 3175 3627 nunc
3195 3581 3347 3628 Πειθὼ

1794 3655 1962 3713 μύθους
1998 3651 2280 3700 instruxisse
2302 3653 2600 3714 perhibetur.
2634 3651 2700 3713 [A
2727 3650 2971 3699 nonnullis
3005 3663 3121 3698 vero
3156 3650 3263 3709 illa,
3292 3653 3349 3698 ut

1793 3721 2181 3770 llcrmesianacte
2195 3759 2207 3780 ‚
2225 3720 2349 3770 inter
2363 3722 2553 3770 Gratias
2573 3719 2908 3781 referebatur-‚J
2930 3720 3156 3766 Fortasse
3176 3729 3345 3766 omnes

1793 3792 2087 3852 conjecturae
2138 3803 2277 3838 vatim
2322 3793 2435 3839 sunt
2476 3790 2525 3838 in
2556 3789 2901 3852 epigrammate
2925 3789 3082 3838 lacero
3110 3791 3195 3837 aut
3225 3789 3349 3838 male

1793 3861 2142 3910 consarcinato.
2171 3882 2192 3903 υ
2223 3887 2285 3896 —
2314 3869 2343 3910 6
2372 3862 2538 3922 maeoti:
2565 3861 2670 3922 (sic)
2692 3859 2811 3908 Cod.

1853 4003 2084 4051 cxcvn.
2128 4004 2324 4049 Lemma
2361 4001 2461 4055 tei:
2500 4000 2767 4060 Ζηνοςίὶαν.
2791 4027 2851 4036 ——
2891 4005 2909 4048 1
2948 4001 3173 4059 Ζηνοφί>.α
3222 3999 3342 4048 (od.

1791 4074 1929 4122 Cont'.
1963 4071 2025 4122 ad
2052 4072 2200 4134 epigr.
2234 4070 2526 4133 praecedens.

1852 4219 2081 4265 cxcvn.
2116 4219 2311 4265 Lemma
2343 4237 2355 4264 ι
2385 4217 2447 4270 εἰς
2476 4215 2611 4275 Τιμὼ
2652 4215 2731 4263 καὶ
2763 4216 2911 4276 Δημὼ
2945 4215 3026 4270 τὰς
3061 4215 3258 4277 ἑταίρας.
3282 4240 3345 4251 -

1791 4293 1816 4334 2
1837 4288 1909 4333 ναὶ
1929 4283 2161 4334 S‹·haefer.
2182 4289 2231 4333 et
2250 4283 2419 4340 Graet'.;
2437 4285 2514 4331 καὶ
2535 4281 2657 4331 libri.
2677 4284 2827 4338 ’Υπν.,
2846 4283 2973 4332 conf.
2998 4297 3072 4346 ep.
3100 4289 3203 4342 165,
3220 4287 3265 4332 4.
3284 4309 3345 4320 -

1788 4363 1834 4406 3.
1869 4377 1892 4398 «ι
1913 4358 2160 4407 Glossator
2177 4355 2225 4404 in
2240 4354 2454 4418 margine
2473 4353 2613 4402 Cod.:
2635 4355 2727 4413 ἑγὼ
2747 4353 2918 4414 νομίζω
2937 4355 3007 4400 ὅτι
3025 4355 3103 4400 καὶ
3128 4353 3182 4401 τὸ
3204 4352 3345 4416 Ἰλιὰς

1789 4431 1863 4484 δος
1883 4429 2030 4490 ὄνομα
2056 4429 2239 4484 ἑταίρας
2267 4427 2406 4474 ἐστίν.
2446 4427 2507 4472 Et
2541 4427 2672 4472 recte
2699 4427 2887 4485 νομίζει.
2926 4443 2949 4466 ›·
2984 4427 3046 4473 Β.
3075 4423 3345 4472 Brunckius

1785 4495 1998 4550 Ἰσιάδος.
2031 4495 2173 4551 Quod
2198 4496 2274 4543 est
2304 4507 2379 4556 ap.
2415 4492 2651 4540 Grotium.
2686 4496 2757 4541 En
2792 4491 3000 4542 Marcelli
3032 4491 3233 4541 Comitis
3264 4491 3343 4539 lu-

1788 4580 1895 4616 sum
1934 4581 1945 4608 :
1984 4587 2007 4608 «ι
2031 4570 2095 4614 Je
2122 4566 2185 4612 lis
2208 4565 2320 4612 πάλι
2355 4563 2578 4628 χιλιάδος,
2612 4563 2942 4626 qu'explique
2962 4562 3346 4626 parsaitement

1789 4637 1841 4684 la
1859 4637 1996 4684 suile
2019 4634 2082 4682 de
2099 4634 2472 4696 l'epe'yramme.
2495 4638 2525 4682 c
2538 4631 2625 4684 ’est
2643 4634 2690 4681 te
2704 4633 2933 4696 pendant
2957 4633 3279 4683 d'Anacre'on
3294 4636 3341 4682 et

1785 4719 1860 4756 ses
1883 4704 2026 4754 deux
2042 4705 2189 4753 mille
2206 4717 2421 4752 auteurs
2431 4703 2495 4751 de
2518 4699 2621 4752 l'e‘le
2643 4702 2707 4752 de
2727 4701 2929 4752 Rhodes
2949 4722 2960 4749 ι
2980 4702 3145 4750 Ῥόδου
3166 4719 3217 4751 τε
3236 4705 3338 4752 δισ-

1787 4777 1961 4840 χιλίους
1986 4778 2169 4837 ἔρωτας.
2200 4795 2222 4817 υ
2257 4801 2317 4810 ·—-
2352 4782 2380 4824 5
2407 4778 2586 4834 πνεῦμα
2617 4773 2911 4822 Meineccius
2948 4775 3061 4834 (non
3094 4771 3338 4833 Meinek.);

1786 4853 1969 4911 τραῦμα
2005 4845 2125 4898 Cod.
2157 4849 2207 4895 et
2238 4845 2392 4905 Plan.,
2420 4843 2555 4906 quod
2597 4842 2807 4894 reddidit
2836 4843 3051 4893 Grotius.
3080 4851 3185 4894 -6
3218 4845 3257 4893 εἰ
3294 4845 3341 4906 γ’

154 4925 190 4977 1,
219 4925 264 4970 17
295 4943 308 4970 2
337 4926 510 4987 Usque
543 4923 621 4972 ab
645 4925 926 4986 unqua-ulo
955 4921 1028 4972 ad
1053 4921 1310 4984 capillum
1337 4931 1595 4969 summum
1626 4923 1696 4967 es!
1738 4949 1746 4979 ,
1793 4921 1858 4968 ἑθ.
1883 4919 2016 4967 Plan.

1928 5115 1953 5124 m
