3829 5747
505 173 624 232 224

470 304 475 310 ”
500 323 523 345 ‹-
552 301 828 353 Larcherus
860 301 925 351 ad
953 300 1251 351 Herodotum
1292 300 1531 349 memorat
1565 299 1910 349 correctionem
1947 300 2054 349 ᾰνὲ-

496 375 609 431 θηιε
640 373 785 431 νέων,
830 383 979 433 quam
1013 370 1082 419 ait
1116 368 1209 418 sibi
1242 368 1473 418 tribuisse
1508 368 1833 417 Villoisouum
1870 367 2050 418 Anecd.

494 444 534 491 t.
576 444 616 501 1,
660 454 712 505 p.
762 446 867 499 129,
912 452 1025 501 quae
1072 438 1248 487 suisset
1292 436 1355 486 ab
1396 437 1549 499 Angio
1592 437 1739 487 docto
1774 438 2052 501 proposita,

496 512 660 561 virum
708 510 945 573 optimum
1000 508 1145 571 plagii
1182 507 1466 556 insimulans
1508 506 1615 570 ipse
1662 508 1926 571 plagiarius
1974 509 2050 557 in-

498 582 661 644 signis.
705 580 799 629 Sed
836 582 973 629 tanta
1008 580 1101 628 fuit
1136 577 1226 625 viri
1262 590 1612 639 nonnunquam
1657 579 1709 627 in
1750 592 1941 628 coaevos
1969 578 2056 627 iui-

496 652 679 715 quioris
708 651 908 709 levitas,
938 652 996 699 ut
1032 664 1095 698 ne
1125 648 1360 711 integram
1388 648 1585 709 quidem
1612 648 1862 698 Villoisoni
1888 653 2053 699 notam

495 722 689 783 legerit;
733 720 1063 770 disertissimis
1092 720 1221 768 enim
1266 719 1427 768 verbis
1461 719 1757 769 Villoisonus
1798 722 2056 771 lectionem

494 796 610 841 νέων
638 790 725 841 Th.
758 792 958 842 Perellio
996 794 1243 853 acceptam
1280 791 1461 846 rerem
1479 790 1529 838 in
1555 789 1653 839 hoc
1676 794 1870 840 tantum
1896 805 2057 855 repre-

496 861 782 911 hendendus
811 861 943 924 quod
970 861 1108 923 Angli
1136 861 1291 910 critici
1322 861 1621 910 meminerat.
1657 861 1753 911 Sed
1780 876 1871 911 nee
1893 861 2060 913 Villoi·

496 945 647 981 sonus
662 932 766 993 ipse
784 933 963 995 legerat
976 932 1164 994 omnia,
1186 935 1236 982 et
1260 932 1373 994 quis
1396 931 1614 981 omnium
1640 933 1892 983 meminit?
1912 934 2054 984 Cons.

496 1002 617 1049 Bibl.
651 1004 734 1049 Gr.
756 1005 792 1049 t.
820 1004 861 1059 1,
892 1014 940 1064 p.
972 1008 1080 1061 200,
1109 1010 1154 1051 e.
1177 1021 1201 1045 υ
1232 1002 1292 1050 B.
1326 1005 1562 1050 Accurate
1580 1001 1753 1052 dehac
1778 1007 2058 1054 controver-

494 1069 567 1119 sia
596 1070 693 1131 egit
722 1072 970 1132 Ungerus,
1000 1071 1087 1133 qui
1104 1069 1339 1133 legendus
1366 1070 1514 1121 stud.
1547 1074 1632 1133 XI,
1662 1072 1900 1123 inDiurn.
1935 1075 2051 1125 Litt.

498 1144 599 1189 ant.
639 1144 771 1199 1844,
800 1154 867 1189 m.
897 1144 1060 1201 Mart.,
1094 1155 1143 1190 n.
1184 1146 1261 1190 30.
1296 1140 1366 1190 lbi
1393 1140 1527 1203 quod
1559 1142 1819 1205 scripserat
1848 1144 2053 1196 Meinek.

494 1223 543 1272 p.
588 1216 679 1260 234
726 1212 869 1273 ἑλών,
908 1211 1102 1261 duobus
1143 1213 1569 1276 grammaticorum
1613 1213 1732 1262 locis
1773 1214 2057 1275 confirmat,

502 1280 653 1330 schol.
695 1279 758 1329 ad
793 1281 989 1343 Dionys.
1045 1280 1161 1329 Thr.
1205 1296 1253 1345 p.
1289 1284 1408 1341 784,
1438 1287 1515 1341 29,
1558 1284 1609 1331 et
1648 1296 1849 1345 gramm.
1892 1285 2055 1333 cram.
2125 1334 2130 1337 .

500 1350 687 1400 Anecd.
714 1352 803 1398 01.
831 1353 869 1399 t.
902 1352 985 1409 IV,
1014 1363 1063 1413 p.
1102 1356 1212 1411 320,
1254 1358 1300 1412 5,
1334 1352 1420 1413 qui
1448 1352 1496 1400 in
1514 1352 1671 1401 lebete
1694 1353 1878 1403 lectum
1906 1353 2059 1403 ruisse

500 1421 720 1471 referunt
745 1422 937 1479 ἀνέθηκε
963 1423 1033 1469 λα
1049 1422 1162 1470 ὅὼν
1193 1422 1287 1470 ἀπὸ
1306 1424 1362 1470 Τ.
1400 1421 1554 1473 Valde
1579 1423 1712 1473 errat
1738 1423 1954 1474 Grotius.

500 1632 541 1681 c
560 1562 669 1680 XII.
710 1562 909 1610 Lemma
936 1580 949 1610 ι
987 1563 1051 1617 εὶς
1087 1561 1167 1610 τὸν
1197 1561 1336 1609 αὐτὸν
1371 1562 1423 1610 ἐκ
1452 1566 1537 1611 τοῦ
1565 1564 1726 1611 αὐτοῦ.
1756 1590 1820 1599 —
1852 1569 1871 1613 1
1896 1566 2060 1621 σκαιὸς

542 1646 571 1680 ο

560 1770 692 1818 vm.
724 1771 923 1817 Lemma
952 1788 965 1816 ι
994 1770 1057 1824 εἰς
1083 1768 1163 1817 τὸν
1203 1768 1343 1818 αὐτὸν
1376 1769 1429 1818 ἐκ
1460 1773 1543 1818 τοῦ
1580 1771 1738 1820 αὐτοῦ.
1768 1797 1827 1807 -
1862 1777 1881 1821 1
1925 1774 2060 1829 αὐτὸς

498 1840 643 1903 posui
658 1852 721 1888 ex
746 1837 1019 1897 Herodoto,
1048 1838 1134 1901 qui
1164 1852 1285 1888 usus
1315 1840 1612 1903 pronominis
1640 1841 1870 1904 frequens
1898 1842 1948 1891 in
1965 1841 2063 1893 hoc

499 1922 673 1973 genere
691 1908 1121 1971 epigrammatum;
1142 1908 1280 1957 αὐτὸν
1301 1906 1421 1958 Cod.
1443 1912 1493 1959 et
1511 1909 1622 1959 edd.
1640 1913 1713 1961 De
1736 1911 2062 1965 Leodamante

500 1980 613 2030 vide
637 1983 848 2029 Pausan.
882 1980 963 2041 IX,
992 1986 1039 2041 5,
1067 1979 1161 2043 §7.

562 2121 643 2169 IX.
660 2120 859 2168 Lemma
888 2131 901 2161 2
923 2119 998 2167 ἐπὶ
1022 2118 1143 2180 τόξῳ
1164 2120 1244 2167 καὶ
1260 2120 1456 2183 φαρέτρῃ
1478 2121 1754 2172 ἀνατεθεῖσι.
1783 2125 1871 2173 RS.
1901 2144 1914 2173 ι
1941 2128 2066 2175 Μνα-

503 2192 678 2241 σάλκου
704 2193 766 2246 εἰς
796 2190 1078 2241 Ἀπόλλωνα.
1114 2190 1309 2241 Chardo
1337 2196 1539 2241 annotat
1568 2193 1617 2241 in
1647 2194 1908 2245 Planudeis
1939 2198 2065 2251 Μνη-

500 2260 680 2323 σάρχου
708 2260 823 2309 ferri
838 2298 850 2320 ,
878 2274 975 2310 non
1004 2262 1304 2310 Μνασάλκου.
1342 2293 1401 2303 -
1428 2268 1445 2311 1
1478 2265 1671 2324 φαρέτρη
1709 2266 1797 2313 RS.
1834 2268 1884 2315 et
1911 2280 2068 2316 corre-

502 2335 611 2381 ctor
627 2330 845 2391 Codicis,
872 2332 957 2393 qui
984 2334 1179 2395 φαρέτρα
1201 2346 1231 2381 a
1254 2346 1325 2395 pr.
1358 2348 1446 2392 m..
1483 2338 1539 2383 ut
1568 2336 1699 2383 Plau.
1731 2339 1779 2385 et
1803 2337 1980 2387 suidas
2011 2352 2061 2388 v.

500 2403 757 2465 Ἰοχέαιρα,
774 2405 805 2459 ἦ
822 2406 916 2456 τοῖς
939 2404 1027 2458 ἰοῖς
1046 2404 1295 2464 χαίρουσα.
1312 2430 1376 2440 -
1404 2412 1430 2453 2
1461 2404 1556 2453 τάδ’
1582 2408 1857 2468 ἐκκρέμαται
1882 2410 1969 2456 Rs,
2005 2434 2066 2444 —-

502 2476 550 2521 4.
597 2491 620 2515 «ι
658 2472 905 2521 Iieckerus
936 2484 1185 2535 perperam
1226 2472 1462 2535 jungebat
1498 2476 1652 2535 ἄνδρες
1695 2478 1983 2537 δυσμενέων,
2009 2480 2066 2527 ut

502 2541 681 2591 dicitur
704 2542 857 2600 ἄνδρες
878 2544 1140 2604 Αἰγυπτίων
1157 2555 1244 2604 pro
1264 2544 1523 2604 Αἰγύπτιοι.
1554 2547 1701 2594 Recte
1726 2546 2067 2597 animadvertit

504 2613 564 2659 Ο.
606 2608 955 2669 Schneiderus‚
986 2612 1139 2673 ἄνδρες
1178 2624 1286 2661 esse
1326 2612 1358 2660 i.
1392 2626 1439 2673 q.
1472 2614 1684 2673 πολέμιοι
1722 2614 1857 2677 [sive
1902 2616 2068 2678 potius

502 2682 659 2745 ἄνδρες
685 2680 1017 2743 intelliguntur
1037 2679 1219 2741 hosteS,
1240 2681 1418 2745 quippe
1440 2682 1694 2733 Promachi
1718 2686 1906 2747 sagittis
1931 2686 2015 2735 icti
2029 2685 2064 2749 ],

504 2752 644 2807 ξείνια
664 2752 923 2811 δυσμενέων
960 2753 1126 2799 autem
1164 2763 1251 2811 per
1276 2765 1539 2813 oxymoron
1566 2750 1752 2803 dictum
1780 2768 1904 2813 esse,
1935 2756 2069 2817 quod

502 2834 603 2869 non
632 2820 808 2870 debere
835 2820 999 2869 deleri.
1035 2840 1058 2863 υ
1091 2818 1404 2872 Schneidew.
1440 2822 1713 2872 Brunckius
1732 2838 1932 2888 quoque
1952 2828 2064 2877 δυσ-

506 2893 657 2952 μενέες
684 2890 916 2940 ediderat.
956 2893 1079 2953 Apte
1112 2895 1420 2955 comparatur
1446 2892 1767 2943 Archilochus
1802 2908 1879 2958 ap.
1912 2895 2064 2946 schol-

504 2958 652 3022 Soph.
666 2960 737 3008 El.
754 2965 813 3010 96
836 2972 849 3002 2
871 2959 1013 3015 ξείνια
1032 2961 1303 3022 δυσμενέσιν
1320 2963 1463 3022 λυγρὰ
1484 2965 1793 3026 χαριζόμενος.
1818 2964 2070 3027 Ejusdem-

505 3029 639 3080 modi
664 3031 855 3088 ξεινήιον
882 3029 1039 3093 Ulyssi
1071 3031 1381 3094 promittebat
1403 3033 1637 3096 Cyclops,
1668 3034 1844 3097 odyss.
1874 3037 1916 3097 1,
1946 3041 2005 3088 37
2018 3043 2063 3087 0.

566 3169 623 3215 X.
654 3168 851 3215 Lemma
878 3183 893 3210 ε
922 3167 985 3220 εἰς
1006 3167 1166 3228 βωμὸν
1194 3167 1467 3217 ἀνατεθέντα
1485 3173 1545 3231 τῇ
1570 3167 1735 3233 Ἀθηνᾷ
1756 3173 1882 3235 παρὰ
1901 3174 2062 3224 Σελεῦ·

506 3252 609 3284 κου.
630 3261 694 3272 --
718 3240 759 3284 1.
783 3255 805 3278 κ
828 3235 955 3283 Hinc
986 3234 1161 3285 Suidas
1192 3257 1204 3286 t
1239 3239 1554 3300 φυγοδέμνιος·
1597 3241 1833 3303 παρθένος.
1860 3262 1884 3285 ι»
1906 3245 1969 3292 B,
2007 3270 2068 3280 .—

507 3312 553 3355 2.
585 3305 726 3355 Conf.
758 3309 799 3364 I,
831 3319 908 3368 ep.
935 3313 1013 3364 55,
1032 3313 1080 3355 2.
1112 3311 1235 3357 -4,
1270 3327 1293 3350 οι
1324 3311 1507 3358 Sensus
1535 3321 1632 3358 non
1668 3313 1742 3359 est
1762 3314 2063 3375 perspicuus

506 3380 581 3424 An
620 3374 803 3424 oraculi
830 3375 973 3435 J'ussu
1006 3388 1141 3425 aram
1182 3375 1309 3426 hanc
1338 3379 1645 3427 exstruxerat
1690 3381 1962 3431 Seleucus?
1989 3385 2069 3433 Sic

506 3447 745 3505 Φοιὸείου,
765 3445 899 3508 quod
917 3445 1182 3508 reponebat
1207 3447 1431 3508 Salmas„
1454 3450 1506 3498 et
1526 3450 1833 3512 φθεγξαμένου
1850 3466 2068 3514 poscere-

506 3519 607 3566 tur.
634 3521 710 3565 An
752 3517 986 3566 Seleucus
1024 3516 1127 3579 ipse
1144 3556 1157 3576 ,
1199 3519 1431 3580 Apollinis
1475 3519 1734 3581 antistes,·
1753 3523 2068 3574 oraculorum

506 3587 743 3649 ὑποφήτης
756 3589 894 3635 erat?
908 3587 1035 3634 Tum
1048 3587 1307 3650 legendum
1322 3589 1428 3637 erat
1446 3591 1768 3651 φθεγγόμενος.
1790 3611 1814 3634 υ
1833 3591 2062 3643 Brunclr.

506 3656 653 3714 Quod
678 3670 855 3723 verum
884 3670 993 3706 esse
1038 3661 1202 3708 censet
1234 3659 1509 3719 Heckerus‚
1538 3659 1790 3710 conserens
1826 3663 1975 3726 epigr.
2019 3665 2068 3714 in

506 3731 651 3790 Corp.
678 3731 854 3777 Inscrr.
873 3739 921 3789 p.
962 3731 1095 3786 1212,
1119 3730 1147 3776 4
1172 3747 1185 3776 t
1208 3728 1456 3777 θεσπεσίου
1480 3729 1783 3791 φθεγγόμενος
1810 3733 2067 3795 στόματος,

506 3799 557 3846 et
581 3795 800 3858 Append.
822 3809 898 3859 ep.
920 3803 1028 3854 209,
1057 3801 1085 3847 4
1106 3817 1119 3846 2
1140 3799 1365 3860 γλυκεροῦ
1385 3799 1614 3860 στόματος
1638 3801 1735 3848 ὄπα
1842 3805 1982 3853 ἱεῖσα.
2011 3807 2067 3853 In

506 3865 859 3915 Chardonianis
879 3866 1073 3916 schedis
1099 3866 1161 3917 de
1188 3881 1335 3916 versu
1356 3873 1385 3918 3
1408 3866 1518 3917 haec
1543 3869 1723 3933 scripta
1748 3884 1761 3913 t
1796 3891 1819 3913 «ι
1853 3874 1927 3922 De
1950 3887 2067 3924 voce

504 3943 756 4000 κεραοῠχος
814 3938 971 3986 multa
1022 3938 1241 4002 disputat
1281 3939 1527 4000 ReiskiuS‚
1591 3953 1705 4002 quac
1748 3944 1913 3992 tamen
1969 3957 2067 3993 non

507 4011 623 4058 sunt
642 4007 788 4055 unius
812 4007 949 4056 assis.
981 4010 1053 4057 De
1084 4021 1169 4056 ara
1202 4007 1331 4056 enim
1350 4022 1406 4057 ex
1434 4008 1663 4059 cornibus
1693 4012 1963 4074 composita
1987 4013 2069 4064 hic

504 4089 607 4124 non
626 4074 801 4138 agitur,
820 4075 907 4124 sed
936 4075 997 4124 de
1024 4089 1109 4126 ara
1136 4077 1239 4126 sive
1264 4076 1504 4140 quadrata
1522 4077 1624 4128 sive
1650 4080 1879 4132 cornibus
1900 4082 2070 4134 adum·

508 4145 679 4206 brata,
718 4147 890 4208 quales
916 4146 1387 4198 circumferebantur
1426 4149 1558 4210 olim,
1588 4162 1705 4211 quae
1732 4152 1844 4200 Jovi
1874 4157 2070 4204 Ammo-

506 4216 589 4265 nio
613 4215 788 4265 dicatae
818 4218 1009 4268 fuerant
1024 4253 1039 4277 ,
1066 4219 1310 4269 cornibus
1329 4218 1651 4283 frequentes,
1676 4225 1733 4272 ut
1750 4222 1819 4273 ait
1834 4225 2070 4275 Martialis

506 4288 666 4349 Speet.
704 4291 746 4347 1,
778 4291 823 4337 7.
858 4307 881 4331 2,

569 4418 653 4466 xl.
676 4420 875 4468 Lemma
896 4433 907 4462 ἓ
941 4421 1134 4484 Σατρίου
1164 4423 1295 4485 (sic)
1324 4425 1539 4488 ἀνάθημα
1558 4431 1624 4488 τῷ
1647 4431 1767 4478 Πανὶ
1786 4431 1913 4494 παρὰ
1930 4437 2068 4496 τριῶν

507 4485 713 4546 ἀδελφῶν
742 4489 992 4549 θηρευτῶν.
1032 4491 1162 4538 Plan.
1198 4495 1442 4556 Σατυρίου.
1474 4521 1535 4530 —-
1564 4502 1590 4544 2
1609 4497 1759 4560 πίγρις
1782 4499 1960 4562 Codex,
1983 4513 2065 4551 ea-

508 4554 621 4603 dem
646 4569 794 4604 manu
821 4555 871 4604 in
888 4559 1051 4619 πίγρης
1074 4563 1346 4622 mutatum,
1375 4567 1477 4614 tam
1505 4563 1587 4614 hic
1612 4579 1759 4628 quam
1785 4567 1835 4617 in
1868 4583 2071 4633 sequen-

509 4623 643 4674 tibus
687 4626 858 4688 epigrr.
897 4647 921 4670 α
944 4631 1120 4691 Νεφέλη
1160 4635 1235 4682 est
1261 4637 1365 4683 rete
1403 4636 1664 4697 quoddam.
1714 4640 1855 4688 conf.
1896 4642 1960 4691 ad
1987 4656 2066 4706 ep.

515 4697 619 4753 109,
650 4697 701 4743 et
720 4695 847 4744 adde
884 4698 1125 4761 Aristoph.
1153 4706 1242 4750 Av.
1266 4708 1351 4753 194
1380 4719 1496 4754 cum
1513 4705 1665 4756 schol.
1696 4711 1746 4758 et
1770 4711 1924 4774 Bergl.
1954 4731 1978 4756 »
2003 4716 2065 4763 B.
2109 4755 2115 4792 Ι

512 4789 573 4800 —
589 4769 618 4814 3
635 4767 734 4829 ὃεχὶ
752 4773 899 4824 τῶνας
918 4769 1037 4818 Cod.
1061 4773 1219 4820 Χιτὼν
1235 4773 1297 4822 de
1317 4775 1505 4825 retibus
1532 4777 1629 4826 dici
1649 4780 1882 4842 exemplis
1899 4781 2072 4833 docuit

510 4835 754 4898 Toupius‚
784 4842 840 4887 ut
872 4838 1068 4890 Achillis
1094 4843 1220 4893 Tatii
1250 4858 1260 4885 =
1291 4847 1441 4908 ὀλίγος
1469 4849 1519 4896 δέ
1550 4849 1597 4909 μ’
1616 4851 1836 4911 ἧγρευσεν
1866 4854 2070 4918 ἀράχνης

514 4907 677 4967 χιτών.
714 4933 780 4942 -
814 4912 843 4956 4
886 4911 1097 4971 ἐργατίην
1128 4913 1289 4962 Codex
1308 4953 1320 4974 ‚
1352 4915 1481 4964 unde
1510 4918 1645 4966 Plan.
1678 4919 1793 4970 serit
1822 4923 2067 4984 ἐργασίην,

1622 166 2130 228 ANTHOLOGIAE
2177 166 2579 227 PALATINAE

2143 299 2371 362 ἐργατίνῃ,
2396 319 2420 344 «ι
2445 298 2583 360 Pani,
2609 299 2695 362 qui
2713 300 2813 349 tres
2829 298 3096 349 venationis
3114 300 3278 362 partes
3303 297 3452 348 simul
3481 300 3710 355 exercet,

2146 375 2194 421 et
2225 371 2380 421 totius
2404 372 2524 421 artis
2549 384 2730 435 auspex
2757 374 2849 421 est.
2881 370 3112 420 Similiter
3139 371 3374 433 ἐργατίνης
3403 372 3464 430 V,
3489 384 3568 432 ep.
3597 374 3717 427 275,

2150 449 2238 501 12·,
2264 442 2440 505 ἐργάτις
2468 444 2530 501 V,
2563 455 2640 505 ep.
2664 449 2772 502 206,
2801 448 2856 501 2;
2885 444 2967 501 ΙΧ,
2995 454 3074 504 ep.
3103 448 3182 499 26,
3215 446 3261 491 8.
3287 462 3310 484 ¹·
3340 466 3402 477 —
3436 448 3464 491 5
3493 440 3720 501 ἀδελφοῦ

2149 510 2288 569 Cod.;
2331 510 2581 569 ἀδελφειοῖς
2625 511 2760 559 Plan.
2791 530 2814 552 ε(
2865 508 2963 558 Sed
3004 508 3274 559 videndum
3317 523 3380 558 an
3405 522 3505 558 non
3529 508 3722 557 vocula

2146 580 2374 643 quaedam
2393 580 2656 639 exciderit,
2683 594 2782 643 qua
2805 580 3058 629 sententiae
3075 580 3422 643 jungebantur,
3443 592 3558 641 quae
3591 578 3719 627 mihi

2147 663 2278 700 nunc
2305 649 2608 712 aliquantum
2633 649 2766 699 hiare
2785 650 3028 699 videntur.
3057 652 3280 699 Fortasse
3307 650 3516 711 ἀδελφοῖς
3533 684 3548 705 .
3575 648 3718 701 Πὰν,

2147 722 2403 770 ἐπίνευσον.
2442 740 2468 764 2»
2497 720 2711 771 Becker.
2744 747 2805 757 —-
2838 726 2884 769 6.
2927 740 2954 763 «ι
2989 720 3112 770 Hinc
3154 720 3329 769 Suidas
3360 741 3372 769 ι
3411 722 3634 781 νέποδες,
3675 722 3720 767 οἱ

2149 792 2319 855 ἰχθύες.
2351 810 2377 835 ²2
2411 792 2572 841 Boiss.

2209 929 2317 977 XII.
2347 930 2550 978 Lemma
2581 928 2790 977 alterum
2816 947 2829 975 ε
2863 930 2927 983 εἰς
2947 928 3026 976 τὸν
3048 928 3188 976 αὐτὸν
3221 926 3450 984 ἇντίζεσις
3487 926 3588 987 (de
3617 940 3722 989 quo

2147 1011 2198 1048 v.
2219 998 2517 1062 ingeniosam
2535 1000 2864 1061 conjecturam
2889 1000 2945 1046 L.
2979 996 3215 1046 Dindorfii
3241 998 3291 1046 in
3317 998 3462 1047 Thes.
3497 1012 3545 1047 v,
3577 997 3726 1049 Ἀντί-

2151 1070 2294 1131 ξεσις,
2323 1070 2458 1133 quod
2483 1084 2546 1119 ex
2585 1083 2748 1133 apogr.
2783 1067 3007 1117 Gothano
3037 1068 3306 1131 edebatur)
3329 1069 3584 1119 Ἰουλιανοῢ
3621 1071 3726 1117 ἀπὸ

2149 1141 2372 1205 ὑπάρχων
2403 1141 2677 1203 Αἰγυπτίου.
2719 1166 2780 1177 —
2813 1144 2855 1189 1.
2895 1160 2920 1184 α
2951 1139 3075 1189 Hinc
3101 1140 3276 1190 Suidas
3307 1162 3318 1189 :
3355 1142 3552 1197 γνωτὸς·
3587 1143 3726 1189 ἀδελ·

2150 1212 2246 1273 φός.
2279 1230 2304 1253 ²»
2333 1212 2396 1260 B.

2212 1349 2337 1397 XIII.
2368 1349 2568 1396 Lemma
2599 1366 2611 1395 ι
2655 1348 2719 1403 εἰς
2753 1348 2832 1397 τὸν
2860 1347 3017 1396 αὐτόν.
3063 1350 3124 1398 Et
3145 1348 3196 1398 in
3235 1361 3364 1397 nova
3387 1348 3568 1411 pagina
3603 1368 3617 1397 ε
3649 1354 3720 1409 τῷ

2153 1418 2270 1467 Πανὶ
2296 1418 2422 1479 παρὰ
2454 1422 2593 1479 τριῶν
2630 1418 2796 1466 ἁλιέων
2821 1418 3046 1480 ἀδελφῶν.
3065 1444 3126 1455 —-
3163 1424 3180 1467 1
3215 1419 3275 1467 τὰ
3300 1418 3536 1468 interlin.
3566 1418 3724 1467 habet

2151 1486 2272 1536 cod.
2306 1506 2330 1530 «ι
2361 1488 2487 1537 Hinc
2509 1488 2686 1539 Suidas
2705 1502 2719 1531 ἓ
2741 1490 2962 1551 ὅμαιμος·
2987 1489 3194 1552 ἀδελφός.
3211 1498 3336 1540 -2.
3358 1490 3483 1539 Hinc
3503 1502 3690 1539 rursus
3707 1504 3722 1535 ι

2153 1556 2377 1619 ἅγρεσία,
2397 1560 2428 1615 ἡ
2450 1557 2584 1620 ἄγρα.
2617 1580 2641 1601 ²»
2670 1561 2732 1609 B.
2776 1586 2836 1595 -
2859 1564 2888 1609 3
2915 1566 3102 1608 Πανῶν
3139 1560 3283 1621 Cod„
3321 1560 3536 1610 &Iterum
3575 1560 3724 1610 Plan.

2152 1629 2298 1691 Δάμις
2331 1627 2474 1689 cod„
2501 1633 2772 1679 correctore
2789 1630 2820 1677 ἀ.
2845 1632 3126 1679 constanter
3151 1629 3204 1679 in
3238 1635 3271 1679 ᾶ
3295 1634 3537 1681 mutante.

2213 1768 2338 1816 xlv.
2359 1768 2560 1815 Lemma
2587 1786 2600 1815 ε
2631 1767 2693 1823 εἷς
2711 1766 2766 1815 τὸ
2791 1767 2923 1817 αὐτὸ.
2955 1793 3016 1803 —-
3046 1773 3088 1817 1.
3119 1787 3142 1809 α
3163 1767 3288 1816 Hinc
3318 1766 3530 1817 suidas:
3561 1768 3726 1817 αὖθι-ιι·

2153 1854 2250 1897 μοι,
2290 1840 2333 1885 οἱ
2358 1837 2559 1900 ἀδελφοί.
2587 1839 2646 1887 Et
2669 1838 2856 1897 ἄρμενα·
2883 1839 3110 1901 ἁρμόδια,
3149 1838 3400 1895 ἐπιτήδεια.
3423 1862 3490 1875 -—
3509 1844 3556 1888 2.
3593 1838 3728 1887 Hinc

2149 1906 2314 1955 idem:
2346 1907 2639 1971 ὀρειονὸμων·
2665 1912 2758 1956 τῶν
2778 1910 2824 1957 ἐν
2843 1911 2970 1971 ὄρεσι
2999 1910 3330 1969 διαιτωμένων.
3361 1928 3386 1951 ιο
3407 1911 3470 1957 Β.
3491 1935 3560 1945 -
3587 1914 3620 1959 3
3637 1912 3724 1957 τὰν

2153 1979 2310 2038 (teste
2337 1977 2547 2037 Paulss.,
2579 1990 2676 2027 non
2701 1980 2826 2039 τῶν)
2857 1981 2907 2028 δὲ
2938 1983 3151 2035 πετηνῶν
3189 1978 3332 2037 cod„
3377 1996 3410 2027 α
3435 1979 3600 2040 posito
3637 1993 3724 2028 su-

2151 2061 2239 2111 per
2262 2065 2308 2106 η.
2337 2049 2471 2097 Plan.
2501 2052 2597 2096 τῶν
2641 2049 2690 2097 δὲ
2727 2054 2965 2098 πετεινῶν.
2995 2048 3154 2097 Etiam
3194 2048 3358 2098 Suidae
3396 2048 3510 2098 libri
3543 2049 3720 2112 optimi

2151 2119 2284 2167 τάνδε
2301 2124 2508 2173 πετηνῶν
2523 2156 2537 2179 ,
2553 2118 2603 2167 In
2627 2122 2910 2181 Δεραιοπὲδη
2930 2158 2943 2179 ,
2963 2120 3018 2169 τὸ
3037 2120 3260 2175 ἱξευτικὸν
3283 2120 3425 2169 λίνον.
3453 2122 3628 2177 Quare
3651 2133 3728 2167 re·

2153 2188 2260 2252 cepi
2285 2189 2421 2253 quod
2446 2188 2701 2239 Jacobsius
2741 2192 2898 2240 suasit
2929 2191 2980 2239 in
3020 2189 3269 2239 AddendIs
3308 2203 3358 2253 p.
3389 2192 3638 2239 XXXVIII
3663 2193 3716 2239 et

2154 2258 2314 2308 solum
2331 2257 2480 2308 habet
2504 2260 2860 2310 auctoritatem.
2893 2286 2956 2297 ·—
2983 2265 3014 2310 4
3049 2266 3133 2309 τᾶν
3165 2262 3214 2309 δὲ
3243 2262 3541 2323 δεραιοπὲδην
3571 2260 3722 2315 Θαὶς

2154 2332 2289 2389 τήνδε
2317 2332 2614 2395 δεραιοπέδην
2641 2332 2842 2383 Plau.—
2861 2340 2889 2384 5
2909 2334 3069 2395 λίμνης
3103 2332 3223 2381 Cod.
3253 2336 3304 2383 et
3330 2333 3490 2393 Plan„
3520 2331 3614 2382 sed
3640 2332 3724 2380 ille

2155 2401 2460 2465 superposito
2478 2418 2526 2451 α.

2215 2542 2319 2589 XV.
2349 2541 2551 2589 Lemma
2591 2560 2604 2588 ι
2639 2542 2702 2597 εἷς
2739 2542 2794 2590 τὸ
2829 2542 2944 2591 αὐτὸ
2978 2546 3064 2591 τοῦ
3103 2542 3274 2602 αὐτοῦ,
3307 2544 3352 2591 οἱ
3389 2542 3438 2590 δὲ
3471 2542 3722 2603 Decium.

2159 2629 2182 2652 α
2215 2610 2347 2659 Plan.
2377 2614 2585 2659 Zosimo
2615 2610 2706 2659 soli
2721 2610 2907 2661 tribuit.
2929 2606 3086 2672 Cujus
3109 2624 3218 2659 esse
3240 2610 3500 2660 verisimile
3527 2610 3720 2659 videbi-

2155 2683 2238 2730 tur
2264 2680 2441 2729 Zosimi
2469 2681 2814 2745 epigrammata
2849 2680 3245 2743 comparantibus
3263 2716 3276 2739 ,
3318 2680 3446 2729 inter
3473 2690 3591 2742 quae
3619 2684 3726 2730 tres

2156 2754 2272 2800 sunt
2300 2750 2349 2799 in
2376 2750 2546 2801 eodem
2575 2756 2858 2815 argumento
2898 2752 3055 2801 lusus.
3091 2771 3115 2793 ν
3153 2753 3268 2801 Jac.
3299 2777 3360 2788 —
3385 2758 3414 2801 2
3441 2750 3523 2800 ὕπ’
3546 2752 3724 2813 ἠερίων

2157 2821 2298 2884 Cod.;
2328 2822 2407 2871 ὑπ’
2432 2822 2530 2886 ἠερ.
2559 2822 2698 2872 Plan.
2726 2826 2904 2887 praeter
2929 2822 3009 2873 ed.
3036 2822 3202 2886 steph.
3228 2822 3486 2873 Jacobsius
3515 2836 3528 2866 ε
3571 2844 3596 2867 κ
3622 2826 3720 2875 Re-

2158 2892 2287 2942 ctius
2315 2891 2521 2942 sortasse
2542 2892 2624 2944 ἀπ’
2647 2893 2832 2957 ἠερίων,
2852 2895 2910 2944 ut
2933 2907 3010 2957 ep.
3038 2898 3111 2954 12,
3133 2897 3188 2943 13
3213 2896 3263 2944 et
3285 2897 3356 2944 17.
3379 2913 3406 2938 ι
3421 2894 3569 2952 Quod
3593 2893 3721 2944 bene

2156 2963 2310 3013 Boiss.
2338 2963 2535 3026 recepit.

2218 3101 2346 3150 xv1.
2373 3102 2604 3149 Lemma:
2636 3099 2700 3156 εἰς
2727 3101 2781 3149 τὸ
2801 3101 2914 3151 αὐτὸ
2947 3101 3148 3166 Ἀρχίου·
3183 3106 3252 3164 τῷ
3277 3103 3399 3152 Πανὶ
3423 3102 3552 3164 παρὰ
3577 3109 3724 3165 τριῶν

2157 3169 2362 3232 ἀδελφῶν
2403 3173 2587 3220 ἁλιέων.
2629 3167 2843 3222 Additur
2873 3193 2885 3223 ι
2921 3173 3041 3232 ζήτει
3070 3174 3129 3222 τὰ
3163 3173 3306 3235 ὅμοιοι
3339 3175 3517 3222 τούτων
3563 3175 3632 3229 εἶς
3668 3177 3724 3223 τὸ

2157 3244 2230 3302 ρπ’
2269 3243 2411 3304 ψηφὶν
2437 3240 2662 3303 (ψηφίον)
2700 3243 2771 3290 ὅτι
2813 3243 2908 3292 ἐκεῖ
2935 3243 2954 3306 (
2964 3243 3186 3305 sequitur
3212 3242 3333 3306 sigla
3361 3243 3532 3293 Similis
3561 3243 3724 3293 liter-‘n

2155 3307 2432 3373 zgothicae3
2461 3311 2614 3360 Boiss.
2643 3313 2802 3361 ἐκεῖθι.
2833 3318 3008 3376 Apogr.
3043 3317 3150 3363 Par.
3182 3312 3370 3374 ἐκεῖνα)
3399 3313 3572 3376 ἐγράφη
3605 3317 3718 3376 (vel

2157 3381 2418 3443 ἐγράφησαν
2431 3382 2468 3443 )·
2489 3383 2604 3431 εἰσὶν
2628 3383 2676 3432 δὲ
2691 3386 2770 3431 τὸν
2787 3383 2978 3446 ἀριθμὸν
2997 3385 3036 3433 θ’
3051 3397 3064 3410 ·
3087 3385 3211 3448 ἁρχὴ
3231 3385 3278 3432 δὲ
3297 3385 3464 3441 οὕτως·

2279 3517 2510 3583 Ἀγραύλῳ
2527 3519 2636 3569 τάδε
2653 3521 2775 3570 Πανὶ
2797 3522 3014 3586 βιαρκέος
3035 3522 3172 3578 ἄλλος
3192 3522 3276 3572 ἀπ’
3301 3523 3465 3582 ἄλλης.

2155 3653 2437 3703 Remittitur
2452 3654 2605 3704 lector
2621 3656 2686 3706 ad
2698 3655 3046 3720 epigrammata
3071 3663 3159 3710 179
3177 3661 3230 3710 et
3246 3673 3381 3724 seqq.
3401 3685 3463 3696 —
3485 3665 3527 3710 1.
3551 3681 3576 3702 «ι
3597 3660 3724 3709 Hinc

2155 3725 2334 3775 Suidas
2362 3749 2372 3775 :
2395 3731 2671 3786 σκοπιήτης·
2690 3729 3005 3785 κατάσκοπος.
3045 3749 3069 3774 ιι
3099 3734 3162 3781 B.
3187 3759 3252 3768 —
3287 3739 3316 3782 2
3351 3737 3544 3794 τρισσᾱς
3573 3733 3722 3788 cod..

2157 3796 2244 3846 sed
2269 3799 2577 3856 λινοστασίης.
2607 3823 2670 3835 ·-
2695 3804 2725 3850 3
2749 3805 2967 3848 πετεινῶν
3000 3801 3134 3850 Plan.

2217 3943 2374 3992 xvu.
2393 3945 2591 3994 Lemma
2627 3965 2639 3994 :
2659 3945 2874 4009 ἀνάθημα
2900 3953 2958 4010 τῇ
2981 3947 3216 4011 Ἀφροδίτῃ
3239 3948 3365 4010 παρὰ
3389 3953 3528 4012 τριῶν
3551 3965 3716 4005 γυναι-

2156 4017 2252 4062 κῶν
2286 4020 2483 4077 πορνῶν.
2530 4035 2554 4058 α
2603 4017 2738 4066 salse
2768 4017 2890 4066 mihi
2924 4017 3246 4082 perstringere
3271 4019 3492 4069 voluisse
3519 4019 3720 4069 videtur

2155 4081 2401 4132 Lucianus
2425 4085 2501 4133 tot
2523 4088 2777 4147 poetarum
2797 4085 2938 4136 lusus
2960 4086 3011 4135 iu
3035 4090 3138 4136 tres
3153 4088 3327 4137 fratres
3343 4125 3356 4146 ,
3382 4088 3468 4149 qui
3485 4089 3722 4136 continua

2157 4153 2282 4203 serie
2299 4191 2312 4214 ,
2343 4155 2384 4204 si
2406 4155 2517 4217 quis
2544 4170 2629 4206 eos
2655 4157 2706 4206 in
2733 4156 2976 4206 Planudea
3005 4159 3163 4222 legere
3193 4157 3552 4222 aggrederetur,
3593 4171 3720 4206 nau·

2157 4236 2290 4273 seam
2321 4225 2462 4276 facile
2488 4229 2758 4277 moverent.
2789 4247 2814 4271 a»
2852 4228 3077 4277 Brunck.
3113 4258 3175 4270 —
3203 4237 3230 4278 2
3259 4228 3360 4276 <DN
3381 4228 3412 4288 ἦ
3449 4228 3564 4285 ἄλλη
3595 4227 3716 4275 cod.

2155 4321 2219 4332 —
2245 4299 2274 4346 3
2291 4297 2440 4358 εὐορῶ
2463 4296 2584 4346 eod.
2608 4323 2673 4334 —
2699 4301 2748 4348 4.
2777 4317 2801 4340 κ
2831 4298 3096 4362 Οὐρανίων,
3125 4298 3188 4348 ab
3211 4299 3398 4361 οὐρανὸς
3413 4335 3429 4360 ,
3448 4297 3718 4360 palatum.

2156 4365 2280 4416 vide
2305 4367 2370 4416 ad
2388 4370 2449 4429 V,
2477 4379 2552 4431 ep.
2582 4374 2684 4419 105.
2718 4389 2743 4413 ν
2772 4370 2838 4418 Β.

2218 4505 2398 4556 xvm.
2432 4509 2634 4558 Lemma
2681 4530 2694 4558 :
2723 4511 2800 4560 ἐπὶ
2846 4511 3094 4574 κατόπτρῳ
3146 4511 3322 4568 Λαΐδος
3363 4511 3625 4561 ἀνατεθέντι
3667 4519 3724 4570 τῇ

2162 4579 2411 4640 Ἀφροδίτῃ.
2441 4581 2502 4628 Et
2529 4580 2707 4629 iterum
2735 4585 2881 4637 ιΛαῒς
2901 4582 3122 4631 ἀναθεῖσα
3139 4583 3192 4631 τὸ
3215 4581 3476 4647 πάτοπτρον
3491 4589 3548 4644 τῇ
3570 4586 3724 4646 Ἀφρο-

2158 4646 2275 4706 δίτῃ.
2311 4647 2451 4708 (Vide
2473 4649 2537 4699 ad
2565 4665 2641 4714 ep.
2673 4665 2772 4714 seq.
2796 4653 2813 4713 )
2851 4654 2957 4701 Hoc
2983 4653 3036 4702 et
3061 4652 3162 4702 duo
3195 4653 3450 4715 sequeutia
3478 4653 3721 4717 epigram-

2157 4720 2291 4766 mata
2315 4731 2542 4780 expressa
2567 4734 2624 4770 ex
2651 4721 2900 4772 Platonico
2929 4735 3078 4785 supra
3111 4727 3154 4772 1.
3175 4752 3236 4764 -
3268 4730 3297 4773 2
3325 4725 3552 4786 γηραλέην
3579 4725 3721 4774 Plan.

2159 4809 2222 4820 —
2244 4791 2270 4834 3
2311 4787 2392 4836 ἀπ’
2421 4789 2669 4850 §naeinam
2696 4791 2837 4852 cod„
2863 4792 3074 4842 alterum
3101 4793 3237 4842 Plan.
3273 4819 3336 4830 -—
3367 4801 3413 4845 6.
3461 4813 3487 4837 α
3517 4795 3722 4854 Δίσκος,

2159 4857 2449 4920 speculum,
2472 4873 2501 4908 a
2529 4861 2684 4910 sonna
2702 4862 2927 4912 rotunda.
2949 4865 3121 4913 Venus
3136 4863 3243 4926 ipsa
3257 4865 3458 4928 speculo
3483 4865 3558 4914 uti
3584 4869 3726 4928 puta·

2160 4925 2320 4976 batur.
2371 4929 2594 4992 Primus,
2625 4935 2680 4981 ut
2716 4933 2930 4996 videtur,
2959 4935 3222 4997 Sophocles
3263 4938 3310 4986 ὲν
3337 4937 3487 4998 Κρησὶ
3512 4941 3584 4998 τῷ
3614 4937 3722 4998 δρά-

512 4975 650 5037 quod
678 4975 741 5027 de
768 4977 1091 5032 instrumento
1116 4981 1297 5034 laboris
1316 4999 1410 5034 non
1430 4985 1607 5038 dicitur
1628 5007 1641 5050 ς
1660 4993 1792 5040 recte
1820 4993 2071 5044 Heckerus
2108 5007 2114 5028 ¹
2162 5015 2268 5061 ματι
2291 4998 2417 5061 [imo
2445 5003 2604 5064 Κρίσει
2619 5040 2634 5066 ,
2655 5003 2872 5054 dramate
2887 5005 3143 5070 satyrico),
3163 5008 3254 5066 τήν
3271 5009 3722 5072 Ἆφροόίτην...μύ.ῡῳ
