3829 5747
433 263 552 323 484

498 392 684 440 Dxxx.
708 392 906 440 Lemma
940 402 950 429 τ
981 388 1044 443 εἷς
1063 385 1233 443 Nucem
1259 385 1337 433 καὶ
1367 384 1471 439 τοὺς
1491 382 1631 441 αὐτῆς
1659 383 1848 438 παῖνῖας.
1877 380 1992 429 Ma·

433 465 511 511 ter
537 459 828 511 Charontem
846 455 1126 520 alloquitur.
1154 481 1215 490 -
1231 460 1276 502 2.
1303 453 1476 510 Δάλον,
1504 464 1615 514 quae
1634 449 1872 515 exhibuit
1897 449 1991 499 lm-

435 543 597 595 9uam
625 530 884 581 scelerata
909 528 1232 591 paternam,
1260 522 1404 573 ovid.
1436 524 1635 572 Metam.
1659 523 1748 581 vl,
1769 525 1878 579 213,
1904 519 1991 583 qui

435 599 607 651 multis
621 601 800 649 narrat.
830 596 968 645 cons.
993 608 1070 658 ep.
1101 597 1210 653 549,
1240 598 1285 642 3.
1312 592 1495 642 Deinde
1523 590 1802 645 Τανταλίδος
1829 590 1989 645 Plau.;

437 685 610 723 verum
637 672 688 721 et
709 669 771 719 ad
808 666 1098 717 sententiam
1127 664 1309 713 rectius
1340 666 1390 712 et
1421 665 1564 725 poeta
1596 660 1798 724 dignum
1831 660 1991 723 φόρτος

437 742 739 799 Τανταλὶδης.

498 872 719 923 DxxxL
747 873 948 920 Lemma
983 888 995 916 z
1016 868 1308 929 Ἀντιπάτρου
1334 864 1711 919 Θεσσαλονικέως
1735 863 1798 918 εἰς
1826 863 1993 924 Δαμά-

438 959 562 1005 τριον
587 944 668 991 τὸν
697 942 922 1000 Λάκωνα,
953 939 1006 989 ὃν
1032 940 1062 996 ἡ
1094 938 1242 1001 μήτηρ
1270 940 1332 991 ὡς
1357 934 1675 998 φυγοπόλεμον
1699 934 1981 992 ἀπέσφαξεν.

447 1030 470 1054 κ
493 1010 860 1061 conserendum
884 1022 966 1072 ep.
1004 1011 1095 1058 433
1113 1043 1126 1067 ,
1155 1005 1240 1055 ubl
1265 1004 1440 1054 similia
1457 1003 1613 1066 plura.
1641 1021 1666 1044 ι»
1696 1004 1758 1051 Β.
1778 1003 1995 1063 Tymnen

440 1082 662 1131 imitatus
691 1084 769 1131 est
810 1080 1078 1143 Antipater.
1110 1106 1167 1113 —
1212 1082 1254 1127 1.
1290 1077 1566 1138 Τρὲσσαντι,
1595 1072 1708 1123 vide
1743 1073 1806 1123 ad
1833 1072 1993 1135 Ery-cii

439 1166 516 1217 ep.
548 1157 656 1212 230,
691 1156 734 1209 1,
771 1150 905 1214 quod
933 1153 984 1200 et
1027 1149 1190 1212 ipsum
1217 1144 1618 1209 comparandum.
1658 1170 1721 1180 —-
1757 1152 1784 1193 2
1820 1146 1993 1193 κοίλων

441 1221 616 1273 suidas
643 1234 692 1269 v.
717 1220 881 1282 Ἀρηςς
907 1220 1067 1268 κοίλαν
1082 1218 1204 1267 cod.
1233 1237 1254 1258 α
1279 1216 1402 1265 Hinc
1424 1214 1604 1264 Suidas
1636 1234 1647 1262 :
1669 1216 1797 1275 ἀρης·
1819 1214 1989 1277 κυρίως

441 1296 469 1343 ὁ
497 1294 698 1357 σίδηρος.
739 1290 875 1341 Idem
907 1303 969 1339 ex
1001 1302 1144 1338 versu
1171 1292 1198 1337 4
1236 1301 1249 1329 ·-
1279 1288 1465 1349 φύρδην·
1507 1286 1880 1347 συγκεχυμένως.
1926 1286 1998 1332 Ex

439 1378 491 1413 v.
516 1371 544 1414 5
576 1377 589 1406 ²
631 1363 841 1426 ἀρριόεν·
871 1362 1092 1424 ἀφρῶδες.
1127 1362 1187 1408 Et
1224 1357 1483 1413 ῑκὸναὸος·
1518 1358 1683 1419 ψόφος,
1733 1355 1864 1415 ἦχος,
1903 1352 1997 1403 boc

440 1447 591 1484 versu
613 1436 774 1483 utens.
809 1435 882 1482 Ex
903 1446 952 1481 v,
985 1439 1014 1481 ὓ
1044 1445 1056 1473 =
1086 1430 1212 1486 λοξά·
1245 1428 1412 1477 σκολιὰ
1429 1463 1443 1486 ,
1470 1427 1718 1487 καμπύλα,
1744 1424 1829 1473 οὐκ
1847 1425 1892 1479 ἐξ
1920 1424 1999 1472 εὑ·

442 1504 564 1560 θείας
591 1503 826 1566 γινόμενα,
852 1502 982 1551 hunc
1000 1512 1194 1563 quoque
1215 1511 1414 1547 versum
1436 1496 1657 1546 recitans.
1675 1521 1736 1530 —
1756 1499 1802 1545 3.
1831 1494 1998 1554 Μάτηρ

443 1572 478 1621 ἅ
499 1571 547 1621 α’
581 1574 751 1621 ἔτεκεν.
790 1571 1105 1622 pleonasmus
1135 1567 1360 1629 quidem,
1386 1565 1473 1615 sed
1500 1579 1597 1614 non
1625 1564 1728 1614 sine
1761 1564 1830 1611 vi.
1857 1565 1998 1624 Saepe

444 1656 505 1693 eo
539 1643 618 1692 usi
649 1645 766 1693 sunt
794 1640 979 1706 tragici.
1021 1638 1282 1700 AEscliylus
1319 1642 1507 1686 Arrnor.
1532 1636 1640 1699 Jud.
1673 1638 1732 1685 sr.
1769 1642 1784 1684 1
1823 1655 1835 1684 :
1882 1634 1998 1683 Ἀλλ·

443 1715 721 1771 Ἆντικλείας
751 1714 902 1763 ἆσσον
935 1712 1043 1771 ἦλθε
1069 1712 1292 1769 Σίσυφος,
1322 1714 1403 1765 τῆς
1425 1714 1510 1767 σῆς
1544 1711 1668 1769 λέγω
1685 1724 1756 1756 τοι
1782 1707 1949 1769 μητρὸς
1967 1706 1998 1761 ἥ

445 1786 490 1838 c*
514 1787 735 1849 ἐγείνατο.
762 1784 836 1835 Ibi
849 1782 1024 1833 similia
1037 1778 1256 1843 adposui.
1289 1798 1312 1821 υ
1327 1781 1388 1827 Β.
1413 1778 2001 1841 -5trt26p1520ueawes-

444 1856 608 1919 seling.
637 1868 692 1905 ex
727 1856 911 1916 Tymne
936 1866 983 1901 ν.
1013 1855 1061 1911 4,
1103 1850 1301 1898 frustra.
1335 1873 1394 1882 --
1423 1856 1469 1897 ο.
1501 1867 1524 1890 «
1561 1851 1654 1896 Pro
1676 1848 1756 1896 οἶα
1785 1846 1999 1895 Λάκαινα

443 1926 690 1975 Kusterus
718 1920 970 1985 proposuit
989 1920 1068 1969 οῑα
1086 1922 1262 1978 λέαινα,
1283 1917 1522 1980 probante
1535 1914 1821 1966 Ruhnkenio
1843 1914 1996 1977 Epist.

445 1994 552 2045 crit.
582 2006 629 2056 p.
665 1999 740 2043 69.
765 1990 1032 2041 Salmasius
1065 1990 1143 2037 οῑα
1162 1990 1374 2036 λύκαινα.
1399 1986 1494 2036 Sed
1513 1988 1669 2036 multo
1687 1985 1900 2035 vividius
1924 1986 2000 2034 est

445 2064 524 2113 οἶα
546 2062 790 2121 Λάκαινα,
811 2064 870 2110 ut
899 2064 977 2110 est
992 2063 1044 2110 et
1066 2059 1114 2108 in
1144 2072 1219 2122 ep.
1249 2061 1358 2107 433.
1393 2078 1415 2099 ν
1447 2059 1507 2107 B.
1539 2056 1777 2121 copulam
1801 2054 1998 2106 deside-

442 2146 558 2183 rans
591 2131 799 2182 Bothius
833 2131 1002 2181 scribit
1027 2132 1178 2187 λοξαίς
1203 2130 1260 2177 θ’.
1291 2154 1354 2164 --
1387 2132 1416 2177 8
1453 2129 1623 2176 τελέθει
1657 2126 1800 2186 cod,
1824 2138 1995 2188 super-

446 2204 626 2267 scripto
644 2220 675 2252 σ
693 2202 744 2251 in
769 2202 891 2262 fine3
917 2202 1062 2262 φυγὴν
1083 2203 1241 2260 (unus
1259 2198 1367 2247 cod.
1395 2198 1582 2261 φυγεῖν)
1609 2200 1802 2246 τελέθειν
1826 2194 2001 2246 suidas

443 2274 496 2323 in
527 2274 741 2338 Εὐρώτας
755 2307 766 2326 ,
791 2272 874 2321 ιι1)1
899 2269 1146 2321 distichon
1168 2270 1319 2319 affert
1340 2269 1562 2331 neglecto
1581 2266 1811 2317 dorismo.

507 2412 743 2461 Dxxxn.
784 2413 982 2460 Lemma
1011 2429 1023 2458 ι
1055 2411 1118 2465 εἰς
1155 2408 1396 2458 Ἐτεοκλέα
1428 2408 1646 2467 ναυηγὸν,
1689 2408 1734 2455 ἐν
1775 2412 1844 2468 τῷ
1874 2410 1994 2468 Τυρ-

443 2488 620 2545 ρηνικῷ
655 2480 804 2543 (cod.
849 2483 1072 2545 τυριννιξ)
1118 2480 1306 2542 πελάγει
1347 2479 1690 2540 ναυαγήσαντα.
1734 2498 1758 2521 ιι
1793 2477 1997 2539 Elegans

443 2552 743 2615 epigramma
781 2553 832 2601 et
871 2550 1036 2602 nativa
1077 2553 1333 2601 venustate
1367 2548 1764 2598 commendabile.
1796 2554 1903 2596 —1
1948 2548 2002 2595 ἐκ

447 2624 730 2685 γαιωμορίης
757 2622 890 2671 Plan.
915 2621 1108 2676 Πόντιος
1133 2620 1288 2679 ἐλπίς,
1307 2632 1420 2682 spes
1447 2617 1568 2667 lucri
1588 2630 1616 2667 e
1641 2618 1763 2667 mari
1783 2615 1999 2679 petendi.

449 2720 511 2729 —
525 2700 571 2743 2.
590 2692 793 2751 Ὀθνείης
806 2727 821 2750 ,
841 2706 870 2742 a
886 2690 1044 2755 prior-e
1063 2690 1164 2739 vita
1181 2688 1486 2739 abhorrentis
1505 2688 1697 2752 negotii.
1724 2708 1747 2731 ι»
1767 2690 1882 2737 Jac.
1905 2686 2005 2744 Qui

449 2767 564 2813 ante
595 2762 658 2813 dc
687 2763 1054 2827 peregrinarum
1073 2760 1312 2811 mercium
1337 2758 1772 2823 permutandarum
1795 2760 1847 2807 et
1867 2770 2004 2807 com-

449 2832 774 2898 parandarum
813 2832 976 2883 studio
1013 2831 1327 2882 intellexerat.
1364 2829 1520 2880 Aliam
1550 2827 1919 2892 explicationem
1956 2826 2005 2876 in

455 2904 619 2955 latinis
643 2903 802 2968 posui.
847 2929 909 2940 -
946 2908 975 2953 3
1013 2902 1130 2950 ἀλλά
1172 2918 1228 2964 με
1264 2903 1342 2956 νηὶ
1372 2899 1515 2958 cod„
1544 2900 1750 2949 alterum
1779 2898 1911 2947 Plan.
1944 2923 2006 2933 -

459 2983 488 3026 5
517 2975 810 3039 ἐκὸρίσαντος
838 2973 961 3024 cod.
994 2977 1045 3023 et
1065 2973 1223 3033 Plan„
1250 2985 1374 3021 corr.
1410 2970 1687 3033 Stephanus
1705 2973 1756 3020 et
1773 2969 1999 3031 Scaliger.

450 3044 635 3094 Deinde
644 3043 764 3095 eod.
781 3045 926 3107 οὗκᾰρ
944 3043 1115 3098 ἀλωᾶς.
1138 3042 1274 3092 Plan.
1295 3041 1464 3096 ἀλωάς.
1487 3040 1678 3090 Jacobs.
1695 3038 1834 3090 malit
1850 3039 1905 3088 οὐ
1919 3039 2007 3101 γὰρ

450 3116 524 3164 ἀλ.
568 3116 751 3178 Repete
786 3115 868 3171 εἰς.
900 3139 962 3150 -
985 3121 1014 3162 6
1044 3111 1182 3167 αὐτὸς
1205 3110 1349 3169 00d.;
1379 3111 1524 3166 ὠύτὸς
1559 3110 1691 3159 Plan.
1736 3109 1832 3158 sed
1865 3108 2004 3163 αὐτὸς

450 3199 540 3250 pro
565 3188 592 3235 ὀ
617 3187 756 3242 αὐτὸς
797 3196 1148 3246 nonnunquam
1180 3195 1267 3244 ap.
1314 3185 1502 3244 poetas,
1549 3186 1604 3231 nt
1635 3183 1716 3241 lx,
1756 3195 1832 3243 ep.
1868 3183 1957 3230 149
1988 3199 2000 3227 :

449 3261 595 3320 ἤματι
619 3256 660 3307 δ’
685 3258 818 3322 αὐτῷ
833 3259 962 3319 Θῆρες
992 3256 1082 3314 ὄϊν,
1101 3255 1184 3310 τὴν
1200 3256 1314 3316 βοῦν
1348 3252 1388 3302 δ’
1417 3254 1564 3302 ὤλεσε
1585 3253 1833 3310 δυστοκίη,
1865 3255 1917 3300 et
1940 3251 2001 3299 al.

453 3342 530 3392 ap.
561 3330 667 3379 Jac.

515 3459 774 3510 Dxxxln.
804 3459 1004 3507 Lemma
1029 3469 1040 3498 t
1075 3457 1137 3510 εἰς
1168 3456 1366 3515 μέθυσον
1388 3453 1719 3506 ὀλισθήσαντα.
1749 3471 1772 3492 «ι
1800 3449 2009 3499 Videtur

454 3545 563 3586 esse
580 3529 802 3580 clausula
827 3527 1052 3590 longioris
1075 3525 1450 3589 epigrammatis,
1476 3542 1502 3566 ι·
1528 3526 1589 3572 Β.
1613 3527 1761 3572 Poeta
1787 3521 2007 3583 loquitur

453 3607 505 3653 ct
530 3601 645 3651 vino
661 3603 713 3650 et
739 3599 894 3649 imbre
933 3597 1175 3647 madidus,
1213 3595 1358 3645 Color
1395 3595 1494 3643 scre
1523 3595 1581 3642 ut
1607 3591 1739 3656 apud
1772 3594 2007 3640 Rufinum

452 3675 513 3734 v,
533 3684 608 3735 ep.
643 3673 720 3721 93.
756 3671 870 3719 Jac.
895 3669 1037 3718 Coni'.
1062 3668 1208 3717 etiam
1228 3667 1416 3727 Asclep.
1446 3667 1576 3713 Sam.
1605 3663 1672 3711 ib.
1703 3675 1778 3725 ep.
1817 3667 1918 3711 167.
1948 3687 2008 3696 -—

454 3749 481 3792 2
507 3745 683 3806 βροτῶν
707 3739 845 3800 cod„
884 3752 1008 3788 corr.
1044 3736 1200 3786 Reisk.

520 3882 772 3930 Dxxxlv.
805 3881 1006 3928 Lemma
1028 3899 1040 3926 ι
1068 3879 1278 3927 Αἰτωλοῦ
1305 3876 1644 3936 Αὐτομέδοντος
1670 3873 1734 3928 εἰς
1755 3872 2007 3921 Κλεόνικον

455 3951 504 3999 ἐν
524 3949 672 4013 θὰσῳ
693 3950 1036 4010 ναυαγήσαντα.
1055 3969 1078 3991 ει
1101 3951 1324 3998 Fortasse
1349 3943 1656 3994 scribendum
1685 3958 1697 3987 t
1717 3942 2007 4002 Ἀλεξάνδρου

457 4024 665 4070 Αἰτωλοῦ
688 4025 718 4077 ἢ
744 4019 1098 4079 Αὐτομέδοντος.
1123 4016 1426 4068 Automedon
1448 4015 1576 4065 enim
1601 4015 1868 4076 Cyzicenus
1893 4012 2003 4061 suit.

457 4090 676 4140 Primum
707 4087 948 4139 distichon
983 4087 1253 4137 Theocrito
1275 4086 1564 4149 inscriptum
1593 4085 1769 4146 legitur
1785 4084 1836 4132 iu
1858 4083 2009 4142 Plan,
2054 4118 2060 4257 ἱ
2102 4128 2257 4177 muna
2276 4125 2493 4188 congessi
2530 4123 2593 4172 ad
2621 4121 2901 4174 Chol-icium
2935 4133 2983 4182 p.
3016 4122 3124 4167 27⁰.
3170 4115 3309 4165 Adde
3336 4127 3412 4177 ep.
3455 4117 3567 4170 296,
3600 4120 3655 4168 m

458 4160 589 4210 unde
616 4159 910 4222 epigramma
949 4157 1076 4207 inter
1116 4156 1400 4206 Theocritea
1439 4155 1685 4205 exhibent.
1735 4176 1758 4197 υ
1795 4156 1910 4203 Jac.
1950 4179 2009 4188 -

463 4238 504 4280 1.
539 4235 759 4294 παρὼρην
797 4227 919 4277 eod.
952 4253 1010 4262 -
1040 4235 1064 4275 ’Δ
1106 4229 1203 4276 ἴσθι
1231 4229 1311 4275 καὶ
1343 4229 1407 4282 ὡς
1447 4225 1590 4287 eod„
1623 4226 1719 4274 ῐσθι
1757 4227 1820 4280 ὡς
1852 4224 2010 4277 Plan..

459 4371 538 4417 καὶ
565 4367 648 4424 ὥς.
676 4393 736 4403 -
763 4373 792 4417 3
811 4369 982 4416 δειλαῖε
1008 4366 1130 4416 Cod.
1165 4393 1226 4404 -—
1249 4375 1276 4416 5
1309 4368 1529 4422 πληοὶδων
1548 4365 1689 4423 αὐτὴν
1711 4364 1853 4423 cod„
1883 4376 2009 4411 corr.

461 4439 704 4488 Graevius.
733 4465 794 4475 —
825 4446 853 4488 6
876 4437 1169 4503 ποντοπόρωι
1193 4438 1355 4494 ναύτηι
1384 4435 1526 4496 cod„
1545 4447 1669 4485 corr.
1695 4433 1968 4483 Piersonus.

523 4575 747 4623 Dxxxv.
775 4575 976 4623 Lemma
1015 4591 1028 4620 t
1050 4574 1114 4628 εἷς
1142 4572 1314 4635 Δάφνιν
1351 4573 1431 4620 τὸν
1458 4569 1650 4618 αἰπόλον
1675 4568 2013 4623 τελευτήσαντα

461 4646 622 4705 θρῆνος
649 4643 816 4698 Πανός.
843 4663 868 4686 ιι
894 4642 1089 4692 Gallicis
1121 4641 1347 4698 versibus
1385 4638 1598 4690 reddidit
1633 4640 2013 4702 Longopctraeus

463 4712 528 4762 ad
555 4712 760 4762 Theocr.
804 4727 852 4776 p.
889 4719 966 4771 ol,
997 4713 1082 4775 qui
1117 4715 1288 4761 monet
1327 4710 1616 4772 inscriptum
1669 4709 1823 4758 fuisse
1870 4707 2016 4756 Panis
2060 4716 2065 4758 l

460 4785 640 4830 statum
675 4780 724 4829 in
754 4780 876 4831 urbe
909 4781 1096 4843 posita.
1137 4801 1157 4823 „
1199 4783 1259 4828 n.
1289 4804 1351 4815 -
1380 4783 1407 4827 2
1449 4779 1588 4826 eona»
1636 4778 1734 4824 Πὰν
1783 4776 1927 4838 ὀρέων
1968 4792 2013 4822 κ.
2061 4764 2065 4813 ¹

463 4852 597 4901 Plan.
630 4852 700 4899 De
730 4851 870 4900 Panis
895 4853 945 4900 et
965 4849 1231 4914 Daphnidis
1253 4848 1502 4899 amoribus
1526 4847 1650 4896 conf.
1683 4846 1784 4904 ΧΠ,
1805 4859 1880 4908 ep.
1910 4850 2014 4894 128.

461 4948 522 4964 -
553 4925 581 4970 3
602 4937 692 4982 μου
721 4921 856 4970 Plan.
877 4947 936 4956 —
963 4929 990 4972 5
1007 4923 1077 4970 ἐπ’
1096 4921 1239 4983 ἄγρην
1268 4920 1423 4978 Plan.;
1449 4917 1522 4966 ἐπ’
1546 4918 1686 4978 ἄγρης
1703 4930 1768 4965 an
1789 4915 1859 4965 ἐπ’
1877 4917 2015 4978 ᾰγρηι

463 4992 532 5078 sit
557 4991 604 5040 in
635 4991 814 5042 Codice
845 4991 1142 5052 ambiguum.
1175 4989 1372 5039 Grotius
1406 4987 1532 5036 inale
1569 4986 1727 5049 junxit
1763 5003 1830 5042 τις
1865 4988 2016 5050 θηρῶν

457 5078 610 5116 tum.

459 4300 597 4362 cujus
626 4299 747 4349 liber
772 4297 986 4359 optimus
1008 4309 1085 4360 ap.
1119 4297 1327 4345 Brunck.
1359 4297 1458 4344 ἐστι
1493 4299 1574 4344 καὶ
1607 4297 1670 4350 ὣς
1696 4295 1770 4342 οὐ.
1801 4294 2009 4342 Ahrens.
2056 4280 2061 4337 ἓ
2102 4267 2235 4331 (10οἀ
2255 4270 2358 4317 ³³⁰·
2391 4267 2572 4326 ΤᾶΨΝ
2600 4263 2833 4327 fflfipffl‘
2866 4282 2889 4305 “

2057 4359 2061 4373 =
2103 4338 2328 4401 quaedam
2355 4339 2569 4400 pugnata
2586 4334 2713 4384 circa
2734 4346 2843 4384 eam
2860 4330 3105 4394 regionem
3122 4339 3237 4390 quae
3262 4325 3456 4388 proprie
3473 4325 3656 4386 Τάρρος

1549 248 2057 309 ANTHOLOGIAE
2119 248 2161 305 P
2174 247 2521 306 ALATINAE

2144 380 2306 428 DXXX
2315 380 2401 428 vl.
2419 380 2619 427 Lemma
2641 397 2652 424 ι
2684 378 2748 433 εἰς
2771 375 3071 426 Ἱππώνακτα
3088 374 3168 424 τὸν
3188 378 3282 423 τῶν
3301 371 3483 435 ἰάμβων
3508 388 3662 427 nost.-

2081 452 2163 509 τήν
2181 452 2259 499 τὸν
2280 450 2508 511 Ἐφέσιον.
2531 446 2672 498 cons.
2693 460 2843 511 supra
2852 462 2929 511 ep.
2948 450 3038 496 405
3054 448 3105 496 et
3132 450 3240 496 408.
3256 472 3322 481 —
3334 452 3355 494 1
3380 445 3665 505 ἐνιτέτροφε

2086 522 2218 571 Plan.
2245 548 2307 557 —
2332 528 2359 570 2
2385 519 2593 577 οἰνάνθης
2620 518 2762 578 God.‚
2791 516 3096 581 superposito
3123 534 3155 563 α
3188 515 3348 565 literae
3367 533 3414 573 η.
3439 544 3511 555 -
3546 517 3583 562 3
3610 512 3665 559 in

2084 606 2233 656 marg.
2255 590 2318 640 ad
2342 592 2505 639 ὁδιτῶν
2541 588 2703 639 Codex
2732 606 2745 637 ε
2773 604 2849 651 γρ.
2879 588 3097 647 ὀδόντων,
3124 586 3267 636 male.
3302 605 3325 625 n
3352 587 3421 646 Τῇ
3448 582 3666 647 ἀχέρδῳ

2084 663 2188 713 sive
2204 675 2342 725 pyro
2370 659 2609 724 sylvestri
2631 658 2881 722 proprium
2898 662 2977 708 est
3001 660 3055 707 τὸ
3074 658 3249 717 πνίγειν
3282 658 3333 705 et
3354 654 3667 713 ἀποστῦφειν

2084 733 2143 781 τὰ
2178 733 2351 794 χείλεα.
2398 728 2521 779 Vide
2556 729 2845 779 Beckmann.
2890 726 2953 777 ad
2986 727 3187 776 Aristot.
3232 728 3307 775 De
3352 724 3460 773 mir.
3498 736 3662 773 ausc.

2084 817 2128 852 c.
2162 808 2267 861 155,
2292 815 2340 865 p.
2367 805 2453 851 321
2484 812 2589 862 seq·
2616 819 2640 842 ι»
2674 800 2790 849 Iac.
2823 822 2889 835 —-
2912 801 2941 846 4
2972 797 3181 861 φάρυγγα
3202 796 3338 845 Plan.
3366 794 3475 843 edd.
3520 806 3669 855 prae·

2084 876 2163 924 ter
2188 872 2456 935 principem
2478 871 2607 920 Flor.

2146 1013 2420 1064 Dxxxvll.
2446 1012 2645 1060 Lemma
2675 1026 2687 1057 :
2715 1010 2779 1065 εἰς
2806 1007 3076 1066 Μαντίθεον,
3095 1006 3198 1053 υῑόν
3227 1004 3457 1062 Λύσιδος,
3474 1002 3565 1050 ἐπὶ
3596 1001 3668 1056 ξί-

2087 1101 2166 1141 νης
2202 1084 2555 1141 τελευτήσαντα.
2602 1082 2659 1129 In
2701 1078 2833 1127 Plan.
2893 1073 3196 1139 Theophani
3236 1072 3539 1123 inscribitur.
3594 1099 3667 1110 —

2092 1160 2111 1204 1
2138 1153 2475 1214 πολυκλαύστῳ
2494 1152 2569 1200 ἐπὶ
2595 1150 2723 1199 παιδὶ
2746 1148 2879 1199 Plan.
2908 1146 3021 1197 edd.
3041 1145 3354 1197 recentiores,
3381 1168 3442 1179 —
3458 1150 3486 1193 2
3514 1143 3666 1196 λύσις

2087 1226 2192 1287 ἄχει
2242 1222 2383 1279 cod.;
2424 1226 2570 1278 Λῦσις
2612 1221 2735 1284 ἔχων
2782 1219 2916 1269 Plan.
2965 1215 3227 1281 sungenda
3275 1216 3352 1263 ἐπὶ
3408 1214 3539 1275 ἄχει.
3596 1238 3665 1248 -

2087 1299 2133 1345 3.
2165 1312 2189 1337 α
2217 1292 2345 1343 Nihil
2373 1291 2465 1341 nisi
2504 1290 2649 1339 inane
2684 1288 2771 1337 filii
2806 1298 2983 1336 nomen
3027 1284 3270 1348 sepelivit.
3308 1282 3657 1332 Mantitheum

2086 1363 2338 1427 naufragio
2356 1362 2555 1425 periisse
2589 1358 2833 1422 suspicer3
2862 1358 3013 1405 miror
3027 1359 3190 1406 tamen
3216 1356 3409 1419 poetam
3427 1353 3525 1403 hoc
3548 1366 3660 1401 non

2086 1435 2319 1486 disertius
2351 1432 2593 1482 indicasse
2617 1444 2630 1473 ε
2652 1429 2745 1479 nisi
2761 1428 2885 1479 sorte
2914 1427 3032 1477 olim
3071 1427 3313 1489 scriptum
3348 1423 3443 1474 fuit
3460 1460 3473 1483 ,
3500 1424 3661 1482 ἤλυθε

2086 1520 2311 1565 ναυηγο
2327 1508 2356 1552 ὗ
2382 1503 2578 1567 λείψανα
2598 1538 2611 1563 ,
2632 1514 2721 1563 pro
2743 1500 2989 1555 δυστήνου.
3027 1517 3051 1541 ²·
3081 1501 3200 1548 Jac.

2150 1646 2455 1695 Dxxxvm.
2494 1645 2693 1693 Lemma
2736 1660 2749 1690 ι
2792 1641 2857 1696 εἰς
2896 1656 3012 1701 μανν
3062 1638 3168 1701 (sic
3194 1650 3276 1700 ap.
3307 1638 3439 1689 Jac.;
3482 1634 3660 1689 Μάνην

2076 1717 2271 1777 Boias.)
2288 1732 2405 1763 τινα.
2428 1717 2487 1765 In
2505 1713 2638 1762 Plan.
2666 1711 2743 1761 est
2764 1711 2951 1767 ἄδηλον.
2970 1713 3157 1761 Manes
3172 1707 3347 1757 servile
3364 1718 3569 1755 nomen.
3591 1728 3663 1738 -

2089 1784 2407 1919 ἒοξῖρὲἀῖοά.
2450 1803 2474 1825 «ι
2496 1780 2742 1831 Sententia
2764 1783 2841 1829 est
2865 1781 2922 1829 ut
2946 1792 3025 1842 ap.
3053 1776 3339 1864 Lucretium
3363 1777 3460 1835 111,
3490 1776 3617 1823 1⁰47
3646 1785 3659 1815 τ

2258 1978 2367 2020 ossa
2378 1974 2507 2020 dedit
2526 1978 2659 2019 terrae
2678 1972 2875 2031 proinde
2897 1983 2951 2017 ac
2980 1970 3123 2016 famul
3143 1970 3222 2015 inti
3230 1980 3331 2013 mus
3351 1971 3486 2019 esset,

2088 2091 2176 2152 qui
2199 2089 2293 2138 hoc
2318 2088 2470 2139 Ennio
2488 2087 2677 2139 debuit.
2711 2089 2777 2136 M.
2808 2084 3033 2135 Antonin.
3057 2083 3149 2143 vl,
3170 2085 3231 2132 24
3269 2080 3596 2141 :mamam
3628 2081 3657 2125 ὁ

2094 2161 2323 2210 Μακεδὼν
2356 2162 2436 2209 καὶ
2461 2161 2488 2208 ὁ
2505 2158 2768 2222 ὀρεωκόμος
2794 2158 2939 2205 αὐτοῦ
2960 2154 3265 2207 ἀποθανόντες
3282 2153 3349 2207 εἱς
3373 2150 3521 2199 ταῢτὸ
3564 2166 3658 2197 κα-

2088 2234 2337 2291 τέστησαν.
2369 2250 2393 2273 ιι
2418 2233 2533 2280 Jac.
2571 2228 2669 2278 Sed
2706 2230 2864 2289 Anyte
2895 2225 3115 2288 argutius
3155 2239 3169 2272 ε
3210 2226 3379 2273 Dario
3424 2232 3623 2283 moqno
3642 2258 3656 2279 ,

2090 2301 2267 2365 quippe
2290 2299 2479 2350 dudum
2504 2302 2717 2349 mortun.

2155 2444 2405 2491 Dxxxlx.
2424 2443 2623 2491 Lemma
2643 2460 2654 2489 ε
2685 2440 2748 2495 εἰς
2768 2439 3014 2499 Θεὸτιμον,
3031 2437 3132 2484 υἱὸν
3148 2434 3404 2489 Εὐπόλιδος
3427 2432 3512 2481 καὶ
3534 2433 3658 2495 Ἀρι·

2092 2512 2327 2572 ποδίκης,
2368 2512 2587 2570 ναυηγόν.
2611 2510 2669 2559 In
2707 2508 2841 2557 Plan.
2878 2502 3189 2567 Theophani
3230 2501 3541 2565 inscriptum.
3596 2526 3647 2534 -

2094 2588 2123 2631 3
2154 2582 2423 2639 πολυκληίδι
2444 2579 2565 2630 eod.
2591 2606 2654 2614 -
2678 2585 2704 2627 5
2729 2578 2795 2633 οἷς
2812 2578 2932 2626 ἐτὲκ.
2965 2574 3087 2624 eod.

2162 2724 2303 2771 nxl..
2330 2724 2529 2771 Lemma
2570 2740 2582 2767 ι
2612 2720 2675 2773 εἰς
2703 2717 2853 2777 Μῆνιν
2876 2717 2957 2765 καὶ
2986 2716 3244 2766 Πολύνικον
3268 2712 3397 2767 υἱοὺς
3428 2711 3657 2774 Χαρίνου.

2094 2819 2159 2829 -
2182 2794 2332 2854 1πρὸς
2349 2793 2443 2847 διὸς
2462 2788 2583 2840 cod.
2603 2793 2653 2839 et
2679 2787 2941 2842 Plauudeae
2968 2786 3083 2835 edd.
3110 2787 3321 2845 veteres»,
3353 2780 3661 2831 recentiores

2095 2867 2205 2929 πρὸς
2225 2867 2366 2921 Ζηνὸς
2384 2901 2398 2924 ,
2432 2861 2518 2912 sed
2541 2864 2672 2912 recte
2696 2858 2902 2912 correxit
2926 2858 3129 2908 Salmas.
3150 2882 3211 2891 —
3241 2862 3286 2904 2.
3324 2852 3585 2902 Heclierus
3608 2850 3659 2898 in

2096 2937 2346 2998 philologo
2383 2939 2517 2994 1849,
2550 2948 2596 2999 p.
2638 2938 2763 2984 485:
2800 2952 2823 2974 κ
2859 2929 3042 2980 Urbem
3069 2940 3219 2990 quam
3260 2927 3505 2974 Homerus
3532 2921 3661 2971 dixit

2096 3008 2257 3063 Θήόην
2294 3005 2614 3061 Ὑποπλακίην
2638 3004 2679 3053 si
2706 2999 2955 3064 Damageti
2987 3001 3135 3048 aetate
3177 2995 3439 3060 pristinum
3472 3005 3658 3062 nomen

2096 3079 2145 3126 et
2191 3075 2493 3126 nobilitatem
2534 3077 2803 3131 servasset,
2844 3083 2929 3134 per
2956 3069 3161 3119 abusum
3191 3081 3219 3116 a
3256 3068 3403 3129 poeta
3432 3061 3533 3112 dici
3566 3075 3657 3124 po-

2094 3147 2248 3197 tuisse
2273 3147 2461 3196 Αἱολίδκ
2494 3158 2591 3194 nou
2622 3141 2911 3207 negaverim.
2946 3138 3042 3189 Sed
3080 3138 3142 3187 de
3169 3137 3262 3186 hac
3299 3135 3422 3184 urbe
3448 3132 3658 3196 cogitari

2094 3217 2278 3281 nequit.
2316 3219 2480 3273 Quare
2524 3219 2673 3277 caput
2697 3211 2897 3264 Bmotiae
2936 3207 3321 3271 intelligendum,
3353 3203 3487 3268 quod
3528 3203 3653 3253 licet

2096 3289 2249 3339 Boeoti
2272 3285 2454 3337 suerint
2482 3283 2777 3334 AEolensium
2802 3279 2993 3344 cognati
3010 3313 3023 3334 .
3056 3277 3273 3340 epitheto
3304 3275 3519 3324 Αἰολικὸν
3551 3271 3657 3321 dit-i

2094 3373 2191 3407 non
2219 3356 2429 3406 memini.
2468 3353 2818 3418 corrigendum
2864 3353 2910 3408 ἐς
2950 3349 3192 3398 Ἀονὶὃα.
3218 3367 3241 3388 ι»
3286 3342 3431 3401 Quod
3472 3355 3658 3392 verum

2096 3439 2205 3476 esse
2231 3425 2444 3485 videtur,
2479 3437 2535 3473 ac
2583 3422 2873 3485 recepissem
2916 3418 3009 3467 nisi
3051 3415 3155 3465 fieri
3185 3417 3353 3478 posset
3394 3415 3452 3461 ut
3486 3410 3561 3460 illi
3608 3409 3657 3457 in

2096 3495 2307 3545 AEolensi
2322 3494 2533 3557 quadam
2553 3493 2673 3543 urbe
2698 3492 2880 3541 suerint
2902 3487 3135 3538 insidiose
3148 3483 3425 3546 interempti
3443 3494 3473 3530 a
3490 3480 3655 3529 Thra-

2097 3567 2236 3617 cibus
2263 3564 2513 3615 latrocinia
2535 3562 2791 3626 agentibus
2818 3558 2975 3623 (cons.
3006 3571 3085 3620 ep.
3111 3559 3220 3612 544,
3245 3561 3273 3605 5
3294 3554 3431 3616 seq.)
3450 3555 3499 3601 et
3520 3565 3658 3600 nunc

2098 3637 2297 3699 antiqua
2326 3637 2409 3685 illa
2439 3635 2723 3697 cognatione
2760 3633 2961 3682 utantur
2987 3629 3051 3679 ad
3091 3623 3474 3677 commendanda
3502 3624 3656 3672 verba

2098 3706 2147 3755 in
2188 3705 2392 3770 patriam
2438 3702 2740 3768 perferenda.
2787 3729 2849 3738 -
2876 3704 2905 3749 4
2942 3700 3061 3760 ἄμμι
3093 3696 3214 3748 Cod.
3251 3699 3301 3745 et
3335 3695 3491 3753 Plan,
3524 3705 3653 3741 corr.

2052 3822 2057 3839 ,
2109 3777 2342 3826 Brodaeus
2370 3778 2419 3824 et
2443 3774 2682 3837 Scaliger3
2713 3774 2827 3835 ἀμφὶ
2857 3788 2906 3833 μ.
2943 3767 3179 3818 Reiskius.
3207 3793 3269 3803 —
3296 3771 3324 3814 5
3350 3766 3442 3814 ὑπὸ
3476 3765 3656 3820 θνητῶν

2101 3848 2256 3906 Plan.‚
2283 3845 2421 3894 male.

2162 3989 2324 4036 Dxm.
2366 3987 2563 4034 Lemma
2586 4001 2598 4031 :
2628 3984 2691 4038 εἰς
2724 3980 3009 4044 Χαιρωνίδην
3027 3979 3105 4026 τὸν
3131 3975 3338 4040 ἀριστέα.
3366 3999 3423 4009 -·
3458 3980 3503 4023 2.
3533 3994 3559 4016 ι
3584 3976 3657 4023 Dc

2099 4057 2344 4106 locutione
2383 4055 2487 4110 νίκη
2532 4053 2765 4114 πολέμου,
2812 4051 2975 4113 κράτος
3017 4048 3253 4107 πολέμου,
3294 4046 3423 4102 νίκης
3467 4043 3657 4104 κράτος,

2100 4212 2205 4248 νοτ.
2236 4197 2286 4247 in
2309 4198 2397 4254 Vl,
2427 4209 2501 4258 ep.
2535 4201 2609 4244 50.
2636 4214 2659 4236 ν
2688 4193 2751 4240 Β.
2771 4217 2834 4228 -
2867 4196 2895 4240 3
2926 4191 3071 4252 τάφον
3110 4186 3255 4246 Cod.;
3293 4187 3461 4247 τάφρον
3496 4184 3654 4234 Plan:

2932 4273 3045 4309 nam
3072 4256 3248 4320 respici
3277 4253 3471 4304 videtur
3493 4266 3658 4316 pugna

2106 4413 2155 4459 et
2189 4412 2366 4471 Τατρος
2391 4408 2565 4468 μεγάλη
2602 4404 2886 4464 vocabatur,
2914 4400 3119 4452 illustris
3144 4396 3281 4448 clade
3308 4395 3659 4446 Messeniorum

2105 4492 2134 4528 a
2160 4477 2537 4527 Laccdaemoniis
2566 4475 2629 4524 ibi
2664 4477 2888 4537 accepta3
2926 4485 2973 4520 v.
3003 4473 3213 4519 Pausan.
3250 4469 3339 4525 IV,
3368 4469 3441 4526 17,
3480 4468 3532 4514 et
3566 4467 3655 4512 Po-

2105 4549 2203 4612 lyb.
2245 4550 2333 4604 lv.
2364 4554 2439 4598 31.
2471 4568 2494 4590 »a
2536 4574 2597 4582 -
2628 4555 2654 4596 5
2682 4548 2757 4595 ναὶ
2797 4547 2888 4606 μὴν
2924 4542 3021 4592 ἀλλ’
3054 4541 3194 4601 ἀρετή
3228 4557 3285 4588 σε
3308 4539 3539 4599 διακριδὸν
3562 4539 3657 4589 ah:

2109 4619 2217 4680 (vel
2259 4620 2383 4676 ἁλὶς)
2423 4617 2552 4673 ἀείδῃ
2594 4614 2735 4674 cod.‚
2778 4612 3043 4674 eademque
3076 4611 3203 4658 l’lan.
3246 4607 3337 4656 nisi
3380 4606 3513 4668 quod
3563 4608 3657 4658 ἅλις

2106 4688 2263 4736 ἀείδει.
2294 4686 2577 4734 Brunckiusz

2231 4799 2305 4846 ναὶ
2340 4798 2430 4858 μὴν
2460 4797 2557 4845 ἀλλ’
2592 4797 2753 4858 ἀρετᾶς
2773 4811 2828 4843 σε
2847 4793 3077 4854 διακριδὸν
3108 4789 3223 4844 Ἅλις
3246 4789 3414 4845 ἀείδει,

2105 4909 2195 4960 >sed
2212 4909 2335 4964 Ἅλις
2373 4907 2625 4970 proprium
2662 4920 2836 4956 nomen
2878 4918 2973 4953 non
3000 4901 3155 4966 poscit
3180 4900 3449 4950 ‹lorismum
3482 4901 3656 4959 ἀρετᾶς.

2061 4945 2067 5020 i
2112 4982 2227 5038 Ἅλις
2242 4981 2343 5044 jam
2370 4980 2573 5029 Salmas.
2608 4982 2658 5027 et
2676 4977 2887 5040 Scaliger
2914 4975 3223 5037 scripserant.
3248 4974 3431 5021 Verum
3456 4971 3653 5033 particu-

2062 5025 2067 5109 ἶ
2109 5054 2182 5102 las
2210 5053 2280 5100 ναὶ
2320 5052 2409 5112 μὴν
2438 5051 2550 5098 ἀλλὰ
2572 5063 2665 5097 non
2690 5051 2819 5098 coire
2850 5039 3194 5095 animadvertit
3236 5039 3435 5089 Meinck
3468 5053 3517 5102 p.
3559 5045 3656 5096 194,
