3829 5747
1031 143 1276 203 CAPUT
1317 145 1412 204 Vl.
1463 145 2015 208 EPIGRAMMATA
2058 147 2586 209 DEDICATORIA.
3309 154 3413 210 191
3490 237 3498 244 ¹

301 271 552 350 Κλείτωρ
577 275 622 330 δ’
659 276 719 330 ἐκ
749 272 961 350 βυθίων,
987 273 1070 332 σὀὶ
1097 277 1256 340 τάδε.
1291 275 1429 350 Πὰν,
1463 278 1670 350 ἔθεσαν,

212 361 360 426 ξυνὸν
388 363 652 442 ἀδελφειοὶ
678 362 838 442 θήρης
865 361 1035 441 γέρας,
1061 364 1216 429 ἄλλος
1241 365 1330 422 ἀπ’
1361 365 1554 438 ἄλλης,

289 450 400 529 ἴδρι
424 450 496 508 τὰ
523 451 615 508 καὶ
643 451 794 530 γαίης
812 494 828 522 ,
858 449 962 529 ἴδρι
990 451 1057 510 τὰ
1091 452 1181 510 καὶ
1205 452 1475 530 πελάγεος.

1931 287 2084 338 Clitor
2104 301 2159 338 ex
2180 288 2776 352 ‹legentibus-in-prot'und
2786 305 2823 350 J,
2855 281 2969 338 hoec'
2996 289 3101 350 tibi,
3136 293 3259 352 Pan,
3282 303 3423 352 posu-

1867 389 2119 434 commune
2140 377 2313 427 fratres
2331 377 2601 427 venationis
2624 377 2899 440 praemium,
2926 378 3051 428 alius
3072 377 3134 426 ab
3158 378 3268 436 alia,
3305 377 3419 440 [ez-e,

1930 464 2083 526 perite
2108 477 2277 513 eomm
2294 478 2407 526 quoe
2428 467 2545 514 sunt
2570 466 2731 524 terrae,
2760 465 2913 528 perite
2930 469 2981 514 et
3010 479 3123 527 quoe
3141 465 3312 528 pelagi.

131 552 156 588 ⁵
209 537 346 597 'Avo'
375 529 455 596 ὧν
481 542 557 619 τῷ
581 538 676 614 μὲν
707 539 826 605 ἁλὸς
845 585 862 611 ,
895 541 971 618 τῷ
1005 538 1052 596 δ’
1077 539 1259 620 ἠέρος,
1284 533 1325 618 ᾧ
1355 543 1402 599 δ’
1429 541 1533 600 ἀπὸ
1567 544 1777 620 δρυμῶν
1871 555 1964 600 t‘ro
1990 550 2171 614 quihus
2189 553 2248 600 tu
2266 550 2383 601 huic
2406 566 2467 600 ex
2495 552 2649 612 mari,
2675 552 2744 600 illi
2769 567 2824 601 ex
2848 565 2985 612 aere,
3016 553 3160 602 tertio
3179 567 3233 602 ex
3252 566 3418 602 nemo-

289 629 479 704 πέμπε
507 629 698 709 κράτος
725 629 920 708 ταύτῃ,
947 631 1160 706 δαῖμον,
1193 631 1278 687 ἐπ’
1309 630 1545 709 εὖσεὸίῃ.

575 805 704 856 183.
743 796 1089 856 ΖΩΣΙΜΟΥ
1125 797 1432 858 ΘΑΣΙΟΥ.

203 965 299 1023 Σοὶ
321 963 486 1040 τάδε,
519 963 662 1038 Πὰν,
691 964 934 1043 θηρευταὶ
959 967 1327 1044 ἀνηρτήσαπο
1353 963 1598 1042 σῦναιμοι

281 1051 502 1124 δίκτυα,
523 1052 830 1130 τριχθαδίης
851 1055 993 1132 δῶρα
1021 1053 1356 1131 κυναγεσίης·

205 1143 410 1217 Πίγρης
443 1141 544 1215 μὲν
569 1143 799 1209 πτανῶν,
833 1141 1068 1219 Κλείτωρ
1094 1139 1216 1206 ἁλὸς
1233 1186 1248 1216 ,
1279 1140 1334 1206 ὃς
1358 1142 1402 1199 δ’
1427 1141 1531 1200 ἀπὸ
1557 1141 1770 1220 χέρσου,

279 1237 466 1305 Δᾶμις
486 1273 503 1296 ,
535 1228 870 1306 τετραπόδων
899 1227 1120 1308 ἀγκύλος
1147 1230 1446 1309 ἶχνελάτης.

201 1319 358 1376 Ἀλλὰ
399 1317 472 1375 σὺ
503 1319 606 1385 κήν
637 1319 906 1395 δρυμοῖσι,
935 1317 1024 1374 καὶ
1049 1320 1124 1376 εἶν
1155 1317 1284 1393 ἁλὶ,
1311 1317 1402 1378 καὶ
1426 1318 1512 1377 διὰ
1546 1317 1744 1394 μέσσης

273 1407 436 1485 ἠέρος
463 1405 694 1483 εὔαγρον
715 1407 886 1464 τοῖσδε
911 1405 1054 1464 δίδου
1099 1404 1358 1482 κάματον.

734 1575 854 1626 184.
899 1578 1016 1622 ΤΟΥ
1052 1577 1260 1624 ΑΥΤΟΥ.

201 1727 409 1808 Τρισσὰ
441 1729 580 1788 τάδε
604 1727 803 1806 τρισσοὶ
827 1729 1160 1809 θηραγρέται,
1187 1731 1343 1796 ἄλλος
1371 1732 1463 1788 ἀπ’
1489 1732 1652 1803 ἄλλης

273 1817 506 1896 τέχνης,
537 1818 672 1895 πρὸς
691 1821 800 1896 νηῷ
832 1816 1008 1885 Πανὸς
1063 1818 1236 1876 ἔθεντο
1261 1817 1399 1877 λίνα·

203 1907 402 1984 Πίγρης
431 1905 536 1980 μὲν
569 1913 848 1964 πτανοῖσιν
875 1907 1011 1985 ἐφεὶς
1039 1905 1217 1983 βόλον,
1247 1909 1298 1964 ἐν
1325 1909 1372 1964 δ’
1407 1907 1626 1967 ἇλίοισιν

277 1995 561 2069 Κλείτωρ,
595 1997 645 2051 ἓν
678 1993 858 2072 θηρσὶν
885 1999 1061 2069 Δᾶμις
1087 1995 1454 2072 ἐρημονόμοις.

197 2083 464 2154 Τοῦνεκα,
487 2082 639 2158 Πὰν,
657 2082 751 2140 τὸν
768 2081 860 2158 μέν
874 2105 935 2158 γε
951 2082 1019 2141 δι’
1031 2082 1253 2162 αἰθέρος,
1275 2083 1330 2142 ὃν
1353 2086 1399 2142 δ’
1415 2085 1519 2143 ἀπὸ
1536 2085 1760 2164 λόχμης,

267 2172 354 2230 τὀν
385 2171 452 2229 δὲ
481 2171 556 2228 δι’
589 2171 844 2246 αἰγιαλῶν
876 2169 956 2235 θὲς
983 2170 1421 2250 πολυαγρότερον.

719 2339 841 2390 185.
881 2341 999 2386 ΤΟΥ
1036 2343 1250 2388 ΑΥΤΟΥ.

197 2467 350 2548 Βριθὺ
375 2467 480 2543 μὲν
511 2467 800 2546 ἀγραύλων
827 2467 946 2526 τόδε
979 2469 1184 2527 δίκτυον
1215 2468 1397 2528 ἄνθετο
1425 2473 1596 2550 θηρῶν

268 2563 445 2631 Δᾶμις
463 2601 480 2627 ,
512 2557 612 2613 καὶ
641 2557 848 2634 Πίγρης
875 2558 1178 2628 πτηνολέτιν
1205 2559 1446 2637 νεφέλην,

191 2647 492 2703 ἁπλότατον
521 2643 578 2701 δ’
605 2645 695 2703 ἁλὶ
723 2649 876 2704 τοῦτο
902 2645 1215 2726 μιτοῤῥαφὲς
1245 2647 1648 2726 ἀμφίὸληστρον

269 2733 546 2808 Κλείτωρ,
576 2732 781 2812 εὖθήρῳ
804 2733 945 2793 Πανὶ
969 2734 1401 2813 προσευξάμενοι.

190 2823 454 2897 Τοῦνεκα,
497 2819 649 2890 Πὰν,
675 2825 915 2902 κρατερῷ
943 2822 1069 2903 πόρε
1092 2821 1290 2899 Δάμιδι
1314 2824 1472 2897 ληΐδα
1497 2828 1694 2905 θηρῶν,

263 2914 446 2993 Πίγρῃ
475 2912 526 2970 δ’
561 2914 787 2985 οἰωνῶν,
821 2911 1062 2991 Κλείτορι
1093 2914 1140 2969 δ’
1167 2912 1423 2973 εἷναλίων.

478 3092 622 3143 186.
671 3082 981 3141 lomim·
1022 3083 1481 3142 MOKAEOYS.

59 3235 98 3330 ⁸4
181 3250 375 3311 Δίκτυα
404 3252 498 3309 σοὶ
525 3250 691 3325 τάδε,
730 3253 868 3319 Πὰν,
899 3251 1224 3328 ἀνεθήκαμεν
1251 3254 1276 3276 *
1306 3242 1441 3316 οἶκος
1465 3253 1701 3333 ἀδελφῶν

257 3342 300 3396 οἱ
325 3348 472 3417 τρεῖς
491 3383 512 3409 ,
551 3338 606 3405 ἐξ
635 3338 814 3415 ὁρέων,
839 3338 1015 3417 ἠέρος,
1039 3343 1098 3397 ἐκ
1118 3340 1392 3416 πελάγεος.

60 3429 98 3475 Τ
181 3430 208 3457 ⁸
225 3427 560 3487 Δικτυὸόλει
587 3426 756 3505 τούτῳ
787 3426 840 3483 δὲ
867 3430 994 3507 παρ’
1022 3428 1211 3498 ἠϊόνων
1239 3430 1598 3508 κροκάλαισιν·

255 3521 276 3539 ”
307 3514 608 3594 θηροὸόλει
631 3514 800 3595 τούτῳ
823 3514 868 3573 δ’
887 3514 1068 3593 ἅγκεσι
1101 3521 1162 3587 θη
1171 3514 1415 3595 ροτόκοις·

57 3672 153 3705 l.

241 3761 406 3809 Damis
437 3756 820 3825 quadrupedum
840 3774 946 3823 quoe
958 3760 1068 3824 juga
1095 3760 1220 3809 celsa
1249 3769 1439 3821 tenent;

66 3846 108 3879 ὁ·
172 3844 290 3891 'rres
313 3842 440 3903 tihi,
471 3846 603 3899 Pan,
634 3838 804 3888 fratres
821 3841 1020 3901 donant,
1055 3856 1138 3890 sua
1169 3842 1368 3907 quisque
1391 3842 1556 3909 periti.
1622 3850 1628 3857 ‘

243 3928 330 3975 Hic
355 3926 550 3979 naba,
583 3923 668 3972 hic
685 3939 850 3989 aquas,
875 3924 952 3973 hic
971 3926 1176 3990 spoliare
1197 3928 1371 3976 solnm.

177 4010 266 4061 Pro
291 4008 486 4073 pietate
515 4004 676 4054 vicem
703 4014 754 4053 tu
783 4004 1029 4066 fratribus,
1055 4007 1236 4072 optime
1261 4008 1464 4069 Divum,

239 4096 328 4138 Per
349 4092 537 4144 saltus,
565 4104 654 4153 per
671 4102 835 4153 aquas,
859 4096 908 4135 et
936 4105 1021 4153 per
1051 4089 1191 4137 inane
1215 4088 1359 4138 refer.

717 4273 734 4303 1
746 4257 827 4303 83.
855 4272 1010 4304 zosmr
1046 4274 1212 4305 τειιιεη
1225 4294 1238 4317 ,

825 4386 885 4435 de
909 4387 1086 4437 eodem.

203 4516 478 4578 :penum
503 4512 596 4564 tibi
631 4522 751 4572 tres,
781 4516 876 4561 Pan
899 4512 1142 4573 venatioe,
1169 4512 1340 4562 fratres
1357 4550 1370 4573 ,

227 4600 354 4660 Quae
383 4600 452 4647 de
480 4604 664 4645 venatu
689 4595 878 4660 triplice
900 4595 1024 4645 dona
1047 4596 1240 4655 serunt;

211 4691 350 4745 flnpe
377 4679 552 4744 Pigra
571 4677 758 4737 avium,
781 4677 864 4725 sed
888 4676 1041 4726 Clitor
1055 4678 1116 4725 ab
1137 4694 1351 4742 aequore,
1381 4678 1540 4727 Danais

221 4768 270 4816 A
289 4765 468 4823 terris,
495 4762 674 4811 sollcrs
691 4762 930 4825 exagitare
951 4760 1086 4809 feras.

62 4852 171 4900 521⁶·
222 4845 332 4896 tt‘ac
361 4857 422 4895 ut
443 4844 568 4894 huic
593 4859 699 4902 aer,
729 4841 802 4892 sac
833 4852 886 4891 ut
909 4841 986 4891 isti
1009 4844 1171 4900 saltus,
1200 4852 1249 4891 et
1273 4844 1342 4893 illi

227 4927 342 4980 Plus
359 4928 520 4975 solito
545 4926 728 4993 praedae
755 4923 918 4973 littora
941 4941 1086 4974 curva
1117 4924 1288 4976 serant.

64 4638 142 4685 dgr}

78 5094 204 5158 uiua-'²

1930 641 2068 691 mitte
2091 639 2362 702 victoriam,
2384 655 2413 690 o
2427 641 2635 702 damon,
2654 640 2781 690 hanc
2800 641 2863 689 ob
2877 641 3125 704 pietatem.
3253 643 3410 705 [ribus

2334 805 2435 850 183.
2468 803 2675 872 zosmt
2706 803 2931 854 'rHASlL

1864 970 1970 1020 Tibi
1996 969 2121 1032 hmo,
2146 974 2263 1032 Pan,
2282 976 2539 1023 venatores
2556 973 2917 1037 suspenderunt
2938 977 3277 1039 consanguinei

1924 1058 2045 1108 retia
2061 1098 2074 1119 ‚
2091 1059 2293 1123 triplicis
2314 1059 2441 1110 dona
2462 1061 2733 1112 venationis
2756 1083 2769 1111 ι
3050 1063 3106 1128 [a
3126 1068 3416 1127 continente,

1862 1148 2027 1210 Pigres
2063 1148 2260 1211 quidem
2300 1148 2586 1209 volatilium,
2619 1151 2771 1200 Clitor
2796 1155 2963 1202 autem
2995 1167 3025 1203 a
3061 1154 3215 1216 mari,
3244 1155 3419 1206 tertius

1922 1235 2106 1294 Darnis,
2128 1234 2500 1298 quadrupedum
2532 1240 2728 1287 astutus
2755 1239 3083 1303 investigator.

1864 1327 1925 1373 At
1947 1327 2003 1372 tu
2028 1326 2076 1373 et
2100 1324 2151 1372 in
2168 1323 2463 1383 nemoribuS‚
2488 1329 2541 1374 et
2559 1326 2608 1374 in
2623 1327 2763 1386 mari,
2784 1328 2900 1377 etin
2923 1327 3083 1377 medio

1924 1425 2034 1460 aere
2056 1411 2241 1475 praedae
2256 1410 2459 1462 divitem
2485 1411 2621 1462 hisee
2650 1414 2811 1476 praebe
2835 1415 3066 1466 laborem.

2412 1585 2516 1630 184.
2570 1593 2629 1633 13³
2642 1593 2865 1635 [ISDEM.

1857 1749 1972 1798 Tria
1990 1747 2100 1798 haec
2125 1752 2227 1800 tres
2244 1753 2500 1802 venatores
2516 1791 2529 1812 ‚
2555 1753 2681 1801 alius
2706 1752 2768 1801 ab
2790 1753 2883 1802 alia

1925 1840 2055 1898 arte,
2078 1837 2143 1887 ad
2169 1838 2337 1888 fanum
2356 1839 2501 1888 Panis
2518 1853 2727 1904 posuere
2749 1841 2877 1890 lina:

1859 1918 2025 1981 Pigres
2050 1918 2229 1968 avibus
2263 1919 2529 1970 immittens
2542 1923 2647 1970 rete
2661 1961 2673 1980 ‚
2712 1920 2929 1984 piscibus

1920 1998 2087 2059 Clitor,
2119 1997 2233 2047 seris
2259 1998 2426 2048 Damis
2444 1998 2686 2063 solivagis.

1857 2078 2137 2138 Propterea,
2174 2078 2291 2138 Pan,
2309 2076 2449 2126 illum
2468 2090 2554 2140 per
2576 2077 2827 2138 aetherem,
2849 2078 2983 2130 hunc
2999 2093 3117 2130 vero
3136 2095 3165 2132 a
3190 2083 3413 2145 saltibus,

1920 2159 2119 2210 tertium
2142 2175 2229 2224 per
2245 2161 2391 2212 litora
2404 2162 2551 2212 facito
2572 2163 3144 2216 venationis-feliciorem.

2421 2327 2523 2373 185.
2569 2335 2867 2380 mustum.

1858 2480 2017 2528 Grave
2044 2479 2243 2541 quidem
2266 2479 2361 2530 hoc
2382 2481 2679 2532 silvestrium
2708 2487 2811 2534 rete
2843 2484 3087 2536 dedicavit
3114 2487 3325 2540 ferarum

1920 2567 2101 2628 omnis,
2124 2571 2176 2617 et
2199 2568 2362 2632 Pigres
2388 2569 2815 2633 aves-perdentem
2843 2570 3043 2632 nubem,

1854 2655 2526 2718 stmplieissimu1n(?)autem
2546 2658 2667 2706 mari
2700 2657 2797 2707 hoc
2818 2659 3273 2711 emilis-consutum
3287 2667 3390 2712 rete

1916 2743 2083 2804 Clitor,
2106 2742 2512 2794 bene-venantem
2534 2748 2663 2794 Pana
2693 2749 2997 2797 venerantes.

1854 2833 2175 2895 Quapropter,
2204 2834 2321 2893 Pan,
2354 2831 2468 2882 forti
2492 2831 2685 2883 Damidi
2714 2846 2833 2897 para
2850 2834 3068 2897 praedam
3088 2836 3319 2895 serarum,

1918 2920 2169 2983 Pigraeque
2187 2919 2371 2981 avium,
2399 2923 2449 2970 et
2469 2920 2637 2971 Clitori
2656 2922 2971 2973 marinorum.

2320 3096 2425 3141 186.
2464 3092 2493 3139 J
2500 3093 2627 3141 ULn
2657 3094 2923 3143 Dlocms.

1853 3252 1991 3301 Retia
2008 3250 2097 3300 tibi
2117 3250 2240 3311 haec,
2268 3254 2385 3313 Pan,
2411 3252 2747 3303 dedicavimus
2764 3258 2933 3305 votum
2967 3242 3191 3319 frati-um,

1913 3340 2000 3402 qui
2022 3353 2204 3389 sumus
2224 3343 2342 3402 tres,
2362 3354 2425 3390 ex
2447 3342 2713 3404 montibus,
2732 3357 2843 3393 aere
2856 3382 2871 3405 ,
2890 3346 3074 3409 pelago.

1849 3429 1910 3477 Et
1930 3428 2214 3492 reti-piscari
2243 3427 2359 3480 huic
2381 3430 2509 3481 dona
2531 3431 2594 3481 ad
2610 3432 2832 3483 littorum
2853 3435 3059 3499 lapilloS,

1917 3517 2082 3579 illique
2106 3518 2256 3567 feras-
2265 3519 2407 3568 ferire
2430 3518 2479 3569 in
2499 3520 2709 3571 vallibus
2738 3514 3255 3587 ubi-ferae-gignuntur

2443 3764 2552 3811 185.
2594 3778 2825 3823 uuonan,

2498 3860 2557 3910 de
2579 3862 2759 3914 eodem.

1852 3956 1973 4027 Retg
1998 3952 2124 4016 quod
2151 3952 2385 4017 implicuit
2411 3968 2661 4003 cervorum
2684 3972 2887 4023 corpora
2910 3960 3073 4008 Darnis
3095 3996 3109 4019 ,

1917 4037 2128 4085 Alitibus
2154 4034 2378 4086 nebulam
2408 4037 2595 4088 vincula
2618 4050 2748 4090 certa
2780 4043 2967 4107 Pigres;

1849 4120 2156 4169 Veri-iculum
2186 4120 2335 4186 pelagi
2360 4121 2418 4169 de
2443 4132 2575 4172 textu
2594 4123 2808 4189 simplice
2829 4128 2999 4186 Clitor,

1911 4206 2087 4253 Juncta
2114 4203 2205 4270 piis
2230 4206 2449 4270 precibus
2476 4222 2672 4257 munera
2702 4210 3007 4272 Paniferunl.

1845 4289 1953 4348 Tu,
1974 4290 2068 4334 Pan
2086 4323 2100 4346 ‚
2126 4286 2270 4335 redde
2295 4287 2443 4336 vicem
2471 4303 2483 4337 :
2519 4290 2691 4338 mullos
2712 4291 2784 4340 iac
2808 4292 2988 4343 Cliton-a
3021 4294 3166 4358 pisces
3186 4331 3200 4354 ‚

1914 4372 2003 4417 Fac
2027 4368 2195 4433 Pigren
2220 4369 2455 4430 volucres,
2478 4372 2649 4420 Damin
2674 4370 2852 4423 habere
2885 4372 3021 4424 feras.

2375 4480 2485 4528 186.
2522 4496 2655 4529 sunu
2682 4498 2875 4533 moena
2893 4519 2909 4545 ,

2493 4586 2553 4635 de
2576 4588 2759 4639 eodem.

1847 4686 1959 4730 liaec
1985 4681 2193 4733 fraterna
2218 4684 2385 4735 domus
2409 4687 2497 4737 tibi
2514 4724 2527 4743 ,
2560 4694 2659 4739 Pan
2680 4694 2873 4755 Tegeoee
2889 4730 2903 4751 ,
2925 4710 3163 4744 sacramus

1909 4764 2051 4813 Retia
2075 4766 2133 4813 de
2158 4766 2296 4821 coelo.
2324 4769 2586 4831 montibus,
2612 4782 2756 4837 atque
2776 4774 2914 4824 mari.

1843 4850 1917 4895 'l‘u
1941 4845 2014 4895 fac
2044 4847 2248 4911 piscator
2266 4848 2377 4897 felix
2405 4851 2463 4899 sit
2487 4851 2534 4900 in
2569 4854 2770 4919 aequoris
2798 4856 2934 4906 undis
2952 4893 2967 4919 ‚

1916 4929 2003 4977 Ille
2034 4930 2159 4977 leves
2192 4930 2342 4996 capiat
2368 4948 2455 4997 per
2466 4934 2576 4999 juga
2615 4947 2740 4986 vasta
2761 4937 2882 4988 feras
2920 4958 2934 4991 z
