3829 5747
484 156 560 214 56
1585 155 2089 219 ANTHOLOGIAE
2137 156 2538 220 PALATINAE

541 289 598 335 47
608 323 620 334 .
631 289 686 336 ln
699 287 913 350 margine
926 286 1045 338 cod.
1070 307 1082 335 ε
1098 293 1180 336 τοῦ
1195 287 1351 335 αὑτοῦ.
1369 288 1492 336 Sunt
1510 287 1702 352 turgida
1713 289 1877 352 potius
1888 302 2036 352 quam
2127 291 2341 347 ἁλίπλοος
2360 289 2423 341 de
2445 291 2661 354 piscibus
2674 330 2686 350 ‚
2702 291 2933 354 navibus,
2948 291 3126 341 nautis.
3142 293 3324 342 Totum
3340 293 3501 342 autem
3514 292 3691 342 locum

479 356 727 419 ἐπηρμένοι.
752 358 824 408 Ibi
843 359 1133 420 ἑπαυχενίοιο
1155 357 1434 407 Huschkius
1451 362 1505 408 et
1527 360 1748 420 ΝωΙιίυε,
1765 373 1866 423 quo
1891 360 2037 408 modo

478 430 671 476 veteres
695 427 888 487 sanius,
911 432 959 478 et
977 427 1196 478 desendIt
1219 428 1419 477 Hecker.
1441 443 1488 492 p.
1517 434 1572 479 19
1599 443 1700 492 seq.
1722 457 1783 466 -
1800 434 1861 480 48
1891 450 1914 472 α
1943 432 2042 491 βιη-

479 497 631 559 μάχον
655 502 760 560 (pro
788 499 942 561 βιήμ.)
967 497 1164 560 scripsi,
1187 497 1524 548 subindicante
1549 499 1800 549 Dindorfio
1819 501 1870 550 in
1887 498 2033 549 Thoe.

476 573 614 618 -49
643 572 705 630 μὴ
727 571 776 618 δέ
796 587 839 618 τι
857 583 1019 632 apogr.
1042 571 1151 618 Par.
1179 568 1343 619 Malim
1361 572 1476 630 μηδέ
1492 589 1552 621 τι.
1582 593 1603 614 n
1629 573 1690 620 B.
1708 578 1844 622 —50
1871 573 2036 632 ὄρθιων

479 638 588 698 (sic)
610 638 751 696 Cod.;
781 639 956 701 ὄρθριον
975 651 1158 702 apogr.;
1181 640 1290 700 γαίη
1309 639 1430 688 Cod.
1456 661 1478 683 «
1507 641 1670 690 Malim
1689 645 2031 700 ὑποκλάζουσα.

475 707 660 756 Paulus
678 708 760 756 Sil.
782 708 831 756 in
851 706 1081 769 Ecphrasi
1103 713 1189 758 112
1213 729 1225 758 ι
1251 711 1474 773 δεξιτερὴν
1491 712 1654 767 ῶτεξεν
1676 715 1820 761 ὑπο-κ.)
1829 715 2035 770 σίζουσαν

475 778 680 840 ἐγείρων.
703 778 844 826 Conf.
865 777 932 826 ib.
951 781 1059 829 27³.
1085 798 1110 823 n
1133 777 1406 830 Chardon.
1429 808 1484 815 —
1502 785 1559 831 54
1581 783 1770 840 θούλλην
1793 784 2037 833 codex.-

474 855 551 898 55.
583 867 606 889 «ι
637 847 928 910 Ἀμοιόαίων,
953 849 1050 897 sibi
1073 849 1476 900 succedentium.
1497 853 1795 915 Intelligendi
1812 854 2037 910 videntur

475 931 786 968 successores
823 919 1135 981 Theoderici,
1167 935 1278 970 cum
1305 921 1485 984 quibus
1516 926 1543 971 J
1549 923 1822 972 ustinianus
1855 937 1943 986 per
1970 925 2040 973 vi-

471 987 592 1050 ginti
635 988 734 1037 sere
775 1001 928 1038 annos
965 988 1090 1038 bella
1119 991 1293 1052 gessit,
1321 991 1600 1054 quibusque
1634 993 1868 1053 deviem,
1896 993 2037 1045 Italia

471 1056 564 1106 suh
604 1060 928 1107 Romanorum
967 1059 1316 1121 imperatorum
1353 1062 1644 1123 potestatem
1689 1062 1845 1111 rediit.
1868 1083 1891 1106 υ
1917 1067 2032 1114 dac.

473 1128 646 1178 Nescio
669 1142 732 1177 an
763 1130 862 1178 sint
899 1129 1082 1178 Totilas
1105 1133 1156 1179 et
1177 1129 1344 1189 Teias‚
1370 1129 1456 1192 qui
1481 1145 1580 1181 uno
1607 1132 1876 1196 eodemque
1909 1147 2036 1183 anno

472 1203 562 1248 553
581 1198 931 1249 occubuerunt.
955 1198 1178 1250 Huschk.
1199 1207 1354 1250 -56.
1377 1219 1401 1241 «ε
1426 1203 1707 1263 Μετρήσασα
1726 1217 1814 1266 pro
1838 1204 2032 1268 ἀριθμή-

471 1284 630 1329 σασα,
655 1270 709 1317 ut
727 1281 804 1330 ap.
826 1268 1030 1318 Theocr.
1053 1271 1177 1329 xvi,
1200 1275 1275 1319 60.
1297 1289 1321 1312 ι»
1351 1271 1465 1318 lac.
1493 1273 1556 1320 At
1571 1284 1728 1334 quum
1755 1285 1853 1321 non
1879 1273 1945 1322 sit
1970 1273 2037 1321 fa·

469 1338 561 1388 cile
591 1339 750 1388 metiri
787 1341 876 1388 aut
913 1352 1170 1388 numerare
1199 1339 1359 1402 capita
1396 1340 1708 1402 abscondita,
1752 1343 2031 1404 κρυφθέντα,

470 1421 688 1472 propono
713 1408 940 1471 equidem
969 1411 1197 1472 ῥιφθέντα.
1220 1411 1381 1459 Boiss.
1405 1410 1633 1473 Agathias
1660 1409 1893 1460 intellexit
1908 1422 2035 1472 quos

468 1478 682 1543 dejectos
720 1483 770 1530 et
797 1481 1042 1544 neglectos
1072 1480 1254 1530 sensim
1278 1481 1441 1543 pulvis
1468 1482 1646 1532 obruit.
1667 1509 1731 1520 —-
1749 1486 1824 1532 57.
1847 1483 2035 1544 Ῥώμην

469 1568 673 1616 novam,
703 1555 1184 1617 Constantinopolim.
1201 1582 1264 1591 -—
1281 1563 1340 1606 58
1361 1557 1540 1614 Κυταίῃ
1561 1557 1826 1607 Salmasius
1848 1561 1897 1606 et
1922 1557 2034 1606 Vis-

467 1625 662 1674 coutius
697 1638 787 1688 pro
823 1627 1033 1688 νυκταὶῃ.
1059 1627 1146 1674 Est
1177 1627 1330 1684 Κύτα,
1367 1627 1442 1676 vel
1475 1629 1658 1676 Κύταια
1691 1627 1879 1690 ροιίιιε,
1916 1626 2034 1676 urbs

467 1694 698 1744 Colchica
711 1733 723 1754 ,
748 1715 771 1736 a
797 1694 981 1744 Medeae
1009 1695 1180 1758 patria,
1205 1717 1229 1738 ι»
1250 1695 1408 1758 inquit
1434 1697 1598 1759 steph.
1624 1700 1757 1759 Byz.‚
1774 1697 1906 1746 unde
1932 1696 2027 1758 adi.

467 1768 664 1820 Κυταίος
684 1767 735 1815 et
764 1765 967 1820 Κυταῐίς.
991 1768 1117 1815 Noto
1149 1779 1242 1814 usu
1275 1767 1551 1829 praepositio
1581 1768 1720 1817 alteri
1752 1767 1814 1817 de
1838 1767 2032 1816 duobus

469 1833 746 1882 nominibus
776 1833 994 1898 apposita
1009 1873 1020 1894 ‚
1041 1834 1104 1884 ad
1127 1836 1264 1898 prius
1290 1851 1488 1899 quoque
1517 1838 1743 1887 refertur.
1763 1865 1827 1876 -
1845 1845 1923 1900 59,
1948 1846 2028 1889 60.

467 1906 543 1953 De
570 1907 740 1954 Iasone
757 1905 912 1954 tauris
929 1905 1216 1968 χαλκὸποσιν
1242 1919 1414 1955 arvum
1443 1911 1610 1958 arante
1627 1945 1639 1968 ,
1669 1909 1886 1970 Aponon.
1916 1915 2026 1972 Arg.

463 1975 551 2034 111,
576 1979 686 2024 1331
721 1987 857 2037 seqq.
877 2001 940 2010 —
957 1979 1034 2025 61.
1061 1995 1084 2018 «
1115 1976 1308 2025 Jacobs.
1331 1977 1484 2027 edidit
1504 1979 1837 2039 Ἃδριάδεσσιν,
1865 1978 2033 2029 intelli-

464 2057 582 2108 gens
594 2082 607 2104 ‚
627 2047 686 2095 ut
697 2044 911 2104 videtur,
927 2045 1164 2110 nymphas
1177 2046 1370 2096 Hadria}
1386 2086 1398 2106 ‚
1413 2047 1668 2109 dequibus
1683 2053 1732 2098 et
1751 2049 2031 2098 Huschldus

467 2113 660 2178 cogitat.
704 2115 894 2177 Reliqui
941 2114 1134 2164 Codicis
1174 2116 1465 2179 scripturam
1509 2119 1828 2180 ἁδρυὰδεσσιν,
1863 2133 2026 2182 apogr.

464 2183 672 2244 saponis„
692 2183 754 2232 de
789 2183 1014 2246 nymphis
1049 2184 1487 2247 Hamadryadibus.
1514 2207 1536 2228 »ι
1567 2189 1629 2237 Β.
1658 2190 1761 2235 lmo
1795 2188 2028 2237 viscontii

468 2256 544 2303 est
563 2253 688 2303 illud
714 2254 784 2303 ita
819 2253 1075 2304 scribentis
1101 2275 1114 2304 ι
1144 2275 1167 2297 «ι
1202 2254 1416 2305 Phasida
1439 2256 1701 2319 nympham
1734 2257 1796 2306 ad
1830 2257 2031 2307 choreas

469 2336 584 2372 cum
607 2324 804 2373 Hadriae
829 2323 1056 2388 nymphis
1087 2325 1348 2374 nectendas
1373 2325 1573 2386 invitat,
1601 2331 1770 2390 utpote
1797 2341 1910 2390 quae
1950 2343 2051 2377 re·-

463 2393 630 2456 giones
655 2393 874 2457 ejusdem
898 2394 1131 2457 principis
1157 2395 1364 2458 imperio
1385 2396 1630 2459 subjectas
1664 2397 1890 2447 incolant.
1918 2401 2028 2447 Jam

465 2464 639 2527 ample
653 2464 714 2514 de
734 2463 927 2513 Colchis
947 2469 996 2513 et
1014 2465 1202 2514 Iasonis
1223 2464 1400 2515 fabulis
1417 2465 1730 2528 digressionis
1748 2467 1882 2529 origo
1903 2469 2027 2516 t'orte

463 2532 850 2583 adJustininiani
873 2533 935 2584 de
951 2533 1114 2584 Alanis
1135 2537 1220 2597 qui
1242 2549 1356 2584 eum
1375 2539 1585 2587 tractum
1603 2537 1856 2598 tenebant,
1869 2538 2023 2588 viclo-

461 2602 586 2652 riam
617 2603 896 2663 referenda;
921 2604 1046 2654 forte
1068 2603 1216 2654 etiam
1241 2609 1432 2667 poetam
1447 2644 1460 2667 ,
1487 2609 1543 2654 ut
1563 2605 1644 2655 hic
1668 2607 1814 2668 paulo
1839 2608 2029 2657 diutius

467 2676 818 2735 immoraretur,
829 2674 1102 2724 alliciebant
1121 2674 1302 2724 fabulas
1315 2677 1668 2738 Argonauticae,
1681 2691 1796 2740 quae
1811 2679 2029 2742 regiones

467 2741 610 2793 hasce
629 2747 703 2794 tot
717 2744 901 2794 Graecis
913 2744 1211 2794 carminibus
1225 2745 1612 2795 nobilitaverant.
1637 2769 1661 2790 u
1684 2748 1875 2806 Quibus
1891 2748 2029 2798 addit

465 2813 743 2863 Huschkius
765 2836 778 2864 ι
801 2835 822 2856 «ι
846 2814 1088 2879 Digressio
1107 2815 1191 2864 illa
1211 2817 1400 2878 spectat
1427 2816 1490 2865 ad
1517 2817 1643 2868 bella
1669 2818 1718 2867 in
1745 2819 1942 2880 Lazica,
1959 2833 2031 2870 re-

461 2884 602 2947 gione
625 2884 902 2947 colchidis,
931 2889 1068 2949 gesta
1087 2890 1254 2935 contra
1282 2889 1481 2945 Persas3
1509 2902 1556 2936 v.
1585 2891 1786 2951 Procop.
1813 2894 1875 2951 Π,
1898 2906 1938 2941 c..
1972 2898 2027 2941 10

462 2958 512 3004 et
543 2960 718 3015 isi-293
748 2959 924 3019 Euagr.
950 2957 1038 3014 lv,
1061 2963 1139 3014 25,
1165 2964 1241 3005 26.
1267 2966 1440 3007 22—62
1461 2959 1626 3015 φασίας
1644 2963 1694 3010 et
1712 2962 1880 3023 νῦμιφηι
1904 2963 2022 3012 cod.

475 3050 522 3060 —-
550 3030 628 3075 63.
655 3026 930 3075 Just-iniani.
949 3030 1103 3075 -64,
1124 3029 1158 3075 Γ
1161 3029 1412 3087 ιγαντείου,
1434 3028 1496 3077 de
1522 3030 1744 3092 1rogenie
1773 3030 2023 3094 draconis,

461 3108 608 3155 quam
632 3100 863 3157 γηγενέων
889 3096 1064 3157 ἀνδρῶν
1084 3096 1258 3158 στάχυν
1283 3098 1492 3159 appellat
1515 3100 1731 3162 Apollon.
1754 3102 1785 3149 l.
1813 3115 1853 3150 c.
1887 3108 2021 3153 1339.

459 3164 600 3213 Cous.
622 3179 731 3213 mox
749 3170 804 3215 67
828 3178 928 3227 seq.
941 3172 1089 3214 -65.
1109 3166 1262 3227 Ἀργος
1288 3166 1429 3225 eod..
1447 3180 1571 3218 corr.
1598 3169 1878 3219 Visrontius
1891 3210 1902 3229 ‚
1920 3186 2028 3233 pro-

459 3234 688 3283 bantibus
708 3234 957 3284 Huschkio
975 3238 1025 3283 et
1041 3235 1195 3283 Boiss.
1212 3243 1362 3286 --66.
1387 3240 1568 3299 Pagasa
1582 3277 1594 3300 ‚
1613 3240 1824 3302 Magnesi
1842 3257 1868 3289 i·-
1887 3242 2021 3305 urbS‚

461 3304 590 3353 unde
618 3306 763 3355 solvit
786 3310 926 3356 lason
958 3319 1072 3355 cum
1098 3307 1407 3368 Argonautis,
1427 3334 1490 3342 —
1515 3312 1574 3357 70
1606 3310 1692 3371 οὐχ
1719 3312 1825 3367 ὁσίη
1855 3312 2021 3373 τέχνη,

461 3373 644 3435 magica
667 3387 761 3423 ars.
793 3374 978 3423 Deinde
1004 3375 1124 3424 cod.
1141 3377 1320 3424 λῠσσαν
1347 3379 1560 3435 ἑλοῦσαν,
1579 3392 1704 3427 corr.
1735 3382 1837 3428 Jac.
1860 3408 1925 3416 —
1940 3386 2015 3431 73.

460 3444 682 3503 Βάκτριος
707 3443 841 3506 γίγας
877 3448 1120 3494 vocantur
1149 3444 1332 3495 Parthi.
1363 3467 1386 3489 «ι
1417 3448 1698 3498 viscontius
1731 3454 2019 3515 ἡμετέροισι,

455 3511 592 3574 quod
611 3513 752 3562 estin
780 3514 921 3573 θοὰ,
947 3514 1258 3578 probabiliter
1285 3517 1497 3568 mutavit
1526 3518 1574 3567 in
1607 3523 1884 3581 ὑμετέροισι.
1909 3542 1934 3565 ι»
1958 3527 2015 3573 B.

458 3585 555 3642 Qui
583 3586 809 3647 sequenti
836 3600 980 3635 versu
1019 3586 1210 3635 mavult
1237 3588 1404 3635 Οὐκέτι
1440 3605 1532 3636 σοι.
1563 3616 1626 3625 -
1650 3596 1710 3639 80
1741 3594 2019 3652 κατοργάδος

456 3656 576 3705 Coti.
588 3694 598 3717 ,
612 3655 746 3719 quod
768 3670 892 3705 corr.
908 3655 1102 3705 saeohs.
1115 3656 1162 3704 in
1183 3660 1282 3706 not.
1301 3670 1440 3720 mss,
1453 3672 1564 3707 cum
1589 3659 1850 3709 viscontio.
1871 3664 2014 3714 Hom.

459 3726 514 3775 ll.
535 3730 596 3786 Ω,
611 3732 688 3787 81,
709 3726 949 3783 Quintum
963 3728 1047 3785 VI,
1064 3733 1124 3776 50
1139 3728 1327 3777 confert
1345 3729 1667 3779 flecken—81
1686 3732 1858 3780 ὕασπιν
1875 3733 2016 3795 Cod.,

455 3809 578 3844 corr.
603 3796 902 3845 Viscontius.
923 3796 1076 3845 Boiss.
1097 3800 1346 3859 comparat
1368 3798 1622 3849 claudian.
1658 3801 1773 3850 Rus.
1800 3804 1863 3861 Π,
1885 3808 1975 3854 243
2005 3826 2017 3855 :

457 3866 760 3929 auriferum
789 3869 998 3915 veniam.
1019 3868 1248 3931 poturus
1269 3868 1568 3932 Hydaspen.
1587 3897 1650 3907 —
1663 3876 1740 3921 83.
1758 3873 2021 3924 Columnas

456 3938 705 3985 Herculis·
743 3941 836 3986 Per
858 3937 1067 3987 abusum
1081 3978 1093 3999 ‚
1114 3951 1226 3988 nam
1244 3941 1422 4001 κύρδεις
1442 3945 1559 3990 sunt
1577 3943 1816 3991 columnae
1839 3945 2021 4007 quibus

455 4008 585 4069 leges
607 4007 866 4069 inscriptae.
884 4033 946 4044 —
977 4014 1052 4058 86.
1073 4010 1244 4069 Κεραίη
1259 4045 1272 4067 ,
1293 4009 1468 4071 duplex
1488 4014 1869 4074 promontorium
1884 4054 1895 4075 ‚
1920 4018 2017 4065 Eu-

458 4089 586 4137 ropae
611 4077 662 4125 et
689 4076 883 4126 Africae.
915 4104 976 4113 —
1004 4082 1079 4127 87.
1124 4082 1286 4136 Βατής.
1311 4080 1580 4130 Commode
1599 4084 1817 4133 meminit
1834 4084 2023 4135 Husch-

458 4145 567 4194 kius
594 4146 689 4195 loci
713 4160 742 4196 a
766 4146 918 4197 Suida
947 4148 1129 4198 servati
1155 4162 1210 4198 ex
1243 4150 1407 4213 ignoto
1443 4152 1701 4214 scriptore,
1722 4168 1770 4202 v,
1790 4156 2016 4219 Γάδειραι

456 4220 610 4279 Μέχρι
634 4219 809 4267 τούτων
835 4220 980 4267 ἐλθὼν
1010 4224 1036 4268 ὀ
1059 4221 1292 4283 Ἡρακλῆς
1321 4224 1399 4269 καὶ
1431 4226 1495 4283 μή
1523 4225 1770 4285 δυνάμενος
1798 4227 2010 4287 διελθεῖν,

456 4290 628 4343 στήλας
647 4288 772 4350 παρὰ
793 4294 883 4337 τῶν
901 4290 1140 4356 ἐγχωρίων
1157 4292 1312 4339 λαὸὼν
1334 4292 1552 4355 ἱδρύσατο
1567 4330 1579 4352 ,
1597 4295 1750 4351 δηλῶν
1769 4296 1830 4343 δι’
1845 4296 2016 4358 αὐτῶν,

454 4359 562 4419 ἄχρι
581 4365 673 4408 τῶν
685 4362 798 4420 ’τῇδε
825 4362 970 4421 βατὴν
991 4363 1109 4410 εἷκαι
1131 4363 1215 4419 τήν
1229 4369 1314 4423 γῆν
1331 4365 1411 4411 καὶ
1432 4364 1686 4413 θάλασσαν.
1701 4392 1761 4400 ——
1777 4372 1852 4417 88.
1871 4368 2013 4417 Cous.

457 4426 565 4485 vll,
593 4440 670 4488 ep.
691 4434 799 4487 626,
833 4433 872 4477 1.
897 4455 960 4464 -
981 4435 1057 4479 91.
1084 4450 1108 4471 «ι
1133 4436 1306 4495 Apogr.
1335 4434 1652 4495 ὓπερρηγμῖνι.
1685 4433 1890 4485 Distinxi
1905 4440 2020 4499 post

453 4499 584 4557 ὑπὲρ.
605 4497 1020 4548 Reverberabatur
1031 4514 1166 4550 mare
1179 4516 1328 4566 super
1344 4516 1538 4553 arenam
1553 4542 1566 4563 ,
1580 4518 1693 4567 quse
1707 4506 1784 4554 vel
1799 4520 1912 4555 cum
1933 4508 2019 4569 ἀμ-

453 4567 619 4613 πώτιδι
638 4578 732 4615 non
749 4567 990 4628 profunda
1010 4572 1085 4618 est
1107 4574 1157 4620 ct
1179 4572 1279 4620 sere
1296 4571 1428 4620 arida
1444 4611 1456 4632 ‚
1471 4572 1541 4621 ita
1559 4577 1616 4621 ut
1637 4573 1756 4623 litus
1775 4573 2015 4623 vadosum

454 4638 504 4685 et
531 4637 670 4687 velut
703 4640 899 4698 natans,
919 4640 1154 4702 ἁλίπλοον,
1183 4642 1338 4704 possit
1355 4642 1458 4691 sine
1487 4643 1598 4692 navi
1629 4658 1736 4693 esse
1763 4644 1855 4694 iter
1869 4646 2020 4695 viato-

453 4706 605 4754 ribus.
627 4709 694 4755 De
715 4706 906 4757 nomine
923 4710 1132 4768 ἄμπωτις
1149 4711 1260 4760 vide
1273 4711 1336 4760 ad
1357 4712 1536 4761 Anecd.
1556 4726 1664 4762 mea
1679 4716 1712 4763 t.
1734 4721 1779 4773 2,
1797 4726 1843 4777 p.
1861 4720 1970 4767 428.
1991 4736 2015 4760 ι»

451 4783 512 4829 Β.
531 4796 554 4817 «ι
575 4775 768 4825 Jacobs.
794 4778 1044 4827 vadosum
1067 4785 1264 4831 vertens
1283 4784 1400 4832 citat
1414 4782 1711 4843 Hesychium
1736 4804 1748 4832 z
1773 4786 2014 4846 Ἀλίπλοα,

455 4846 741 4907 ὓποὸρύχια,
764 4848 832 4902 οἷς
862 4852 893 4905 ἦ
921 4850 1128 4899 Θάλασσα
1155 4854 1435 4909 ἐπιπολάζει.
1457 4852 1548 4903 Sed
1578 4854 1623 4903 ei
1649 4856 1822 4917 glossa}
1863 4855 2011 4906 fidem

454 4914 800 4972 detrahendam
828 4932 935 4967 esse
957 4923 1090 4982 patet
1106 4934 1162 4970 ex
1181 4924 1320 4971 Hom.
1342 4923 1399 4973 ll.
1419 4926 1485 4983 Μ,
1507 4931 1565 4974 26
1591 4925 1736 4986 ιόρρα
1755 4942 1808 4973 κε
1839 4928 2015 4974 Θᾶσσον

451 4977 653 5031 clivom
687 4980 844 5038 τείχεα
876 4982 973 5037 θείη
988 5018 1000 5039 ,
1035 4981 1065 5030 i.
1111 4996 1151 5032 e.
1187 4986 1327 5034 nutri
1365 4988 1696 5046 innatantia,
1743 4989 1798 5035 ut
1837 4985 2015 5037 dicitur

2125 361 2311 424 egregie
2322 361 2568 411 illustrant
2580 375 2753 412 versus
2768 363 3003 425 Apollonii
3016 362 3105 412 Rh.
3116 366 3201 423 IV,
3219 369 3334 413 1232
3350 377 3483 426 seqq.
3498 364 3691 414 Eadem

2124 431 2351 494 Agathias
2373 444 2571 494 quoque
2588 432 2635 481 in
2653 432 2747 481 hac
2761 433 2943 494 Syrtios
2961 432 3282 495 descriptione
3297 432 3457 482 dicere
3474 434 3653 483 debuit
3676 454 3688 481 :

2128 520 2151 543 «
2180 504 2340 551 Tutus
2356 515 2604 565 perages,
2626 515 2655 550 ο
2679 503 2849 564 viator,
2866 515 3090 552 recessus
3108 503 3271 564 Libyae
3290 507 3340 553 et
3357 507 3533 552 terram
3552 503 3691 566 Syrti

2125 571 2424 635 adjacentem
2438 611 2450 630 ‚
2490 572 2577 622 ubi
2608 587 2742 622 mare
2789 573 3039 637 repulsum
3079 573 3142 622 ab
3182 573 3476 623 australibus
3514 576 3691 623 Boreae

2125 641 2345 703 procellis
2376 642 2439 691 ad
2468 642 2653 691 siccum
2681 643 2947 702 refluxum,
2967 646 3143 693 nautas
3170 644 3296 706 cogit
3322 644 3415 692 iter
3438 645 3692 693 marinum

2124 711 2395 773 relinquere
2422 715 2471 761 et
2495 715 2627 762 terra
2648 713 2821 763 redire.
2846 734 2869 757 n
2897 713 3020 762 Hinc
3044 715 3209 763 locum
3242 713 3457 778 Agathiae
3478 715 3547 764 ita
3575 727 3693 763 eon-

2124 781 2357 831 stituam:

2402 922 2485 968 καῖ
2506 922 2626 984 παρὰ
2648 923 2826 984 Σύρτιν.
2848 922 2940 980 ὅπη
2960 923 3138 984 νοτίῃσί
3162 924 3363 978 θυέλλαις

2248 993 2290 1046 ἐς
2309 992 2459 1040 κλίσιν
2478 991 2761 1054 ἀντίπρῳρον
2786 993 3127 1042 ἀνακλασθεῖσα
3154 995 3328 1056 Βορῆος

2246 1064 2323 1110 καὶ
2348 1063 2563 1124 ψαραρήν
2580 1063 2812 1124 ἄμπωτιν,
2832 1064 2946 1125 ὑπὲρ
2972 1065 3251 1126 ῥηγμῖνος
3286 1063 3557 1120 ἁλίπλοις

2247 1133 2435 1198 ἀνδράσι
2458 1134 2535 1182 δῖα
2558 1135 2770 1182 θάλασσα
2789 1133 2933 1196 πόρον
2958 1139 3176 1198 χερσαῖον
3198 1135 3402 1195 ἀνοίγει,

2122 1273 2155 1320 i.
2177 1286 2221 1322 e.
2248 1275 2460 1323 Θάλασσα
2492 1275 2835 1324 ἀνακλασθεῖσα
2862 1277 3065 1331 θυέλλαις
3091 1279 3261 1337 Βορῆος
3292 1277 3337 1332 ἐς
3376 1276 3525 1325 κλίσιν
3560 1277 3693 1324 ἀντί·

2122 1360 2305 1407 πρῳρον
2342 1347 2419 1392 καί
2460 1344 2673 1407 ἄμπωτιν
2702 1347 2931 1407 ψαφαρήν.
2959 1345 3037 1395 Sic
3065 1347 3427 1409 περικλασθεῖσα
3468 1346 3694 1396 θάλασσα

2122 1413 2247 1461 idern
2267 1413 2571 1476 Agat-liias--X,
2594 1429 2670 1478 ep.
2702 1419 2774 1474 14,
2794 1421 2840 1465 3.
2868 1435 2891 1458 ιι
2922 1415 3139 1465 Becker.
3163 1419 3288 1472 Quae
3312 1427 3428 1464 vera
3452 1429 3561 1464 esse
3588 1416 3691 1464 loci

2122 1483 2359 1532 sententia
2400 1487 2451 1534 et
2492 1484 2731 1548 scriptura
2756 1484 2965 1535 videtur.
3003 1488 3102 1535 Nos
3134 1499 3249 1534 cum
3284 1488 3401 1534 nota
3432 1485 3693 1536 Boissona-

2120 1551 2265 1602 diana
2290 1554 2437 1603 etiam
2480 1554 2629 1604 latina
2655 1556 2762 1618 ejus
2792 1555 3092 1617 reliquimus.
3109 1582 3169 1591 —
3196 1561 3256 1605 96
3282 1553 3489 1618 κοιρανίη
3534 1555 3687 1612 Οοᾱ..

2119 1623 2255 1684 quod
2297 1627 2459 1674 servat
2507 1625 2659 1675 Boiss.
2702 1628 2851 1675 Recte
2903 1624 3182 1676 Huschkius
3242 1627 3424 1688 ἤπειρον
3461 1623 3691 1687 intelligit

2120 1694 2318 1744 Asiam:
2348 1715 2371 1738 α
2402 1696 2627 1758 Inprimis
2659 1697 2800 1756 Asia,
2821 1711 2920 1760 qua
2946 1697 3041 1746 late
3071 1700 3231 1760 patet,
3252 1698 3469 1758 Ἦπειρος
3500 1695 3693 1744 dicitur

2119 1763 2367 1814 Herodoto
2392 1767 2479 1824 lv,
2516 1770 2592 1826 81,
2628 1768 2678 1814 et
2713 1765 2834 1815 aliis.
2870 1766 3049 1816 Eximie
3088 1767 3249 1816 Persis
3287 1769 3359 1815 ita
3399 1765 3693 1828 designatur

2120 1832 2251 1894 apud
2287 1837 2505 1884 oratores
2542 1838 2594 1884 et
2630 1835 3020 1898 Xenophontem,
3062 1834 3191 1883 sicut
3228 1836 3511 1895 Ἠπειρῶται
3562 1839 3690 1883 sunt

2118 1903 2533 1964 gentes'Asiaticoe
2551 1905 2651 1968 regi
2677 1908 2935 1956 Persarum
2956 1904 3173 1954 obnoxiae
3186 1943 3198 1964 ‚
3219 1907 3447 1955 monente
3467 1905 3529 1953 ad
3551 1908 3687 1953 Har-

2118 1972 2443 2033 pocratiouem
2477 1975 2670 2024 valesio
2698 1988 2747 2038 p.
2772 1978 2909 2024 87....
2938 1973 3133 2023 Plenius
3166 1973 3387 2036 loquitur
3415 1973 3691 2035 Dionysius

2119 2042 2303 2104 Perieg.
2335 2047 2389 2092 14
2418 2063 2430 2091 ε

2242 2183 2468 2242 Εὐρώπην
2480 2181 2521 2231 δ’
2536 2181 2685 2240 Ἀσίης
2704 2183 2876 2239 Τάναϊς
2894 2184 2971 2232 διὰ
2996 2185 3171 2245 μέσσον
3198 2183 3260 2244 (al
3302 2185 3493 2244 μέσσος)
3518 2186 3689 2244 ὁρίζει·

2242 2255 2289 2310 ὅς
2311 2255 2367 2315 ῥά
2384 2252 2440 2314 θ’,
2464 2254 2759 2315 ἑλισσόμενος
2776 2256 2913 2315 γαίης
2936 2255 3014 2304 δία
3034 2254 3397 2317 Σαυροματίιων,

2238 2339 2423 2386 συρεται
2447 2323 2491 2377 ἐς
2513 2323 2709 2382 Σκυθίην
2748 2340 2798 2372 τε
2822 2326 2901 2372 καὶ
2922 2323 2965 2380 ἐς
2991 2325 3238 2372 Μαιώτιδα
3260 2323 3441 2384 λίμνην.
3468 2344 3490 2365 ιι

2116 2485 2165 2494 --
2194 2464 2255 2509 99
2276 2461 2418 2514 ξένοιο
2442 2459 2764 2510 cod—104.
2784 2463 2883 2523 Μιῇ
2905 2461 3065 2521 σύζυγι
3080 2498 3093 2520 ,
3120 2461 3229 2509 vult
3256 2479 3281 2502 «
3302 2473 3402 2508 uno
3431 2459 3693 2510 volumine

2118 2529 2532 2591 comprehensam.
2558 2550 2582 2572 ν
2599 2557 2659 2566 —-
2680 2536 2783 2581 105.
2806 2550 2829 2572 α
2848 2532 3063 2580 Μέλισσα
3075 2531 3343 2591 πολύξενος,
3370 2541 3485 2592 apes
3508 2531 3691 2579 multae·

2116 2603 2166 2648 et
2182 2598 2389 2661 hospitae
2406 2637 2424 2660 ,
2443 2598 2587 2648 multi
2611 2603 2769 2662 poetae
2794 2597 3033 2662 peregrini
3050 2599 3127 2658 (?).
3150 2598 3283 2648 Infra
3298 2611 3346 2646 r.
3375 2604 3455 2647 131
3480 2599 3693 2660 μέλισσα

2115 2682 2263 2718 sensu
2282 2683 2379 2718 non
2400 2668 2540 2718 facile
2562 2669 2704 2720 obvio
2725 2670 2925 2732 ponitur
2946 2682 3035 2732 pro
3052 2668 3179 2718 libro
3200 2669 3485 2717 carminum.
3510 2687 3534 2710 n
3552 2671 3695 2717 B.—

2121 2745 2205 2789 loo
2224 2741 2381 2798 τοσὸν,
2404 2743 2489 2789 107
2508 2741 2776 2797 καλλιοπίης
2790 2775 2804 2796 ,
2824 2745 2904 2788 111
2934 2741 3135 2797 ἄληκτον
3149 2739 3443 2788 cort—113.
3470 2758 3493 2780 α
3522 2739 3693 2788 Valde

2115 2809 2234 2859 mihi
2263 2810 2420 2873 placet
2440 2810 2586 2860 lectio
2602 2810 2903 2870 vavassoris
2926 2812 3101 2873 Πρῶτα
3117 2811 3166 2858 δὲ
3192 2811 3470 2867 συλλέξαιμι.
3502 2829 3527 2852 »ι
3550 2812 3695 2858 Β.-

2120 2888 2221 2932 115.
2249 2901 2273 2923 «
2298 2884 2541 2945 ΙΙροτέροις
2558 2882 2817 2943 μακάρεσσι
2831 2917 2844 2939 ,
2860 2881 2965 2930 Diis
2982 2881 3251 2944 gentilium.
3274 2881 3595 2942 Antiquitatis
3615 2894 3695 2931 re-

2114 2952 2332 3003 verentia
2354 2966 2407 3001 se
2432 2966 2617 3002 morem
2639 2950 2773 3004 hunc
2798 2965 3020 3001 servasse
3052 2952 3327 3016 profitetur,
3349 2965 3379 3001 a
3400 2950 3693 3002 Christiano

2114 3021 2311 3072 homine
2339 3024 2551 3072 alienum
2578 3022 2774 3071 scilicet.
2807 3022 3099 3085 intelligitur
3116 3036 3171 3071 ex
3193 3020 3273 3070 his
3294 3026 3347 3071 et
3370 3034 3506 3084 seqq.
3530 3023 3693 3073 talem

2112 3093 2395 3142 institutum
2418 3094 2569 3142 fuisse
2593 3093 2653 3141 ab
2686 3090 2891 3155 Agathia
2916 3106 3159 3142 novorum
3190 3091 3603 3155 epigrammatum
3636 3094 3695 3142 in

2113 3166 2297 3224 septem
2314 3162 2463 3212 libros
2484 3162 2858 3225 descriptionem
2882 3182 2893 3209 :
2906 3167 3115 3225 primus
3134 3160 3557 3225 complectebatur
3574 3176 3695 3212 car-

2112 3232 2242 3281 mina
2260 3232 2585 3291 dedicatoria3
2610 3232 2893 3293 secundm,
2912 3232 3166 3295 regionum
3178 3271 3190 3292 ‚
3207 3235 3481 3281 statuarum
3499 3272 3513 3293 ‚
3534 3233 3693 3282 tabu-

2111 3302 2285 3362 larum,
2302 3302 2606 3365 aliorumque
2623 3302 2741 3352 artis
2756 3314 2959 3365 operum
2974 3301 3323 3365 descriptiones
3336 3319 3349 3361 3
3373 3304 3563 3351 tertius
3574 3339 3593 3361 ‚
3608 3316 3691 3353 se-

2110 3371 2367 3434 pulcralia3
2385 3377 2625 3435 quar-tm,
2641 3372 2856 3422 cannina
2870 3373 2918 3420 in
2938 3373 3098 3421 varios
3116 3372 3231 3421 xitae
3251 3370 3485 3421 humanm
3502 3386 3691 3432 casus;

2109 3444 2345 3503 quintus,
2373 3443 2717 3506 epigrammata
2744 3441 2981 3503 satyrica5
3000 3443 3214 3503 sextus,
3236 3442 3502 3501 amatoria3
3530 3446 3695 3505 septt-

2107 3525 2224 3561 mus
2234 3548 2253 3573 ,
2271 3525 2329 3561 ea
2346 3526 2460 3574 qum
2492 3512 2556 3561 ad
2576 3512 2692 3563 vitoe
2726 3514 2941 3562 fructum
2968 3512 3019 3561 et
3040 3512 3261 3561 laetitiam
3289 3510 3634 3561 exhortantur.
3664 3532 3695 3555 n

2106 3584 2221 3631 Jac.
2252 3608 2313 3617 ·-
2345 3587 2429 3631 117
2463 3581 2598 3645 εὖχος
2632 3583 2789 3645 ἀρήγει
2824 3581 2985 3631 Codex
3021 3584 3071 3631 et
3097 3594 3282 3645 apogr.‚
3320 3580 3446 3629 inter
3478 3580 3568 3629 lin.
3606 3598 3693 3644 γρ.

2106 3653 2295 3716 ἀγείρει.
2326 3671 2349 3695 ει
2396 3652 2540 3715 Εὖχος
2567 3652 2764 3702 videtur
2800 3654 3015 3715 positum
3049 3666 3137 3715 pro
3176 3651 3417 3713 ἀνάθημα,
3454 3650 3522 3700 de
3558 3650 3699 3700 libro

2106 3724 2362 3772 ἀνατεθέντι
2386 3725 2631 3787 Θεοδώρῳ.
2660 3726 2721 3771 V.
2749 3723 2967 3773 Huschk.
2994 3723 3130 3772 Anal.
3155 3722 3260 3771 crit.
3288 3734 3339 3785 1).
3367 3727 3473 3773 133.
3494 3721 3699 3771 Deinde

2108 3794 2219 3843 fort.
2243 3796 2297 3843 τὸ
2319 3794 2526 3855 δεύτερον
2554 3793 2689 3855 εὖχος
2712 3794 2897 3859 ἀγείρει.
2928 3814 2951 3837 ιι
2976 3797 3089 3843 Jac.
3112 3796 3212 3856 Ego
3237 3792 3384 3841 velim
3417 3792 3568 3841 scribi
3598 3810 3701 3841 πα-

2106 3864 2291 3926 λαίτεροι
2314 3869 2524 3926 τεῦχος
2553 3865 2821 3925 (volumen)
2836 3866 3021 3927 ἀγείρει.
3046 3867 3209 3913 Bois&
3234 3862 3518 3913 Huschkius
3540 3863 3696 3925 εὖχος

2107 3935 2284 3998 ἐγείρει.
2305 3954 2328 3976 ιι
2347 3935 2467 3982 Nam
2480 3937 2704 3983 veterum
2728 3934 2922 3997 (inquit)
2946 3933 3107 3984 laudis
3126 3933 3374 3983 contentio
3392 3947 3491 3982 non
3504 3935 3701 3997 ἀγείρει

2106 4019 2166 4055 ea
2186 4018 2299 4067 quae
2324 4004 2617 4055 recentiores
2636 4005 2687 4053 in
2712 4019 2772 4055 eo
2794 4018 2968 4069 genere
3004 4005 3335 4068 scripserunt,
3359 4004 3446 4054 sed
3486 4007 3667 4068 ἐγείρει
3685 4044 3701 4063 ,

2108 4076 2305 4126 excita!
2345 4088 2429 4136 ea,
2472 4076 2522 4125 in
2562 4076 2849 4126 memoriam
2890 4078 3120 4136 revocat,
3148 4074 3373 4139 colligere
3408 4074 3555 4136 jubet
3598 4089 3703 4138 per

2107 4146 2481 4195 aemulationem.
2517 4166 2540 4189 »
2570 4146 2819 4196 Beckerus
2856 4148 3023 4209 ἀείρει,
3056 4146 3167 4196 coll.
3205 4148 3287 4205 IX,
3330 4158 3408 4207 ep.
3452 4149 3571 4206 461,
3598 4152 3637 4197 3
3686 4168 3701 4195 z

2104 4218 2272 4279 ἠνορέῃ
2307 4219 2550 4281 ὑπέρτερον
2582 4216 2715 4280 εὖχος
2759 4217 2929 4280 ἀείρω,
2949 4221 3000 4267 et
3034 4217 3305 4279 παλαίτερον
3334 4214 3474 4277 εὖχος
3513 4218 3695 4265 Nomi.

2106 4288 2247 4338 Dion.
2285 4288 2479 4347 xxvn,
2523 4292 2630 4337 340.
2665 4315 2730 4323 —
2761 4292 2846 4338 118
2888 4289 3184 4352 χαραξαμένη
3218 4288 3304 4335 τινὶ
3346 4288 3491 4349 χώρῳ
3534 4288 3703 4346 cod..

2107 4372 2229 4406 corr.
2253 4357 2444 4407 Jacobs.
2472 4360 2788 4421 Γραφίόεσσιν,
2816 4361 2873 4407 in
2889 4358 3048 4422 pictas
3064 4357 3260 4407 tabulas
3274 4396 3285 4418 ,
3306 4360 3367 4407 ut
3382 4370 3496 4405 mox
3514 4370 3569 4407 v,
3600 4364 3621 4407 1
3634 4366 3708 4409 20

2106 4429 2279 4483 ἀέθλοις
2294 4464 2307 4487 ,
2328 4433 2412 4478 124
2434 4430 2677 4485 κελεύθοις.
2696 4449 2719 4472 α
2741 4429 2903 4486 Ἀλλης
2915 4431 3081 4491 τέχνης
3104 4430 3259 4478 ἄεθλοι
3279 4426 3453 4477 referri
3468 4436 3707 4491 possunt

2106 4496 2167 4545 ad
2189 4512 2404 4560 gemmas
2431 4499 2660 4562 sculptas.
2687 4521 2711 4543 ι»
2732 4498 2960 4550 Huschk.
2984 4525 3047 4536 —-
3070 4506 3172 4549 122.
3202 4518 3225 4541 α
3249 4498 3457 4547 Distinxi
3476 4537 3488 4560 ‚
3510 4502 3707 4550 nescio

2105 4581 2166 4617 an
2185 4569 2565 4629 melius,''00-coe
2587 4572 2737 4630 θέμις·
2760 4571 2975 4632 τὺμὸοισι
3012 4572 3144 4631 (quae
3165 4568 3537 4632 jungebantur).
3570 4592 3595 4611 n
3628 4576 3700 4621 R.

2104 4664 2167 4675 -—-
2210 4644 2312 4689 123.
2352 4642 2549 4689 Haerere
2588 4652 2667 4689 me
2708 4641 2861 4689 fateor
2900 4641 2950 4688 in
2990 4638 3086 4689 hoc
3126 4652 3293 4687 versu.
3326 4638 3635 4690 Husclikius
3690 4664 3704 4690 :

2108 4725 2132 4749 a
2251 4719 2364 4771 qum
2404 4706 2617 4771 quidem
2646 4707 2775 4759 deus
2798 4710 2911 4757 ιιιηι
2945 4708 3177 4759 versibus
3190 4703 3448 4771 perficere
3470 4721 3702 4759 annue-

2104 4782 2206 4839 rit,
2238 4782 2351 4830 tunt
2381 4792 2570 4829 revera
2599 4779 2704 4828 sive
2738 4782 2989 4829 accurate
3010 4780 3287 4841 persequi,·
3316 4780 3373 4827 ut
3405 4778 3513 4828 sere
3554 4782 3711 4843 cepit

2104 4850 2365 4907 vavassor,
2391 4848 2555 4910 legens
2585 4849 2855 4897 διώκειν,
2891 4850 3053 4897 Recte.
3084 4850 3315 4897 Ceterum
3348 4849 3507 4897 totam
3554 4847 3710 4899 liam:

2104 4919 2507 4981 epigrammatum
2533 4918 2583 4967 in
2600 4921 2785 4980 septem
2804 4918 2955 4968 libros
2980 4919 3058 4967 vel
3080 4919 3262 4968 classes
3280 4916 3709 4969 distributionem

2108 4988 2338 5051 agathias
2376 4988 2445 5038 ita
2488 4987 2745 5047 describit,
2783 4992 2839 5037 ut
2873 4988 2923 5036 in
2972 4988 3133 5037 animo
3174 4987 3407 5039 habuisse
3454 4988 3713 5041 videatur
