3829 5747
926 230 1171 291 CAPUT
1213 231 1335 290 vll.
1384 231 1941 292 EPIGRAMMATA
1979 231 2520 294 SEPULCRALIA.

227 363 391 443 πικρὸν
421 361 649 441 ἐγείρητε
675 359 829 442 eqo-'Ex'
860 361 1273 440 ἀναπαυόμενον.

160 449 283 532 Ἄρτι
306 452 397 530 γὰρ
422 449 777 516 Ἱππώνακτος
807 453 835 508 ὃ
858 450 949 508 καὶ
976 450 1165 510 τοκέων
1186 451 1516 520 καταὸαύξας

225 542 327 618 ἄρτι
351 540 653 615 κεκοίμηται
683 538 838 615 θυμὸς
862 543 913 597 ἐν
944 540 1159 618 ἡσυχίῃ.

123 639 141 674 5
160 630 290 688 Ἀλλὰ
313 626 745 706 προμηθησασθε·
772 626 837 684 τὰ
862 627 964 706 γὰρ
992 627 1345 705 πεπυρωμένα
1369 626 1537 686 κείνου

224 717 417 798 ῥήματα
438 715 719 792 πημαίνειν
749 704 855 775 οἶδε
883 717 972 774 καὶ
996 719 1068 774 εἶν
1098 714 1259 795 Ἀΐδῃ.

290 868 423 918 409.
467 857 961 917 ΑΝΤΙΠΛΤΡΟΥ
1000 856 1512 917 ΘΕΣΣΑΛΟΝΙΚ.
1570 931 1581 944 .

158 995 383 1074 Ὀὅριμον
411 996 686 1072 ἅκαμάτου
715 997 891 1076 στίχον
918 995 1118 1055 αἴνεσον
1150 997 1481 1077 Ἀντιμάχοιο
1500 1044 1514 1072 ,

224 1083 346 1152 ἄξιον
375 1084 607 1164 ἀρχαίων
629 1088 814 1165 ὀφρύος
834 1085 1063 1162 ἡμιθέων
1080 1129 1097 1158 ,

158 1173 379 1250 Πιερίδων
404 1173 697 1251 χαλκευτὸν
720 1175 804 1232 ἐπ’
830 1173 1049 1247 ἄκμοσιν
1070 1219 1087 1250 ,
1116 1176 1161 1230 εἰ
1189 1173 1337 1251 τορὸν
1361 1164 1480 1240 οῧας

224 1261 416 1339 ἔλλαχες
432 1305 449 1334 ,
470 1265 517 1320 εἰ
546 1263 718 1330 ζαλοῖς
743 1262 837 1320 τὰν
868 1263 1157 1337 ἀγέλαστον
1183 1262 1287 1320 ὄπα
1303 1307 1317 1333 ,

100 1375 119 1410 s
159 1351 195 1406 εἰ
214 1348 295 1406 τὰν
328 1349 570 1428 ἄτριπτον
600 1349 693 1408 καὶ
720 1349 1012 1425 ἀνέμὸατον
1040 1350 1274 1428 ἀτραπὸν
1302 1349 1479 1416 ἄλλοις

220 1436 398 1512 μαίεαι.
482 1440 553 1498 Εἰ
576 1437 621 1495 δ’
646 1437 822 1512 ὕμνων
854 1445 1119 1516 σκᾶπτρον
1138 1437 1382 1516 (Όμηρος
1414 1437 1557 1517 ἔχει,

159 1526 231 1584 καὶ
256 1527 371 1593 Ζεύς
392 1549 470 1586 τοι
498 1529 739 1607 κρέσσων
778 1525 1131 1606 Ἐνοσίχθονος
1150 1551 1163 1564 ·
1204 1528 1319 1604 ἀλλ’
1352 1525 1676 1605 Ἐνοσίχθων

218 1619 299 1672 τοῦ
324 1615 411 1688 μὲν
440 1615 535 1695 ἔφυ
565 1616 756 1690 μείων,
787 1617 1061 1672 ἀθανάτων
1094 1613 1137 1672 δ’
1159 1614 1371 1680 ὕπατος·

156 1702 225 1760 καὶ
246 1703 417 1781 ναετῆρ
442 1705 751 1783 Κολοφῶνος
768 1704 1076 1772 ὑπέζευκται
1105 1703 1198 1778 μὲν
1230 1702 1481 1782 Ὁμήρῳ,

86 1807 121 1844 ιο
218 1791 399 1866 ἁγεῖται
418 1791 461 1850 δ’
489 1791 666 1850 ἄλλων
700 1790 922 1859 πλάθεος
945 1791 1273 1867 ὓμνοπόλων.

536 1944 673 1994 410.
716 1934 1246 1995 ΔΙΟΣΚΟΡΙΔΟΥ.

158 2068 323 2138 Θέσπις
348 2071 455 2146 ὅδε,
488 2072 748 2150 τραγικὴν
777 2071 832 2141 ὃς
868 2074 1133 2133 ἀνέπλασε
1164 2079 1369 2154 πρῶτος
1395 2074 1574 2146 ἀοιδὴν
1660 2133 1669 2138 ,

218 2161 461 2234 κωμήταις
486 2161 681 2241 νεαρὰς
704 2165 1025 2235 καινοτομῶν
1045 2165 1297 2240 χάριτας,

158 2243 325 2321 Βάκχος
350 2246 431 2304 ὅτε
454 2247 666 2328 τριττυν
694 2247 813 2305 κάτ’
845 2272 961 2324 αγοι
989 2249 1183 2326 χορὸν,
1210 2240 1253 2327 ᾧ
1278 2248 1468 2330 τράγος
1506 2241 1674 2308 ἄθλων

214 2334 440 2408 χώπικὸς
467 2328 535 2406 ἦν
564 2336 739 2394 σύκων
762 2335 974 2417 ἅῤῥιχος
1001 2328 1205 2393 αθ)ον”
1178 2361 1276 2396 ετι.

157 2419 257 2474 Οἷ
234 2420 279 2477 οὲ
302 2423 720 2495 μεταπλᾶσσουσι
744 2424 850 2482 νέοι
878 2426 1022 2482 τάδε·
1054 2423 1231 2504 μυρίος
1255 2425 1383 2482 αἰὼν

216 2509 363 2566 πολλὰ
386 2511 736 2589 προσευρήσει
770 2533 999 2591 χατερα·
1025 2512 1170 2587 τάμὰ
1201 2512 1244 2569 δ’
1276 2513 1400 2587 ἐμά.

630 2656 753 2705 411.
795 2659 911 2703 ΤΟΥ
948 2659 1151 2706 ΑΠΟΥ.

156 2775 375 2845 Θέσπιδος
397 2779 597 2861 εὕρεμα
619 2787 769 2840 τοῦτο
784 2826 801 2857 ,
824 2781 890 2839 τά
910 2783 957 2840 τ’
988 2785 1262 2859 ἀγροιῶτιν
1296 2783 1375 2839 ἀν’
1400 2781 1527 2840 ὕλαν

217 2865 441 2943 παίγνια,
470 2893 565 2928 και
588 2869 795 2947 κώμους
819 2869 997 2929 τουσδε
1020 2870 1363 2944 τελειοτέρους

162 2954 381 3030 Αἰσχύλος
405 2956 639 3037 ἐξυψωσ
618 2982 699 3031 ..,ν
723 2963 751 3016 ὁ
778 2957 853 3033 μὴ
887 2959 1139 3031 σμιλευτὰ
1164 2958 1397 3037 χαράξας

217 3042 515 3119 γράμματα,
556 3046 830 3125 χειμάρρῳ
855 3045 901 3102 δ’
923 3036 1065 3103 oia*
1099 3046 1493 3123 καταρδόμενα,

158 3128 227 3183 καὶ
245 3130 300 3187 τα
323 3132 454 3189 κατὰ
483 3132 687 3206 σκηνὴν
721 3138 1095 3207 μετεκαίνισεν.
1122 3124 1202 3193 Ω
1226 3133 1394 3209 στόμα
1423 3134 1633 3191 πάντων

220 3216 487 3291 δεξιον,’
457 3221 698 3301 αρχαίων
724 3214 861 3293 ησθά
890 3246 967 3288 τις
996 3221 1246 3298 ἡμιθέων.

380 3372 517 3421 412.
566 3363 909 3422 ΛΛΚΑΙΟΥ
950 3364 1414 3422 ΜΕΣΣΙΙΜΟΥ.

164 3489 257 3545 Πᾶς
232 3496 289 3549 ά
302 3520 373 3553 οι
392 3498 687 3579 οἶχομενω,
719 3500 969 3576 Πυλάδη,
996 3500 1257 3559 κωκύεται
1287 3500 1513 3570 Ἑλλὰς,

219 3576 389 3637 ἄπλεκ
365 3605 445 3641 τον
474 3586 669 3665 χαίταν
700 3590 753 3645 ἐν
779 3586 901 3668 χροι
929 3588 1237 3667 κειραμένα·

162 3664 233 3719 αὐτ
236 3666 279 3731 ὀς
302 3666 341 3723 δ’
362 3672 618 3747 ἄτμήτοιο
645 3674 806 3748 κόμας
837 3676 1193 3745 ἀπεθήκατο
1166 3677 1359 3757 δάφνας

222 3742 429 3833 Φοῖὅος,
454 3758 542 3814 ἑὸν
569 3764 735 3833 τιμῶν
762 3754 797 3837 ἦ
825 3764 969 3837 θέμις
992 3765 1299 3840 υμνοπόλον·

180 3904 227 3913 —

210 3992 555 4058 Expergefaeias‚
578 4014 723 4063 quem
756 4016 903 4065 sopor
927 4003 1051 4051 altus
1070 4001 1232 4052 habet.

160 4072 431 4137 Hipponactis
452 4081 585 4131 enim
614 4099 723 4147 quae
742 4092 877 4135 natos
900 4102 1021 4135 saeva
1048 4087 1239 4136 latravit

210 4160 271 4205 Ira
294 4176 422 4222 suos,
446 4165 601 4215 multa
620 4184 750 4217 nunc
772 4168 917 4218 cubat
936 4170 985 4218 in
1012 4171 1198 4235 requie.

160 4238 227 4282 δαὶ
244 4255 345 4290 mre
370 4259 499 4296 nunc
520 4248 667 4297 etiam
684 4250 821 4300 sodes
850 4268 862 4301 :
891 4268 949 4301 ex
986 4252 1131 4317 ipsius
1156 4255 1263 4302 arula

210 4320 310 4371 Ditis
330 4326 483 4377 adhuc
508 4328 687 4380 laedunt
706 4330 841 4395 ignea
866 4334 991 4382 dicta
1016 4334 1125 4384 viri.

444 4463 563 4519 409.
593 4474 852 4507 amna-nx
886 4476 1356 4517 TnmAr.0t‹lcs·xsls‚

207 4552 257 4600 de
280 4560 561 4608 Amt'mflcho
587 4565 905 4635 Colophonio,
938 4570 1018 4635 qm‘
1044 4572 1252 4618 Homero
1276 4578 1601 4636 comparatur.

158 4689 393 4743 Antimachi
422 4694 569 4747 fortes
592 4714 817 4749 numeros
838 4714 887 4753 et
912 4704 1125 4755 carmina
1154 4705 1291 4755 lauda

210 4773 401 4824 Heroum
426 4787 643 4829 veterum
671 4782 813 4847 digna
840 4786 1130 4851 supercili03

158 4851 341 4905 formata
366 4860 536 4910 Aoniis
552 4861 829 4923 incudibus,
861 4866 991 4916 auris
1008 4877 1149 4917 acuta

206 4936 247 4983 Si
272 4939 385 5004 tibi,
412 4944 453 4993 si
484 4954 565 4994 tua
588 4964 719 4998 mens
746 4965 829 4999 ora
859 4966 1025 5000 severa
1052 4951 1245 5017 probat,

158 5018 310 5072 Nullius
328 5027 445 5090 pede
484 5030 593 5080 trita
612 5033 746 5096 juvat
777 5033 813 5082 si
837 5042 884 5083 te
915 5034 1005 5084 via.
1028 5036 1169 5097 Quod
1202 5036 1239 5082 si

3212 237 3316 294 3531

1826 386 2048 437 asperam
2073 373 2320 423 suscitetis
2339 386 2538 437 vespam
2564 373 2967 434 requiescentem.

1765 464 1930 525 Nuper
1951 461 2080 512 enim
2105 461 2431 524 HipponactiS‚
2456 461 2542 524 qui
2559 462 2704 511 etiam
2726 461 3022 524 in-parentes
3039 461 3294 521 allati-avit,

1828 564 1984 613 nuper
2005 549 2297 599 obdormivit
2317 549 2830 613 impetuosus-animus
2857 549 2906 598 in
2935 549 3120 612 requie.

1766 637 1861 687 Sed
1877 640 2151 702 praecavete
2181 658 2192 686 ε
2214 638 2365 700 ignita
2392 637 2520 687 enim
2538 637 2682 686 istius

1827 725 1976 774 verba
2001 725 2176 774 laedere
2202 726 2447 774 noverunt
2472 725 2619 774 etiam
2649 724 2698 773 in
2723 727 2864 774 Orco.

1987 870 2098 918 409.
2131 869 2460 917 ANTIPATRI
2500 869 3111 918 THESSALONICENSlS.

1764 1007 1959 1056 Fortem
1977 1005 2207 1056 indefessi
2224 1021 2422 1056 versum
2450 1007 2598 1057 lauda
2621 1005 2920 1066 Antimachi‚

1828 1094 2029 1158 dignum
2061 1096 2373 1157 antiquorum
2391 1095 2650 1160 supercilio
2675 1095 2998 1144 semideorum
3013 1133 3026 1155 ‚

1766 1182 2014 1232 Pieridum
2043 1184 2324 1233 malleatum
2349 1183 2400 1232 in
2421 1182 2684 1232 incudibus
2702 1221 2714 1243 ,
2742 1182 2784 1232 si
2805 1186 3009 1232 teretem
3039 1196 3206 1232 aurem

1827 1270 2135 1332 es·sortitus‚
2157 1273 2200 1320 si
2232 1271 2288 1320 as
2287 1273 2438 1320 sectas
2455 1270 2858 1320 a-risu-alienum
2884 1283 3155 1320 sermonem
3170 1309 3183 1330 ,

1765 1356 1805 1406 si
1830 1370 1928 1406 non
1945 1357 2184 1406 calcatam
2207 1360 2258 1407 et
2278 1358 2576 1407 inaccessam
2609 1357 2833 1407 semitam
2853 1357 2959 1405 aliis

1826 1448 2029 1510 appetis.
2097 1447 2147 1496 Si
2175 1461 2290 1498 vero
2314 1447 2610 1511 hymnorum
2631 1449 2880 1510 sceptrum
2899 1449 3143 1496 Homerus
3163 1445 3327 1504 habet,

1764 1536 1909 1584 etiam
1920 1535 2142 1598 ,luppiter
2153 1549 2268 1585 sane
2279 1536 2522 1599 potentior
2541 1537 2845 1598 estNeptuno
2857 1552 2871 1594 3
2888 1548 3061 1584 verum
3081 1536 3332 1596 Neptunus

1824 1624 1920 1673 hoc
1943 1625 2142 1687 quidem
2160 1627 2234 1674 est
2256 1626 2428 1684 minor,
2464 1624 2815 1674 immortalium
2844 1627 3008 1673 autem
3028 1637 3254 1672 summus
3283 1643 3296 1671 ι

1763 1714 1834 1760 se'c
1862 1714 1913 1760 et
1940 1711 2093 1760 incola
2116 1709 2408 1774 Colophonis
2437 1711 2828 1774 subjunctus-est
2847 1711 3044 1775 quidem
3063 1714 3275 1760 Homero
3293 1749 3308 1770 ,

1826 1799 1970 1862 praeit
2000 1801 2168 1848 autem
2191 1797 2396 1846 aliorum
2418 1798 2785 1849 multitudinem
2816 1802 3090 1863 poetarum.

2259 1941 2368 1986 410.
2416 1939 2833 1988 DIOSCORIDAEs

1767 2076 1972 2140 Thespis
1995 2075 2074 2125 hic
2095 2079 2167 2126 est
2181 2113 2194 2137 ‚
2222 2075 2462 2140 tragicum
2486 2077 2572 2139 qui
2589 2077 2868 2127 informavit
2895 2077 3078 2141 primus
3097 2079 3295 2127 cantum
3315 2116 3330 2140 ,

1822 2163 2022 2228 paganis
2041 2168 2260 2214 recentes
2283 2178 2467 2214 novans
2499 2165 2679 2228 gratias
2693 2202 2706 2226 ,
2973 2165 3328 2228 [certaminum

1764 2253 1986 2302 Bacchus
2002 2251 2200 2314 quando
2223 2265 2310 2314 per
2336 2253 2518 2302 tribum·
2541 2252 2753 2303 ducebat
2777 2253 2982 2302 chorum
2999 2290 3014 2314 ,
3050 2253 3130 2303 cui
3157 2253 3326 2303 hircus

1825 2340 1875 2386 ct
1892 2337 2085 2386 Atticus
2101 2339 2206 2386 erat
2225 2337 2408 2385 ficuum
2435 2336 2594 2385 corbis
2607 2336 2861 2398 praemium
2881 2336 3058 2387 adhuc.

1765 2424 2199 2474 Transsomiabunt
2223 2424 2618 2487 autemjuniores
2636 2424 2742 2474 liaec
2763 2439 2775 2467 t
2801 2423 2991 2474 infinita
3017 2428 3141 2474 oetas

1828 2512 1985 2562 multa
2005 2511 2278 2562 adinveniet
2297 2515 2349 2562 et
2379 2511 2487 2572 alia,
2508 2514 2559 2561 at
2579 2525 2688 2560 mea
2711 2515 2867 2562 erunt
2889 2525 2998 2561 mea

2323 2659 2429 2705 411.
2473 2666 2778 2706 EJUSDEM.

1765 2794 2024 2858 Thespidis
2049 2795 2298 2844 inventum
2325 2792 2437 2855 hoc,
2467 2796 2516 2842 et
2537 2798 2776 2856 agrestem
2803 2805 2889 2855 per
2915 2793 3086 2842 silvam

1826 2887 1996 2946 lusuS,
2023 2888 2074 2935 ct
2095 2873 2692 2934 bacchicos-ludos‘hosce
2720 2882 2768 2932 in
2791 2882 3056 2947 perfectius

1763 2973 2017 3036 AEschylus
2033 2973 2220 3031 erexit,
2249 2972 2331 3034 qui
2353 2986 2450 3021 non
2477 2972 2650 3021 caelata
2669 2971 2886 3021 exaravit

1824 3058 2036 3109 carmina
2053 3094 2067 3121 ‚
2089 3058 2176 3109 sed
2204 3061 2420 3108 torrente
2439 3059 2600 3121 qualia
2619 3058 2898 3119 volvuntur,

1761 3149 1811 3197 et
1829 3160 1941 3209 quae
1959 3146 2025 3196 ad
2041 3159 2234 3195 scenam
2253 3146 2497 3208 pertinent
2513 3144 2780 3194 innovavit.
2806 3148 2846 3193 Ο
2866 3158 2922 3194 os
2949 3126 3145 3195 omnino

1827 3236 1978 3285 solers
2003 3235 2098 3298 (ἓ),
2119 3234 2431 3297 antiquorum
2450 3248 2559 3283 eras
2579 3233 2754 3297 aliquis
2773 3234 3113 3283 semideorum.

2203 3378 2312 3423 412.
2347 3375 2551 3423 ALcAEI
2583 3374 2882 3421 MESSENII.

1762 3518 1932 3567 Omnis
1947 3520 1998 3567 te
2015 3517 2306 3567 exstinctum
2320 3557 2332 3577 ‚
2352 3516 2533 3579 Pylade
2547 3556 2559 3577 ‚
2581 3516 2731 3565 deflet
2761 3516 2974 3575 Graecia,

1823 3607 2132 3668 non-plexam
2157 3606 2403 3655 caesariem
2423 3606 2486 3653 ad
2518 3608 2682 3654 cutem
2703 3608 2873 3661 tonsa:

1763 3695 1911 3755 atque
1937 3694 2042 3756 ipse
2060 3692 2347 3742 haud-secta
2370 3693 2588 3742 ‹le-coma
2614 3690 2841 3754 deposuit
2862 3691 3026 3741 lauros

1824 3784 2062 3845 Phoebus,
2085 3797 2145 3833 su
2155 3797 2238 3832 um
2260 3784 2501 3832 honorans
2521 3786 2574 3832 ut
2593 3794 2680 3845 par
2697 3784 2773 3831 est
2791 3783 3062 3840 cantorem3

1837 4002 2004 4049 Pieriae
2019 4008 2256 4065 sceptrum
2285 3999 2436 4047 laudis
2461 4003 2700 4048 Homerus
2726 3998 2900 4059 babet,

1770 4086 1938 4133 Vincit
1959 4088 2234 4149 Neptunum
2263 4100 2453 4149 quoque
2471 4088 2502 4133 J
2507 4084 2699 4148 uppiter
2723 4098 2734 4132 :
2759 4090 2970 4132 attamen
2995 4082 3078 4130 ille

1832 4172 1949 4217 Tam
1969 4166 2053 4215 Dis
2072 4175 2142 4213 est
2169 4166 2339 4230 major,
2372 4182 2514 4231 quam
2539 4170 2658 4214 Jove
2685 4182 2794 4231 rege
2820 4165 2994 4212 minor.

1771 4252 1849 4301 Sit:
1884 4251 1966 4298 uni
2003 4249 2130 4297 cedit
2153 4248 2268 4296 civis
2297 4248 2590 4313 Colophonis
2610 4254 2839 4303 Homero,

1836 4334 1926 4382 Sed
1959 4332 2072 4380 colit
2097 4330 2228 4379 hunc
2249 4339 2412 4379 vatum
2435 4342 2592 4379 cetera
2623 4331 2764 4380 turba
2776 4331 2964 4379 ducem.

2375 4499 2490 4547 412.
2525 4507 2706 4553 sucat,

2150 4614 2210 4664 de
2236 4614 2446 4683 Pylade,
2475 4628 2635 4663 actore
2675 4612 2973 4680 fabularum.

1771 4790 1952 4835 Cuncta
1977 4792 2106 4831 tuam
2123 4817 2138 4839 ‚
2164 4783 2365 4849 Pylade,
2392 4782 2610 4848 deplorat
2623 4781 2804 4830 Groecia
2830 4791 3031 4829 mortem

1833 4871 1995 4932 Usque
2017 4876 2176 4915 cutem
2205 4882 2387 4932 sparsas
2413 4866 2596 4915 Graecia
2619 4874 2756 4914 tonsa
2782 4880 2957 4914 comas.

1772 4956 1875 5017 Ipse
1899 4966 1984 4997 suo
2011 4964 2166 4997 sacras
2187 4947 2367 5011 jaciens
2389 4948 2449 4997 de
2481 4947 2664 4995 vertice
2689 4946 2852 4995 laurus
2871 4984 2886 5007 ,

1836 5036 1942 5094 Qua
1973 5031 2127 5079 ‹let-nil
2145 5066 2157 5084 .
2185 5040 2338 5079 vatem
2360 5030 2482 5078 luxit
2505 5030 2676 5095 Apollo
2697 5046 2852 5079 suum.
