<?xml version="1.0" encoding="UTF-8"?>
<!DOCTYPE html PUBLIC "-//W3C//DTD XHTML 1.0 Transitional//EN"
    "http://www.w3.org/TR/xhtml1/DTD/xhtml1-transitional.dtd">
<html xmlns="http://www.w3.org/1999/xhtml" xml:lang="en" lang="en">
 <head>
  <title>
</title>
<meta http-equiv="Content-Type" content="text/html;charset=utf-8" />
  <meta name='ocr-system' content='tesseract 3.04.00' />
  <meta name='ocr-capabilities' content='ocr_page ocr_carea ocr_par ocr_line ocrx_word'/>
</head>
<body>
  <div class='ocr_page' id='page_1' title='image "./epigrammatumant00unkngoog_0058.png"; bbox 0 0 3829 5747; ppageno 0'>
   <div class='ocr_carea' id='block_1_1' title="bbox 456 234 535 310">
    <p class='ocr_par' dir='ltr' id='par_1_1' title="bbox 456 234 535 310">
     <span class='ocr_line' id='line_1_1' title="bbox 456 234 535 310; baseline 0 0"><span class='ocrx_word' id='word_1_1' title='bbox 456 234 535 310; x_wconf 70' lang='lat'>28.</span> 
     </span>
    </p>
   </div>
   <div class='ocr_carea' id='block_1_2' title="bbox 456 358 2000 703">
    <p class='ocr_par' dir='ltr' id='par_1_2' title="bbox 456 358 1674 443">
     <span class='ocr_line' id='line_1_2' title="bbox 456 358 1674 443; baseline 0 -24"><span class='ocrx_word' id='word_1_2' title='bbox 456 358 676 438; x_wconf 81' lang='grc' dir='ltr'>ἀγλαΐης</span> <span class='ocrx_word' id='word_1_3' title='bbox 704 361 950 420; x_wconf 81' lang='grc' dir='ltr'>πνείουσα</span> <span class='ocrx_word' id='word_1_4' title='bbox 969 360 1101 443; x_wconf 70' lang='grc' dir='ltr'>σοφὴ</span> <span class='ocrx_word' id='word_1_5' title='bbox 1127 358 1472 439; x_wconf 81' lang='grc' dir='ltr'>περιλείὸεται</span> <span class='ocrx_word' id='word_1_6' title='bbox 1493 360 1674 431; x_wconf 72' lang='grc' dir='ltr'>αἰδὼς,</span> 
     </span>
    </p>

    <p class='ocr_par' dir='ltr' id='par_1_3' title="bbox 456 447 2000 617">
     <span class='ocr_line' id='line_1_3' title="bbox 456 447 1764 529; baseline 0.003 -24"><span class='ocrx_word' id='word_1_7' title='bbox 456 450 694 507; x_wconf 80' lang='grc' dir='ltr'>θέσκελον</span> <span class='ocrx_word' id='word_1_8' title='bbox 718 450 1037 527; x_wconf 84' lang='grc' dir='ltr'><strong>ἀγγέλλουσα</strong></span> <span class='ocrx_word' id='word_1_9' title='bbox 1060 450 1203 526; x_wconf 85' lang='grc' dir='ltr'>γένος</span> <span class='ocrx_word' id='word_1_10' title='bbox 1229 452 1424 529; x_wconf 75' lang='grc' dir='ltr'>χρυσῆς</span> <span class='ocrx_word' id='word_1_11' title='bbox 1448 447 1764 527; x_wconf 83' lang='grc' dir='ltr'>Ἀφροδίτης.</span> 
     </span>
     <span class='ocr_line' id='line_1_4' title="bbox 538 534 2000 617; baseline -0.001 -21"><span class='ocrx_word' id='word_1_12' title='bbox 538 536 851 615; x_wconf 80' lang='grc' dir='ltr'>Ἠγασάμην</span> <span class='ocrx_word' id='word_1_13' title='bbox 886 536 941 595; x_wconf 82' lang='grc' dir='ltr'>δὲ</span> <span class='ocrx_word' id='word_1_14' title='bbox 985 538 1250 615; x_wconf 82' lang='grc' dir='ltr'>Κρέουσαν</span> <span class='ocrx_word' id='word_1_15' title='bbox 1288 534 1409 594; x_wconf 79' lang='grc' dir='ltr'>ἰδὼν</span> <span class='ocrx_word' id='word_1_16' title='bbox 1455 537 1744 613; x_wconf 85' lang='grc' dir='ltr'>πενθήμονι</span> <span class='ocrx_word' id='word_1_17' title='bbox 1789 538 2000 617; x_wconf 85' lang='grc' dir='ltr'>κόσμῳ,</span> 
     </span>
    </p>

    <p class='ocr_par' dir='ltr' id='par_1_4' title="bbox 457 622 1828 703">
     <span class='ocr_line' id='line_1_5' title="bbox 457 622 1828 703; baseline 0.001 -21"><span class='ocrx_word' id='word_1_18' title='bbox 457 622 725 703; x_wconf 87' lang='grc' dir='ltr'>σύγγαμον</span> <span class='ocrx_word' id='word_1_19' title='bbox 761 625 975 683; x_wconf 77' lang='grc' dir='ltr'>Αἰνείαο</span> <span class='ocrx_word' id='word_1_20' title='bbox 1009 624 1325 683; x_wconf 81' lang='grc' dir='ltr'>κατάσκιον·</span> <span class='ocrx_word' id='word_1_21' title='bbox 1358 625 1492 703; x_wconf 77' lang='grc' dir='ltr'>ἀμφὶ</span> <span class='ocrx_word' id='word_1_22' title='bbox 1519 624 1618 703; x_wconf 73' lang='grc' dir='ltr'>γὰρ</span> <span class='ocrx_word' id='word_1_23' title='bbox 1649 627 1828 691; x_wconf 76' lang='grc' dir='ltr'>αὐταῖς</span> 
     </span>
    </p>
   </div>
   <div class='ocr_carea' id='block_1_3' title="bbox 353 711 1765 791">
    <p class='ocr_par' dir='ltr' id='par_1_5' title="bbox 353 711 1765 791">
     <span class='ocr_line' id='line_1_6' title="bbox 353 711 1765 791; baseline 0.001 -25"><span class='ocrx_word' id='word_1_24' title='bbox 353 735 431 774; x_wconf 74' lang='lat'>150</span> <span class='ocrx_word' id='word_1_25' title='bbox 456 712 769 791; x_wconf 81' lang='grc' dir='ltr'>ἀμφοτέραις</span> <span class='ocrx_word' id='word_1_26' title='bbox 798 711 1084 791; x_wconf 87' lang='grc' dir='ltr'>κρήδεμνον</span> <span class='ocrx_word' id='word_1_27' title='bbox 1108 711 1468 789; x_wconf 82' lang='grc' dir='ltr'>ἐφελκύσσασα</span> <span class='ocrx_word' id='word_1_28' title='bbox 1497 720 1765 789; x_wconf 81' lang='grc' dir='ltr'>παρειαῖς,</span> 
     </span>
    </p>
   </div>
   <div class='ocr_carea' id='block_1_4' title="bbox 348 1162 425 1203">
    <p class='ocr_par' dir='ltr' id='par_1_6' title="bbox 348 1162 425 1203">
     <span class='ocr_line' id='line_1_7' title="bbox 348 1162 425 1203; baseline -0.013 0"><span class='ocrx_word' id='word_1_29' title='bbox 348 1162 425 1203; x_wconf 69' lang='lat'>155</span> 
     </span>
    </p>
   </div>
   <div class='ocr_carea' id='block_1_5' title="bbox 348 1606 425 1645">
    <p class='ocr_par' dir='ltr' id='par_1_7' title="bbox 348 1606 425 1645">
     <span class='ocr_line' id='line_1_8' title="bbox 348 1606 425 1645; baseline 0.013 -1"><span class='ocrx_word' id='word_1_30' title='bbox 348 1606 425 1645; x_wconf 79' lang='lat'>160</span> 
     </span>
    </p>
   </div>
   <div class='ocr_carea' id='block_1_6' title="bbox 350 2044 424 2083">
    <p class='ocr_par' dir='ltr' id='par_1_8' title="bbox 350 2044 424 2083">
     <span class='ocr_line' id='line_1_9' title="bbox 350 2044 424 2083; baseline 0.027 -2"><span class='ocrx_word' id='word_1_31' title='bbox 350 2044 424 2083; x_wconf 73' lang='lat'>16⁶</span> 
     </span>
    </p>
   </div>
   <div class='ocr_carea' id='block_1_7' title="bbox 350 2476 427 2515">
    <p class='ocr_par' dir='ltr' id='par_1_9' title="bbox 350 2476 427 2515">
     <span class='ocr_line' id='line_1_10' title="bbox 350 2476 427 2515; baseline 0.013 -1"><span class='ocrx_word' id='word_1_32' title='bbox 350 2476 427 2515; x_wconf 73' lang='lat'>170</span> 
     </span>
    </p>
   </div>
   <div class='ocr_carea' id='block_1_8' title="bbox 348 2915 424 2956">
    <p class='ocr_par' dir='ltr' id='par_1_10' title="bbox 348 2915 424 2956">
     <span class='ocr_line' id='line_1_11' title="bbox 348 2915 424 2956; baseline 0.039 -3"><span class='ocrx_word' id='word_1_33' title='bbox 348 2915 424 2956; x_wconf 75' lang='lat'>175</span> 
     </span>
    </p>
   </div>
   <div class='ocr_carea' id='block_1_9' title="bbox 451 798 2002 3152">
    <p class='ocr_par' dir='ltr' id='par_1_11' title="bbox 451 798 1804 1140">
     <span class='ocr_line' id='line_1_12' title="bbox 455 798 1786 879; baseline -0.002 -20"><span class='ocrx_word' id='word_1_34' title='bbox 455 800 628 859; x_wconf 86' lang='grc' dir='ltr'>πάντα</span> <span class='ocrx_word' id='word_1_35' title='bbox 658 798 806 878; x_wconf 78' lang='grc' dir='ltr'>πέριξ</span> <span class='ocrx_word' id='word_1_36' title='bbox 836 798 1065 879; x_wconf 75' lang='grc' dir='ltr'>ἐκάλυψε</span> <span class='ocrx_word' id='word_1_37' title='bbox 1094 799 1372 869; x_wconf 66' lang='grc' dir='ltr'>ποδηνεκέι·</span> <span class='ocrx_word' id='word_1_38' title='bbox 1397 800 1536 878; x_wconf 79' lang='grc' dir='ltr'>χρόα</span> <span class='ocrx_word' id='word_1_39' title='bbox 1562 798 1750 877; x_wconf 82' lang='grc' dir='ltr'>πέπλῳ</span> <span class='ocrx_word' id='word_1_40' title='bbox 1768 844 1786 875; x_wconf 87' lang='lat'><strong>,</strong></span> 
     </span>
     <span class='ocr_line' id='line_1_13' title="bbox 454 878 1804 967; baseline -0.001 -22"><span class='ocrx_word' id='word_1_41' title='bbox 454 878 540 946; x_wconf 75' lang='grc' dir='ltr'>οἶά</span> <span class='ocrx_word' id='word_1_42' title='bbox 567 910 623 945; x_wconf 90' lang='grc' dir='ltr'>τε</span> <span class='ocrx_word' id='word_1_43' title='bbox 650 887 916 964; x_wconf 82' lang='grc' dir='ltr'>μυρομένη</span> <span class='ocrx_word' id='word_1_44' title='bbox 933 910 947 924; x_wconf 92' lang='grc'><em>·</em></span> <span class='ocrx_word' id='word_1_45' title='bbox 967 887 1035 945; x_wconf 79' lang='grc' dir='ltr'>τὰ</span> <span class='ocrx_word' id='word_1_46' title='bbox 1065 886 1119 945; x_wconf 83' lang='grc' dir='ltr'>δὲ</span> <span class='ocrx_word' id='word_1_47' title='bbox 1145 887 1349 965; x_wconf 84' lang='grc' dir='ltr'>χάλκεα</span> <span class='ocrx_word' id='word_1_48' title='bbox 1376 887 1574 966; x_wconf 87' lang='grc' dir='ltr'>δάκρυα</span> <span class='ocrx_word' id='word_1_49' title='bbox 1604 887 1804 967; x_wconf 77' lang='grc' dir='ltr'>νύμφης</span> 
     </span>
     <span class='ocr_line' id='line_1_14' title="bbox 454 974 1597 1054; baseline -0.002 -21"><span class='ocrx_word' id='word_1_50' title='bbox 454 974 511 1033; x_wconf 85' lang='grc' dir='ltr'><strong>Ἄ</strong></span> <span class='ocrx_word' id='word_1_51' title='bbox 520 984 599 1053; x_wconf 84' lang='grc' dir='ltr'>ρεῖ</span> <span class='ocrx_word' id='word_1_52' title='bbox 622 976 955 1054; x_wconf 88' lang='grc' dir='ltr'>δουρίκτητον</span> <span class='ocrx_word' id='word_1_53' title='bbox 986 974 1328 1051; x_wconf 80' lang='grc' dir='ltr'>ἐμαντεύοντο</span> <span class='ocrx_word' id='word_1_54' title='bbox 1349 975 1559 1046; x_wconf 84' lang='grc' dir='ltr'>τιθήνην</span> <span class='ocrx_word' id='word_1_55' title='bbox 1580 1020 1597 1051; x_wconf 88' lang='lat'>,</span> 
     </span>
     <span class='ocr_line' id='line_1_15' title="bbox 451 1057 1588 1140; baseline 0.004 -21"><span class='ocrx_word' id='word_1_56' title='bbox 451 1057 614 1120; x_wconf 80' lang='grc' dir='ltr'>Ἴλιον</span> <span class='ocrx_word' id='word_1_57' title='bbox 636 1060 937 1140; x_wconf 78' lang='grc' dir='ltr'>Ἀργείοισιν</span> <span class='ocrx_word' id='word_1_58' title='bbox 964 1061 1203 1137; x_wconf 82' lang='grc' dir='ltr'>ἐελμένον</span> <span class='ocrx_word' id='word_1_59' title='bbox 1226 1060 1588 1128; x_wconf 81' lang='grc' dir='ltr'>ἀσπιδιώταις.</span> 
     </span>
    </p>

    <p class='ocr_par' dir='ltr' id='par_1_12' title="bbox 453 1147 1928 1579">
     <span class='ocr_line' id='line_1_16' title="bbox 535 1147 1928 1229; baseline -0.001 -20"><span class='ocrx_word' id='word_1_60' title='bbox 535 1148 665 1209; x_wconf 84' lang='grc' dir='ltr'>Οὔθ’</span> <span class='ocrx_word' id='word_1_61' title='bbox 691 1147 914 1217; x_wconf 67' lang='grc' dir='ltr'>’Ἕλενος</span> <span class='ocrx_word' id='word_1_62' title='bbox 940 1150 1133 1209; x_wconf 83' lang='grc' dir='ltr'>κοτέων</span> <span class='ocrx_word' id='word_1_63' title='bbox 1163 1149 1492 1209; x_wconf 80' lang='grc' dir='ltr'>ἀπεπαύετο·</span> <span class='ocrx_word' id='word_1_64' title='bbox 1520 1150 1734 1229; x_wconf 89' lang='grc' dir='ltr'>πατρίδι</span> <span class='ocrx_word' id='word_1_65' title='bbox 1760 1151 1928 1222; x_wconf 80' lang='grc' dir='ltr'>νηλὴς</span> 
     </span>
     <span class='ocr_line' id='line_1_17' title="bbox 454 1228 1764 1315; baseline 0.001 -22"><span class='ocrx_word' id='word_1_66' title='bbox 454 1234 666 1315; x_wconf 77' lang='grc' dir='ltr'>φαίνετο</span> <span class='ocrx_word' id='word_1_67' title='bbox 695 1235 907 1295; x_wconf 82' lang='grc' dir='ltr'>δινεύων</span> <span class='ocrx_word' id='word_1_68' title='bbox 932 1236 1009 1294; x_wconf 84' lang='grc' dir='ltr'>ἔτι</span> <span class='ocrx_word' id='word_1_69' title='bbox 1029 1258 1129 1294; x_wconf 89' lang='grc' dir='ltr'>που</span> <span class='ocrx_word' id='word_1_70' title='bbox 1155 1236 1337 1314; x_wconf 86' lang='grc' dir='ltr'>χόλον·</span> <span class='ocrx_word' id='word_1_71' title='bbox 1362 1228 1424 1307; x_wconf 74' lang='grc' dir='ltr'>ἦν</span> <span class='ocrx_word' id='word_1_72' title='bbox 1456 1235 1550 1312; x_wconf 82' lang='grc' dir='ltr'>μὲν</span> <span class='ocrx_word' id='word_1_73' title='bbox 1580 1236 1764 1315; x_wconf 86' lang='grc' dir='ltr'>ἀείρων</span> 
     </span>
     <span class='ocr_line' id='line_1_18' title="bbox 454 1322 1646 1404; baseline -0.003 -21"><span class='ocrx_word' id='word_1_74' title='bbox 454 1324 684 1402; x_wconf 83' lang='grc' dir='ltr'>δεξιτερῇ</span> <span class='ocrx_word' id='word_1_75' title='bbox 708 1325 899 1404; x_wconf 77' lang='grc' dir='ltr'>φιάλην</span> <span class='ocrx_word' id='word_1_76' title='bbox 929 1322 1213 1383; x_wconf 71' lang='grc' dir='ltr'>ἔπιλοίὸιον</span> <span class='ocrx_word' id='word_1_77' title='bbox 1230 1346 1245 1359; x_wconf 93' lang='grc'><em>·</em></span> <span class='ocrx_word' id='word_1_78' title='bbox 1266 1328 1335 1389; x_wconf 82' lang='grc' dir='ltr'>ὥς</span> <span class='ocrx_word' id='word_1_79' title='bbox 1369 1322 1533 1381; x_wconf 85' lang='grc' dir='ltr'>δοκέω</span> <span class='ocrx_word' id='word_1_80' title='bbox 1558 1324 1646 1393; x_wconf 84' lang='grc' dir='ltr'>δὲ,</span> 
     </span>
     <span class='ocr_line' id='line_1_19' title="bbox 453 1410 1784 1491; baseline -0.002 -20"><span class='ocrx_word' id='word_1_81' title='bbox 453 1413 611 1471; x_wconf 80' lang='grc' dir='ltr'>ἐσθλὰ</span> <span class='ocrx_word' id='word_1_82' title='bbox 642 1414 737 1489; x_wconf 87' lang='grc' dir='ltr'>μὲν</span> <span class='ocrx_word' id='word_1_83' title='bbox 771 1411 1017 1491; x_wconf 80' lang='grc' dir='ltr'>Ἀργείοις</span> <span class='ocrx_word' id='word_1_84' title='bbox 1046 1412 1356 1487; x_wconf 80' lang='grc' dir='ltr'>μαντεύετο,</span> <span class='ocrx_word' id='word_1_85' title='bbox 1383 1410 1541 1470; x_wconf 82' lang='grc' dir='ltr'>καδδὲ</span> <span class='ocrx_word' id='word_1_86' title='bbox 1578 1410 1784 1482; x_wconf 78' lang='grc' dir='ltr'>τιθήνης</span> 
     </span>
     <span class='ocr_line' id='line_1_20' title="bbox 453 1498 1758 1579; baseline -0.002 -21"><span class='ocrx_word' id='word_1_87' title='bbox 453 1500 729 1568; x_wconf 78' lang='grc' dir='ltr'>ἀθανάτοις</span> <span class='ocrx_word' id='word_1_88' title='bbox 758 1505 925 1579; x_wconf 75' lang='grc' dir='ltr'>ἠρᾶτο</span> <span class='ocrx_word' id='word_1_89' title='bbox 955 1498 1259 1559; x_wconf 87' lang='grc' dir='ltr'>πανύστατα</span> <span class='ocrx_word' id='word_1_90' title='bbox 1291 1499 1517 1574; x_wconf 81' lang='grc' dir='ltr'>πήματα</span> <span class='ocrx_word' id='word_1_91' title='bbox 1542 1499 1758 1578; x_wconf 83' lang='grc' dir='ltr'>φαίνειν.</span> 
     </span>
    </p>

    <p class='ocr_par' dir='ltr' id='par_1_13' title="bbox 452 1586 1804 2013">
     <span class='ocr_line' id='line_1_21' title="bbox 532 1586 1804 1668; baseline -0.003 -21"><span class='ocrx_word' id='word_1_92' title='bbox 532 1586 868 1668; x_wconf 79' lang='grc' dir='ltr'>Ἀνδρομάχη</span> <span class='ocrx_word' id='word_1_93' title='bbox 894 1588 937 1645; x_wconf 89' lang='grc' dir='ltr'>δ’</span> <span class='ocrx_word' id='word_1_94' title='bbox 959 1586 1147 1660; x_wconf 82' lang='grc' dir='ltr'>ἕστηκε</span> <span class='ocrx_word' id='word_1_95' title='bbox 1178 1586 1484 1667; x_wconf 76' lang='grc' dir='ltr'>ῥοδόσφυρος</span> <span class='ocrx_word' id='word_1_96' title='bbox 1504 1587 1572 1647; x_wconf 88' lang='lat' dir='ltr'>&#39;H</span> <span class='ocrx_word' id='word_1_97' title='bbox 1581 1587 1765 1657; x_wconf 81' lang='grc' dir='ltr'>ετιώνη</span> <span class='ocrx_word' id='word_1_98' title='bbox 1786 1632 1804 1657; x_wconf 79' lang='lat'>,</span> 
     </span>
     <span class='ocr_line' id='line_1_22' title="bbox 454 1672 1803 1753; baseline -0.002 -19"><span class='ocrx_word' id='word_1_99' title='bbox 454 1674 566 1734; x_wconf 83' lang='grc' dir='ltr'>οὔτι</span> <span class='ocrx_word' id='word_1_100' title='bbox 599 1674 717 1752; x_wconf 84' lang='grc' dir='ltr'>γόον</span> <span class='ocrx_word' id='word_1_101' title='bbox 747 1676 1051 1734; x_wconf 82' lang='grc' dir='ltr'>σταλάουσα</span> <span class='ocrx_word' id='word_1_102' title='bbox 1080 1672 1397 1734; x_wconf 77' lang='grc' dir='ltr'>πολύστονον</span> <span class='ocrx_word' id='word_1_103' title='bbox 1414 1698 1427 1712; x_wconf 93' lang='grc'><em>·</em></span> <span class='ocrx_word' id='word_1_104' title='bbox 1452 1678 1521 1741; x_wconf 80' lang='grc' dir='ltr'>ὥς</span> <span class='ocrx_word' id='word_1_105' title='bbox 1544 1674 1645 1753; x_wconf 83' lang='grc' dir='ltr'>γὰρ</span> <span class='ocrx_word' id='word_1_106' title='bbox 1672 1674 1765 1732; x_wconf 76' lang='grc' dir='ltr'>ὀΐω</span> <span class='ocrx_word' id='word_1_107' title='bbox 1786 1718 1803 1745; x_wconf 84' lang='grc'><em>,</em></span> 
     </span>
     <span class='ocr_line' id='line_1_23' title="bbox 452 1758 1801 1842; baseline -0.001 -21"><span class='ocrx_word' id='word_1_108' title='bbox 452 1761 599 1821; x_wconf 79' lang='grc' dir='ltr'>οὔπω</span> <span class='ocrx_word' id='word_1_109' title='bbox 624 1764 698 1821; x_wconf 70' lang='grc' dir='ltr'>ἐνὶ</span> <span class='ocrx_word' id='word_1_110' title='bbox 717 1763 966 1842; x_wconf 83' lang='grc' dir='ltr'>πτολέμῳ</span> <span class='ocrx_word' id='word_1_111' title='bbox 986 1762 1317 1840; x_wconf 80' lang='grc' dir='ltr'>κορυθαίολος</span> <span class='ocrx_word' id='word_1_112' title='bbox 1345 1763 1532 1841; x_wconf 86' lang='grc' dir='ltr'>ἤριπεν</span> <span class='ocrx_word' id='word_1_113' title='bbox 1564 1758 1801 1841; x_wconf 67' lang='grc' dir='ltr'>οἘκτωρ,</span> 
     </span>
     <span class='ocr_line' id='line_1_24' title="bbox 456 1842 1684 1929; baseline -0.002 -20"><span class='ocrx_word' id='word_1_114' title='bbox 456 1851 570 1911; x_wconf 81' lang='grc' dir='ltr'>οὐδὲ</span> <span class='ocrx_word' id='word_1_115' title='bbox 601 1849 963 1929; x_wconf 77' lang='grc' dir='ltr'>φερεσσακέων</span> <span class='ocrx_word' id='word_1_116' title='bbox 995 1849 1303 1929; x_wconf 76' lang='grc' dir='ltr'>ὕπερήνορες</span> <span class='ocrx_word' id='word_1_117' title='bbox 1330 1842 1432 1917; x_wconf 75' lang='grc' dir='ltr'>υἷες</span> <span class='ocrx_word' id='word_1_118' title='bbox 1461 1850 1684 1929; x_wconf 79' lang='grc' dir='ltr'>Ἀχαιῶν</span> 
     </span>
     <span class='ocr_line' id='line_1_25' title="bbox 453 1934 1645 2013; baseline 0 -17"><span class='ocrx_word' id='word_1_119' title='bbox 453 1938 749 2013; x_wconf 86' lang='grc' dir='ltr'>Δαρδανίην</span> <span class='ocrx_word' id='word_1_120' title='bbox 776 1937 1054 2012; x_wconf 85' lang='grc' dir='ltr'>ξύμπασαν</span> <span class='ocrx_word' id='word_1_121' title='bbox 1081 1934 1392 2007; x_wconf 79' lang='grc' dir='ltr'>ἐληίσσαντο</span> <span class='ocrx_word' id='word_1_122' title='bbox 1411 1938 1645 2009; x_wconf 84' lang='grc' dir='ltr'>τιθήνην.</span> 
     </span>
    </p>

    <p class='ocr_par' dir='ltr' id='par_1_14' title="bbox 452 2016 1930 2285">
     <span class='ocr_line' id='line_1_26' title="bbox 532 2016 1861 2105; baseline -0.002 -20"><span class='ocrx_word' id='word_1_123' title='bbox 532 2016 638 2085; x_wconf 55' lang='grc' dir='ltr'>τἨν</span> <span class='ocrx_word' id='word_1_124' title='bbox 665 2024 709 2084; x_wconf 88' lang='grc' dir='ltr'>δ’</span> <span class='ocrx_word' id='word_1_125' title='bbox 747 2028 931 2085; x_wconf 79' lang='grc' dir='ltr'>ἐσιδεῖν</span> <span class='ocrx_word' id='word_1_126' title='bbox 958 2025 1223 2086; x_wconf 83' lang='grc' dir='ltr'>Μενέλαον</span> <span class='ocrx_word' id='word_1_127' title='bbox 1256 2026 1437 2105; x_wconf 80' lang='grc' dir='ltr'>ἀρήϊον</span> <span class='ocrx_word' id='word_1_128' title='bbox 1456 2070 1473 2101; x_wconf 83' lang='lat'><strong><em>,</em></strong></span> <span class='ocrx_word' id='word_1_129' title='bbox 1494 2028 1609 2083; x_wconf 90' lang='grc' dir='ltr'>ἀλλ’</span> <span class='ocrx_word' id='word_1_130' title='bbox 1630 2023 1717 2081; x_wconf 80' lang='grc' dir='ltr'>ἐπὶ</span> <span class='ocrx_word' id='word_1_131' title='bbox 1745 2024 1861 2102; x_wconf 86' lang='grc' dir='ltr'>νίκῃ</span> 
     </span>
     <span class='ocr_line' id='line_1_27' title="bbox 452 2112 1930 2193; baseline -0.003 -20"><span class='ocrx_word' id='word_1_132' title='bbox 452 2115 764 2191; x_wconf 86' lang='grc' dir='ltr'>γηθόσυνον·</span> <span class='ocrx_word' id='word_1_133' title='bbox 795 2114 1040 2193; x_wconf 85' lang='grc' dir='ltr'>σχεδόθεν</span> <span class='ocrx_word' id='word_1_134' title='bbox 1067 2112 1169 2192; x_wconf 81' lang='grc' dir='ltr'>γὰρ</span> <span class='ocrx_word' id='word_1_135' title='bbox 1193 2114 1444 2172; x_wconf 80' lang='grc' dir='ltr'>ἐθάλπετο</span> <span class='ocrx_word' id='word_1_136' title='bbox 1471 2112 1709 2190; x_wconf 85' lang='grc' dir='ltr'>χάρματι</span> <span class='ocrx_word' id='word_1_137' title='bbox 1742 2114 1930 2192; x_wconf 62' lang='grc' dir='ltr'>πολλῷ.</span> 
     </span>
     <span class='ocr_line' id='line_1_28' title="bbox 452 2199 1765 2285; baseline -0.002 -26"><span class='ocrx_word' id='word_1_138' title='bbox 452 2202 757 2285; x_wconf 86' lang='grc' dir='ltr'>δερκόμενος</span> <span class='ocrx_word' id='word_1_139' title='bbox 780 2201 1069 2283; x_wconf 74' lang='grc' dir='ltr'>ῥοδόπηχυν</span> <span class='ocrx_word' id='word_1_140' title='bbox 1090 2200 1353 2279; x_wconf 82' lang='grc' dir='ltr'>ὁμόφρονα</span> <span class='ocrx_word' id='word_1_141' title='bbox 1373 2199 1765 2277; x_wconf 82' lang='grc' dir='ltr'>Τυνδαρεώνην.</span> 
     </span>
    </p>

    <p class='ocr_par' dir='ltr' id='par_1_15' title="bbox 454 2286 2002 2541">
     <span class='ocr_line' id='line_1_29' title="bbox 533 2286 2002 2365; baseline -0.004 -16"><span class='ocrx_word' id='word_1_142' title='bbox 533 2287 853 2365; x_wconf 84' lang='grc' dir='ltr'>Ἥγασοίμην</span> <span class='ocrx_word' id='word_1_143' title='bbox 883 2288 926 2345; x_wconf 86' lang='grc' dir='ltr'>δ’</span> <span class='ocrx_word' id='word_1_144' title='bbox 948 2286 1164 2359; x_wconf 85' lang='grc' dir='ltr'>Ἑλένης</span> <span class='ocrx_word' id='word_1_145' title='bbox 1189 2288 1369 2364; x_wconf 81' lang='grc' dir='ltr'>ἐρατὸν</span> <span class='ocrx_word' id='word_1_146' title='bbox 1400 2287 1588 2355; x_wconf 80' lang='grc' dir='ltr'>τύπον,</span> <span class='ocrx_word' id='word_1_147' title='bbox 1612 2286 1725 2344; x_wconf 79' lang='grc' dir='ltr'>ὅττι</span> <span class='ocrx_word' id='word_1_148' title='bbox 1752 2287 1842 2345; x_wconf 77' lang='grc' dir='ltr'>καὶ</span> <span class='ocrx_word' id='word_1_149' title='bbox 1861 2288 2002 2365; x_wconf 78' lang='grc' dir='ltr'>αὐτῷ</span> 
     </span>
     <span class='ocr_line' id='line_1_30' title="bbox 454 2370 1722 2454; baseline -0.001 -22"><span class='ocrx_word' id='word_1_150' title='bbox 454 2378 641 2454; x_wconf 80' lang='grc' dir='ltr'>χαλκῷ</span> <span class='ocrx_word' id='word_1_151' title='bbox 664 2374 859 2451; x_wconf 79' lang='grc' dir='ltr'>κόσμον</span> <span class='ocrx_word' id='word_1_152' title='bbox 889 2374 1051 2434; x_wconf 82' lang='grc' dir='ltr'>ἔδωκε</span> <span class='ocrx_word' id='word_1_153' title='bbox 1074 2373 1356 2453; x_wconf 80' lang='grc' dir='ltr'>πανίμερον</span> <span class='ocrx_word' id='word_1_154' title='bbox 1370 2395 1383 2408; x_wconf 89' lang='grc'><em>·</em></span> <span class='ocrx_word' id='word_1_155' title='bbox 1408 2370 1600 2451; x_wconf 81' lang='grc' dir='ltr'>ἀγλαΐη</span> <span class='ocrx_word' id='word_1_156' title='bbox 1622 2372 1722 2452; x_wconf 79' lang='grc' dir='ltr'>γὰρ</span> 
     </span>
     <span class='ocr_line' id='line_1_31' title="bbox 457 2458 1640 2541; baseline 0 -22"><span class='ocrx_word' id='word_1_157' title='bbox 457 2461 608 2519; x_wconf 85' lang='grc' dir='ltr'>ἔπνεε</span> <span class='ocrx_word' id='word_1_158' title='bbox 633 2460 819 2541; x_wconf 82' lang='grc' dir='ltr'>θερμὸν</span> <span class='ocrx_word' id='word_1_159' title='bbox 842 2460 1010 2541; x_wconf 83' lang='grc' dir='ltr'>ἔρωτα</span> <span class='ocrx_word' id='word_1_160' title='bbox 1038 2460 1126 2517; x_wconf 85' lang='grc' dir='ltr'>καὶ</span> <span class='ocrx_word' id='word_1_161' title='bbox 1151 2460 1340 2539; x_wconf 76' lang='grc' dir='ltr'>ἀψύχῳ</span> <span class='ocrx_word' id='word_1_162' title='bbox 1370 2460 1443 2517; x_wconf 79' lang='grc' dir='ltr'>ἐνὶ</span> <span class='ocrx_word' id='word_1_163' title='bbox 1462 2458 1640 2538; x_wconf 80' lang='grc' dir='ltr'>τέχνῃ.</span> 
     </span>
    </p>

    <p class='ocr_par' dir='ltr' id='par_1_16' title="bbox 451 2546 1998 3152">
     <span class='ocr_line' id='line_1_32' title="bbox 534 2546 1998 2627; baseline 0 -20"><span class='ocrx_word' id='word_1_164' title='bbox 534 2550 770 2615; x_wconf 84' lang='grc' dir='ltr'>Πυκναῑς</span> <span class='ocrx_word' id='word_1_165' title='bbox 800 2548 854 2605; x_wconf 82' lang='grc' dir='ltr'>δὲ</span> <span class='ocrx_word' id='word_1_166' title='bbox 882 2547 1230 2627; x_wconf 78' lang='grc' dir='ltr'>πραπίδεσσιν</span> <span class='ocrx_word' id='word_1_167' title='bbox 1261 2546 1517 2623; x_wconf 86' lang='grc' dir='ltr'>ἀγάλλετο</span> <span class='ocrx_word' id='word_1_168' title='bbox 1554 2549 1659 2613; x_wconf 88' lang='grc' dir='ltr'>δῖος</span> <span class='ocrx_word' id='word_1_169' title='bbox 1699 2546 1998 2615; x_wconf 84' lang='grc' dir='ltr'>Ὀδυσσεύς·</span> 
     </span>
     <span class='ocr_line' id='line_1_33' title="bbox 452 2634 1762 2714; baseline -0.002 -20"><span class='ocrx_word' id='word_1_170' title='bbox 452 2638 511 2695; x_wconf 79' lang='grc' dir='ltr'>οὗ</span> <span class='ocrx_word' id='word_1_171' title='bbox 538 2638 639 2714; x_wconf 83' lang='grc' dir='ltr'>γὰρ</span> <span class='ocrx_word' id='word_1_172' title='bbox 664 2634 754 2709; x_wconf 86' lang='grc' dir='ltr'>ἔην</span> <span class='ocrx_word' id='word_1_173' title='bbox 785 2636 1037 2693; x_wconf 84' lang='grc' dir='ltr'>ἀπάνευθε</span> <span class='ocrx_word' id='word_1_174' title='bbox 1062 2635 1471 2714; x_wconf 86' lang='grc' dir='ltr'>πολυστρέπτοιο</span> <span class='ocrx_word' id='word_1_175' title='bbox 1498 2640 1762 2711; x_wconf 77' lang='grc' dir='ltr'>μενοινῆς,</span> 
     </span>
     <span class='ocr_line' id='line_1_34' title="bbox 454 2714 1998 2803; baseline -0.002 -20"><span class='ocrx_word' id='word_1_176' title='bbox 454 2726 570 2783; x_wconf 87' lang='grc' dir='ltr'>ἀλλ’</span> <span class='ocrx_word' id='word_1_177' title='bbox 598 2722 676 2781; x_wconf 84' lang='grc' dir='ltr'>ἔτι</span> <span class='ocrx_word' id='word_1_178' title='bbox 704 2723 898 2799; x_wconf 87' lang='grc' dir='ltr'>κόσμον</span> <span class='ocrx_word' id='word_1_179' title='bbox 928 2722 1106 2803; x_wconf 73' lang='grc' dir='ltr'>ἔφαινε</span> <span class='ocrx_word' id='word_1_180' title='bbox 1136 2727 1301 2802; x_wconf 70' lang='grc' dir='ltr'>σοφῆς</span> <span class='ocrx_word' id='word_1_181' title='bbox 1332 2722 1539 2802; x_wconf 84' lang='grc' dir='ltr'>φρενός·</span> <span class='ocrx_word' id='word_1_182' title='bbox 1565 2714 1629 2792; x_wconf 70' lang='grc' dir='ltr'>ἦν</span> <span class='ocrx_word' id='word_1_183' title='bbox 1664 2724 1710 2780; x_wconf 94' lang='grc' dir='ltr'>δ’</span> <span class='ocrx_word' id='word_1_184' title='bbox 1732 2724 1811 2780; x_wconf 76' lang='grc' dir='ltr'>ἐνὶ</span> <span class='ocrx_word' id='word_1_185' title='bbox 1847 2727 1998 2801; x_wconf 76' lang='grc' dir='ltr'>θυμῷ</span> 
     </span>
     <span class='ocr_line' id='line_1_35' title="bbox 453 2808 1799 2891; baseline -0.002 -23"><span class='ocrx_word' id='word_1_186' title='bbox 453 2810 765 2890; x_wconf 83' lang='grc' dir='ltr'>καγχαλόων</span> <span class='ocrx_word' id='word_1_187' title='bbox 783 2832 798 2848; x_wconf 88' lang='grc'><em>·</em></span> <span class='ocrx_word' id='word_1_188' title='bbox 822 2808 1017 2891; x_wconf 90' lang='grc' dir='ltr'>Τροίην</span> <span class='ocrx_word' id='word_1_189' title='bbox 1046 2808 1145 2887; x_wconf 73' lang='grc' dir='ltr'>γὰρ</span> <span class='ocrx_word' id='word_1_190' title='bbox 1172 2808 1351 2887; x_wconf 81' lang='grc' dir='ltr'>ἐγήθεε</span> <span class='ocrx_word' id='word_1_191' title='bbox 1376 2818 1549 2866; x_wconf 76' lang='grc' dir='ltr'>πᾶσαν</span> <span class='ocrx_word' id='word_1_192' title='bbox 1579 2810 1799 2876; x_wconf 78' lang='grc' dir='ltr'>ὀλέσσας</span> 
     </span>
     <span class='ocr_line' id='line_1_36' title="bbox 452 2891 1986 2978; baseline -0.001 -20"><span class='ocrx_word' id='word_1_193' title='bbox 452 2891 543 2978; x_wconf 70' lang='grc' dir='ltr'>ᾗσι</span> <span class='ocrx_word' id='word_1_194' title='bbox 572 2899 998 2978; x_wconf 80' lang='grc' dir='ltr'>δολοφροσύνῃσι.</span> <span class='ocrx_word' id='word_1_195' title='bbox 1084 2897 1161 2957; x_wconf 76' lang='grc' dir='ltr'>Σὺ</span> <span class='ocrx_word' id='word_1_196' title='bbox 1210 2898 1253 2956; x_wconf 86' lang='grc' dir='ltr'>δ’</span> <span class='ocrx_word' id='word_1_197' title='bbox 1284 2895 1543 2975; x_wconf 69' lang='lat' dir='ltr'>“Em-apoc</span> <span class='ocrx_word' id='word_1_198' title='bbox 1586 2899 1761 2958; x_wconf 86' lang='grc' dir='ltr'>ἔννεπε</span> <span class='ocrx_word' id='word_1_199' title='bbox 1801 2901 1986 2977; x_wconf 69' lang='grc' dir='ltr'>μῆτερ,</span> 
     </span>
     <span class='ocr_line' id='line_1_37' title="bbox 451 2983 1833 3065; baseline -0.001 -21"><span class='ocrx_word' id='word_1_200' title='bbox 451 2987 528 3054; x_wconf 91' lang='grc' dir='ltr'>τίς</span> <span class='ocrx_word' id='word_1_201' title='bbox 554 3010 645 3060; x_wconf 81' lang='grc' dir='ltr'>σε,</span> <span class='ocrx_word' id='word_1_202' title='bbox 671 2985 1020 3060; x_wconf 89' lang='grc' dir='ltr'>πολυτλήμων</span> <span class='ocrx_word' id='word_1_203' title='bbox 1050 2983 1257 3056; x_wconf 76' lang='grc' dir='ltr'>Ἑκάὸη</span> <span class='ocrx_word' id='word_1_204' title='bbox 1280 3031 1293 3054; x_wconf 92' lang='grc'>,</span> <span class='ocrx_word' id='word_1_205' title='bbox 1316 2984 1391 3064; x_wconf 72' lang='grc' dir='ltr'>τίς</span> <span class='ocrx_word' id='word_1_206' title='bbox 1420 2985 1621 3065; x_wconf 86' lang='grc' dir='ltr'>δάκρυα</span> <span class='ocrx_word' id='word_1_207' title='bbox 1643 2986 1833 3044; x_wconf 79' lang='grc' dir='ltr'>λείὸειν</span> 
     </span>
     <span class='ocr_line' id='line_1_38' title="bbox 455 3069 1614 3152; baseline -0.002 -20"><span class='ocrx_word' id='word_1_208' title='bbox 455 3074 731 3134; x_wconf 82' lang='grc' dir='ltr'>ἀθανάτων</span> <span class='ocrx_word' id='word_1_209' title='bbox 761 3072 984 3141; x_wconf 72' lang='grc' dir='ltr'>ἐδίδαξεν</span> <span class='ocrx_word' id='word_1_210' title='bbox 1015 3069 1273 3152; x_wconf 80' lang='grc' dir='ltr'>ἀφωνήτῳ</span> <span class='ocrx_word' id='word_1_211' title='bbox 1303 3075 1375 3130; x_wconf 79' lang='grc' dir='ltr'>ἐνὶ</span> <span class='ocrx_word' id='word_1_212' title='bbox 1398 3071 1614 3152; x_wconf 82' lang='grc' dir='ltr'>κόσμῳ;</span> 
     </span>
    </p>
   </div>
   <div class='ocr_carea' id='block_1_10' title="bbox 453 3236 1737 3387">
    <p class='ocr_par' dir='ltr' id='par_1_17' title="bbox 453 3236 1737 3387">
     <span class='ocr_line' id='line_1_39' title="bbox 454 3236 1688 3304; baseline -0.006 -14"><span class='ocrx_word' id='word_1_213' title='bbox 454 3246 524 3290; x_wconf 76' lang='lat' dir='ltr'>Ex</span> <span class='ocrx_word' id='word_1_214' title='bbox 547 3240 696 3289; x_wconf 85' lang='lat' dir='ltr'>oculis</span> <span class='ocrx_word' id='word_1_215' title='bbox 719 3237 897 3304; x_wconf 87' lang='lat' dir='ltr'>pariter</span> <span class='ocrx_word' id='word_1_216' title='bbox 918 3238 1076 3303; x_wconf 89' lang='lat' dir='ltr'>pudor</span> <span class='ocrx_word' id='word_1_217' title='bbox 1102 3247 1149 3286; x_wconf 88' lang='lat' dir='ltr'>et</span> <span class='ocrx_word' id='word_1_218' title='bbox 1176 3236 1430 3303; x_wconf 89' lang='lat' dir='ltr'>prudentia</span> <span class='ocrx_word' id='word_1_219' title='bbox 1462 3245 1688 3295; x_wconf 86' lang='lat' dir='ltr'>manant,</span> 
     </span>
     <span class='ocr_line' id='line_1_40' title="bbox 453 3317 1737 3387; baseline -0.005 -16"><span class='ocrx_word' id='word_1_220' title='bbox 453 3323 774 3387; x_wconf 80' lang='lat' dir='ltr'>Divinumque</span> <span class='ocrx_word' id='word_1_221' title='bbox 800 3321 934 3369; x_wconf 78' lang='lat' dir='ltr'>almze</span> <span class='ocrx_word' id='word_1_222' title='bbox 951 3319 1155 3368; x_wconf 82' lang='lat' dir='ltr'>Veneris</span> <span class='ocrx_word' id='word_1_223' title='bbox 1171 3333 1315 3382; x_wconf 80' lang='lat' dir='ltr'>genus</span> <span class='ocrx_word' id='word_1_224' title='bbox 1336 3333 1435 3366; x_wconf 75' lang='lat' dir='ltr'>esse</span> <span class='ocrx_word' id='word_1_225' title='bbox 1457 3317 1737 3380; x_wconf 89' lang='lat' dir='ltr'>loquuntur.</span> 
     </span>
    </p>
   </div>
   <div class='ocr_carea' id='block_1_11' title="bbox 962 3452 1520 3501">
    <p class='ocr_par' dir='ltr' id='par_1_18' title="bbox 962 3452 1520 3501">
     <span class='ocr_line' id='line_1_41' title="bbox 962 3452 1520 3501; baseline -0.004 0"><span class='ocrx_word' id='word_1_226' title='bbox 962 3454 1175 3501; x_wconf 75' lang='lat' dir='ltr'>xxvll.</span> <span class='ocrx_word' id='word_1_227' title='bbox 1214 3455 1287 3498; x_wconf 77' lang='lat' dir='ltr'>De</span> <span class='ocrx_word' id='word_1_228' title='bbox 1324 3452 1520 3499; x_wconf 68' lang='lat' dir='ltr'>Creusa.</span> 
     </span>
    </p>
   </div>
   <div class='ocr_carea' id='block_1_12' title="bbox 456 3590 1829 4147">
    <p class='ocr_par' dir='ltr' id='par_1_19' title="bbox 456 3590 1543 3658">
     <span class='ocr_line' id='line_1_42' title="bbox 456 3590 1543 3658; baseline -0.008 -14"><span class='ocrx_word' id='word_1_229' title='bbox 456 3591 667 3658; x_wconf 75' lang='lat' dir='ltr'>Suspicio</span> <span class='ocrx_word' id='word_1_230' title='bbox 696 3590 827 3640; x_wconf 89' lang='lat' dir='ltr'>cultu</span> <span class='ocrx_word' id='word_1_231' title='bbox 850 3590 1031 3639; x_wconf 85' lang='lat' dir='ltr'>luctum</span> <span class='ocrx_word' id='word_1_232' title='bbox 1056 3597 1259 3638; x_wconf 69' lang='lat' dir='ltr'>toetante</span> <span class='ocrx_word' id='word_1_233' title='bbox 1284 3591 1509 3639; x_wconf 80' lang='lat' dir='ltr'>Creusam</span> <span class='ocrx_word' id='word_1_234' title='bbox 1527 3623 1543 3648; x_wconf 89' lang='lat'>‚</span> 
     </span>
    </p>

    <p class='ocr_par' dir='ltr' id='par_1_20' title="bbox 456 3669 1829 3984">
     <span class='ocr_line' id='line_1_43' title="bbox 457 3669 1547 3737; baseline -0.006 -12"><span class='ocrx_word' id='word_1_235' title='bbox 457 3681 614 3726; x_wconf 77' lang='lat' dir='ltr'>AEueae</span> <span class='ocrx_word' id='word_1_236' title='bbox 638 3673 827 3737; x_wconf 83' lang='lat' dir='ltr'>dignam</span> <span class='ocrx_word' id='word_1_237' title='bbox 850 3670 1059 3721; x_wconf 83' lang='lat' dir='ltr'>thalamo</span> <span class='ocrx_word' id='word_1_238' title='bbox 1092 3671 1107 3720; x_wconf 77' lang='grc' dir='ltr'><strong><em>ἑ</em></strong></span> <span class='ocrx_word' id='word_1_239' title='bbox 1132 3669 1198 3720; x_wconf 84' lang='lat' dir='ltr'>sic</span> <span class='ocrx_word' id='word_1_240' title='bbox 1234 3670 1412 3719; x_wconf 85' lang='lat' dir='ltr'>occulit</span> <span class='ocrx_word' id='word_1_241' title='bbox 1436 3684 1547 3732; x_wconf 88' lang='lat' dir='ltr'>ora,</span> 
     </span>
     <span class='ocr_line' id='line_1_44' title="bbox 458 3751 1633 3821; baseline -0.007 -15"><span class='ocrx_word' id='word_1_242' title='bbox 458 3761 819 3821; x_wconf 69' lang='lat' dir='ltr'>Purpureusque</span> <span class='ocrx_word' id='word_1_243' title='bbox 838 3767 979 3816; x_wconf 78' lang='lat' dir='ltr'>genas</span> <span class='ocrx_word' id='word_1_244' title='bbox 1008 3752 1139 3801; x_wconf 89' lang='lat' dir='ltr'>tenui</span> <span class='ocrx_word' id='word_1_245' title='bbox 1159 3752 1251 3801; x_wconf 80' lang='lat' dir='ltr'>sibi</span> <span class='ocrx_word' id='word_1_246' title='bbox 1270 3751 1395 3800; x_wconf 76' lang='lat' dir='ltr'>velat</span> <span class='ocrx_word' id='word_1_247' title='bbox 1420 3751 1596 3799; x_wconf 88' lang='lat' dir='ltr'>amictu</span> <span class='ocrx_word' id='word_1_248' title='bbox 1618 3787 1633 3810; x_wconf 87' lang='lat'>‚</span> 
     </span>
     <span class='ocr_line' id='line_1_45' title="bbox 456 3833 1829 3902; baseline -0.003 -13"><span class='ocrx_word' id='word_1_249' title='bbox 456 3838 695 3902; x_wconf 75' lang='lat' dir='ltr'>Nullaque</span> <span class='ocrx_word' id='word_1_250' title='bbox 720 3835 971 3885; x_wconf 82' lang='lat' dir='ltr'>demissam</span> <span class='ocrx_word' id='word_1_251' title='bbox 996 3843 1173 3884; x_wconf 74' lang='lat' dir='ltr'>vestem</span> <span class='ocrx_word' id='word_1_252' title='bbox 1203 3851 1312 3900; x_wconf 86' lang='lat' dir='ltr'>pars</span> <span class='ocrx_word' id='word_1_253' title='bbox 1336 3833 1551 3900; x_wconf 87' lang='lat' dir='ltr'>corporis</span> <span class='ocrx_word' id='word_1_254' title='bbox 1578 3844 1709 3883; x_wconf 83' lang='lat' dir='ltr'>extra</span> <span class='ocrx_word' id='word_1_255' title='bbox 1738 3844 1829 3885; x_wconf 78' lang='lat' dir='ltr'>eat.</span> 
     </span>
     <span class='ocr_line' id='line_1_46' title="bbox 457 3915 1675 3984; baseline -0.003 -15"><span class='ocrx_word' id='word_1_256' title='bbox 457 3925 611 3984; x_wconf 89' lang='lat' dir='ltr'>Quam</span> <span class='ocrx_word' id='word_1_257' title='bbox 633 3934 779 3968; x_wconf 79' lang='lat' dir='ltr'>saevus</span> <span class='ocrx_word' id='word_1_258' title='bbox 799 3917 937 3966; x_wconf 90' lang='lat' dir='ltr'>dolor</span> <span class='ocrx_word' id='word_1_259' title='bbox 963 3921 1059 3964; x_wconf 85' lang='lat' dir='ltr'>est!</span> <span class='ocrx_word' id='word_1_260' title='bbox 1088 3925 1289 3981; x_wconf 85' lang='lat' dir='ltr'>apparet</span> <span class='ocrx_word' id='word_1_261' title='bbox 1328 3915 1467 3964; x_wconf 81' lang='lat' dir='ltr'>fletus</span> <span class='ocrx_word' id='word_1_262' title='bbox 1488 3915 1541 3964; x_wconf 89' lang='lat' dir='ltr'>in</span> <span class='ocrx_word' id='word_1_263' title='bbox 1566 3932 1675 3966; x_wconf 82' lang='lat' dir='ltr'>aere.</span> 
     </span>
    </p>

    <p class='ocr_par' dir='ltr' id='par_1_21' title="bbox 458 3998 1658 4147">
     <span class='ocr_line' id='line_1_47' title="bbox 458 3998 1658 4068; baseline -0.005 -15"><span class='ocrx_word' id='word_1_264' title='bbox 458 4008 581 4054; x_wconf 84' lang='lat' dir='ltr'>Nam</span> <span class='ocrx_word' id='word_1_265' title='bbox 608 4002 753 4068; x_wconf 81' lang='lat' dir='ltr'>gemit</span> <span class='ocrx_word' id='word_1_266' title='bbox 780 3999 943 4050; x_wconf 76' lang='lat' dir='ltr'>hostili</span> <span class='ocrx_word' id='word_1_267' title='bbox 973 3999 1178 4065; x_wconf 86' lang='lat' dir='ltr'>patriam</span> <span class='ocrx_word' id='word_1_268' title='bbox 1204 3998 1296 4048; x_wconf 78' lang='lat' dir='ltr'>sub</span> <span class='ocrx_word' id='word_1_269' title='bbox 1324 4001 1483 4048; x_wconf 88' lang='lat' dir='ltr'>Marte</span> <span class='ocrx_word' id='word_1_270' title='bbox 1506 4000 1658 4048; x_wconf 84' lang='lat' dir='ltr'>teneri</span> 
     </span>
     <span class='ocr_line' id='line_1_48' title="bbox 459 4081 1561 4147; baseline -0.005 -12"><span class='ocrx_word' id='word_1_271' title='bbox 459 4086 611 4142; x_wconf 86' lang='lat' dir='ltr'>Ilion,</span> <span class='ocrx_word' id='word_1_272' title='bbox 643 4094 692 4133; x_wconf 90' lang='lat' dir='ltr'>et</span> <span class='ocrx_word' id='word_1_273' title='bbox 711 4081 887 4133; x_wconf 77' lang='lat' dir='ltr'><strong>Priami</strong></span> <span class='ocrx_word' id='word_1_274' title='bbox 909 4087 1100 4131; x_wconf 80' lang='lat' dir='ltr'>Danaos</span> <span class='ocrx_word' id='word_1_275' title='bbox 1124 4097 1209 4147; x_wconf 90' lang='lat' dir='ltr'>per</span> <span class='ocrx_word' id='word_1_276' title='bbox 1234 4088 1360 4130; x_wconf 86' lang='lat' dir='ltr'>tecta</span> <span class='ocrx_word' id='word_1_277' title='bbox 1390 4081 1561 4144; x_wconf 79' lang='lat' dir='ltr'>vagari.</span> 
     </span>
    </p>
   </div>
   <div class='ocr_carea' id='block_1_13' title="bbox 936 4190 1521 4267">
    <p class='ocr_par' dir='ltr' id='par_1_22' title="bbox 936 4190 1521 4267">
     <span class='ocr_line' id='line_1_49' title="bbox 936 4190 1521 4267; baseline -0.002 0"><span class='ocrx_word' id='word_1_278' title='bbox 936 4190 1177 4267; x_wconf 67' lang='lat' dir='ltr'>xx&#39;vm.</span> <span class='ocrx_word' id='word_1_279' title='bbox 1216 4221 1289 4264; x_wconf 70' lang='lat' dir='ltr'>De</span> <span class='ocrx_word' id='word_1_280' title='bbox 1326 4215 1521 4266; x_wconf 74' lang='lat' dir='ltr'>Heleno.</span> 
     </span>
    </p>
   </div>
   <div class='ocr_carea' id='block_1_14' title="bbox 456 4336 1832 4485">
    <p class='ocr_par' dir='ltr' id='par_1_23' title="bbox 456 4336 1832 4485">
     <span class='ocr_line' id='line_1_50' title="bbox 458 4336 1832 4404; baseline -0.003 -14"><span class='ocrx_word' id='word_1_281' title='bbox 458 4339 725 4391; x_wconf 76' lang='lat' dir='ltr'>Priamiden</span> <span class='ocrx_word' id='word_1_282' title='bbox 750 4338 984 4388; x_wconf 83' lang='lat' dir='ltr'>Helenum</span> <span class='ocrx_word' id='word_1_283' title='bbox 1011 4353 1166 4404; x_wconf 84' lang='lat' dir='ltr'>neque</span> <span class='ocrx_word' id='word_1_284' title='bbox 1190 4351 1317 4385; x_wconf 89' lang='lat' dir='ltr'>nunc</span> <span class='ocrx_word' id='word_1_285' title='bbox 1348 4345 1459 4386; x_wconf 82' lang='lat' dir='ltr'>trux</span> <span class='ocrx_word' id='word_1_286' title='bbox 1484 4336 1554 4385; x_wconf 87' lang='lat' dir='ltr'>ira</span> <span class='ocrx_word' id='word_1_287' title='bbox 1574 4337 1832 4401; x_wconf 77' lang='lat' dir='ltr'>relinquit3</span> 
     </span>
     <span class='ocr_line' id='line_1_51' title="bbox 456 4417 1741 4485; baseline -0.005 -12"><span class='ocrx_word' id='word_1_288' title='bbox 456 4427 612 4473; x_wconf 74' lang='lat' dir='ltr'>Saevus</span> <span class='ocrx_word' id='word_1_289' title='bbox 634 4419 789 4468; x_wconf 88' lang='lat' dir='ltr'>adhuc</span> <span class='ocrx_word' id='word_1_290' title='bbox 811 4419 975 4485; x_wconf 72' lang='lat' dir='ltr'>patriae</span> <span class='ocrx_word' id='word_1_291' title='bbox 996 4429 1093 4480; x_wconf 81' lang='lat' dir='ltr'>est;</span> <span class='ocrx_word' id='word_1_292' title='bbox 1122 4435 1183 4468; x_wconf 90' lang='lat' dir='ltr'>en</span> <span class='ocrx_word' id='word_1_293' title='bbox 1209 4427 1263 4467; x_wconf 86' lang='lat' dir='ltr'>ut</span> <span class='ocrx_word' id='word_1_294' title='bbox 1292 4417 1519 4468; x_wconf 84' lang='lat' dir='ltr'>libamine</span> <span class='ocrx_word' id='word_1_295' title='bbox 1555 4418 1741 4484; x_wconf 77' lang='lat' dir='ltr'>plenam</span> 
     </span>
    </p>
   </div>
   <div class='ocr_carea' id='block_1_15' title="bbox 456 4499 1879 4734">
    <p class='ocr_par' dir='ltr' id='par_1_24' title="bbox 456 4499 1879 4734">
     <span class='ocr_line' id='line_1_52' title="bbox 458 4499 1879 4566; baseline -0.003 -12"><span class='ocrx_word' id='word_1_296' title='bbox 458 4510 638 4554; x_wconf 77' lang='lat' dir='ltr'>Dextra</span> <span class='ocrx_word' id='word_1_297' title='bbox 660 4511 793 4552; x_wconf 87' lang='lat' dir='ltr'>tenet</span> <span class='ocrx_word' id='word_1_298' title='bbox 818 4511 1047 4566; x_wconf 86' lang='lat' dir='ltr'>pateram.</span> <span class='ocrx_word' id='word_1_299' title='bbox 1117 4502 1166 4552; x_wconf 91' lang='lat' dir='ltr'>Si</span> <span class='ocrx_word' id='word_1_300' title='bbox 1194 4501 1309 4566; x_wconf 89' lang='lat' dir='ltr'>quid</span> <span class='ocrx_word' id='word_1_301' title='bbox 1332 4499 1451 4550; x_wconf 86' lang='lat' dir='ltr'>mihi</span> <span class='ocrx_word' id='word_1_302' title='bbox 1471 4500 1651 4562; x_wconf 81' lang='lat' dir='ltr'>credis,</span> <span class='ocrx_word' id='word_1_303' title='bbox 1672 4501 1879 4550; x_wconf 76' lang='lat' dir='ltr'>Achivos</span> 
     </span>
     <span class='ocr_line' id='line_1_53' title="bbox 457 4584 1676 4652; baseline -0.002 -16"><span class='ocrx_word' id='word_1_304' title='bbox 457 4587 629 4636; x_wconf 89' lang='lat' dir='ltr'>Omine</span> <span class='ocrx_word' id='word_1_305' title='bbox 656 4584 955 4652; x_wconf 79' lang='lat' dir='ltr'>prosequitur</span> <span class='ocrx_word' id='word_1_306' title='bbox 976 4585 1083 4634; x_wconf 77' lang='lat' dir='ltr'>lieto</span> <span class='ocrx_word' id='word_1_307' title='bbox 1102 4621 1117 4647; x_wconf 91' lang='lat'>,</span> <span class='ocrx_word' id='word_1_308' title='bbox 1134 4601 1422 4650; x_wconf 85' lang='lat' dir='ltr'>superosque</span> <span class='ocrx_word' id='word_1_309' title='bbox 1440 4593 1676 4652; x_wconf 77' lang='lat' dir='ltr'>precatur,</span> 
     </span>
     <span class='ocr_line' id='line_1_54' title="bbox 456 4666 1423 4734; baseline -0.003 -14"><span class='ocrx_word' id='word_1_310' title='bbox 456 4671 595 4734; x_wconf 80' lang='lat' dir='ltr'>Signa</span> <span class='ocrx_word' id='word_1_311' title='bbox 624 4667 862 4717; x_wconf 79' lang='lat' dir='ltr'>laboranti</span> <span class='ocrx_word' id='word_1_312' title='bbox 884 4667 999 4714; x_wconf 91' lang='lat' dir='ltr'>dent</span> <span class='ocrx_word' id='word_1_313' title='bbox 1018 4666 1229 4716; x_wconf 78' lang='lat' dir='ltr'>exitialia</span> <span class='ocrx_word' id='word_1_314' title='bbox 1252 4668 1423 4732; x_wconf 79' lang='lat' dir='ltr'>Trojae.</span> 
     </span>
    </p>
   </div>
   <div class='ocr_carea' id='block_1_16' title="bbox 878 4800 1566 4850">
    <p class='ocr_par' dir='ltr' id='par_1_25' title="bbox 878 4800 1566 4850">
     <span class='ocr_line' id='line_1_55' title="bbox 878 4800 1566 4850; baseline 0.001 -2"><span class='ocrx_word' id='word_1_315' title='bbox 878 4803 1070 4850; x_wconf 71' lang='lat' dir='ltr'>XXIX.</span> <span class='ocrx_word' id='word_1_316' title='bbox 1109 4804 1181 4848; x_wconf 85' lang='lat' dir='ltr'>De</span> <span class='ocrx_word' id='word_1_317' title='bbox 1215 4800 1566 4850; x_wconf 75' lang='lat' dir='ltr'>Andromache.</span> 
     </span>
    </p>
   </div>
   <div class='ocr_carea' id='block_1_17' title="bbox 461 4909 1802 5068">
    <p class='ocr_par' dir='ltr' id='par_1_26' title="bbox 461 4909 1802 5068">
     <span class='ocr_line' id='line_1_56' title="bbox 461 4909 1651 4982; baseline -0.001 -15"><span class='ocrx_word' id='word_1_318' title='bbox 461 4917 629 4968; x_wconf 80' lang='lat' dir='ltr'>Adstat</span> <span class='ocrx_word' id='word_1_319' title='bbox 646 4929 696 4968; x_wconf 92' lang='lat' dir='ltr'>et</span> <span class='ocrx_word' id='word_1_320' title='bbox 716 4917 1049 4968; x_wconf 80' lang='lat' dir='ltr'>Andromache</span> <span class='ocrx_word' id='word_1_321' title='bbox 1070 4933 1231 4982; x_wconf 82' lang='lat' dir='ltr'>regum</span> <span class='ocrx_word' id='word_1_322' title='bbox 1255 4909 1401 4968; x_wconf 78' lang='lat' dir='ltr'>nurus</span> <span class='ocrx_word' id='word_1_323' title='bbox 1425 4919 1619 4966; x_wconf 88' lang='lat' dir='ltr'>Eetione</span> <span class='ocrx_word' id='word_1_324' title='bbox 1638 4955 1651 4980; x_wconf 91' lang='lat'><strong><em>,</em></strong></span> 
     </span>
     <span class='ocr_line' id='line_1_57' title="bbox 464 5001 1802 5068; baseline -0.003 -16"><span class='ocrx_word' id='word_1_325' title='bbox 464 5005 561 5052; x_wconf 79' lang='lat' dir='ltr'>Nec</span> <span class='ocrx_word' id='word_1_326' title='bbox 586 5001 664 5053; x_wconf 79' lang='lat' dir='ltr'>flet</span> <span class='ocrx_word' id='word_1_327' title='bbox 686 5039 701 5066; x_wconf 89' lang='lat'>,</span> <span class='ocrx_word' id='word_1_328' title='bbox 726 5019 812 5052; x_wconf 87' lang='lat' dir='ltr'>nec</span> <span class='ocrx_word' id='word_1_329' title='bbox 834 5002 1057 5068; x_wconf 76' lang='lat' dir='ltr'>gemitum</span> <span class='ocrx_word' id='word_1_330' title='bbox 1075 5001 1204 5050; x_wconf 90' lang='lat' dir='ltr'>ducit</span> <span class='ocrx_word' id='word_1_331' title='bbox 1228 5001 1285 5050; x_wconf 88' lang='lat' dir='ltr'>de</span> <span class='ocrx_word' id='word_1_332' title='bbox 1307 5011 1497 5067; x_wconf 83' lang='lat' dir='ltr'>pectore</span> <span class='ocrx_word' id='word_1_333' title='bbox 1526 5017 1537 5050; x_wconf 75' lang='grc' dir='ltr'>ε</span> <span class='ocrx_word' id='word_1_334' title='bbox 1564 5001 1772 5050; x_wconf 86' lang='lat' dir='ltr'>nondum</span> <span class='ocrx_word' id='word_1_335' title='bbox 1788 5036 1802 5056; x_wconf 94' lang='lat'><strong><em>,</em></strong></span> 
     </span>
    </p>
   </div>
   <div class='ocr_carea' id='block_1_18' title="bbox 2084 3089 2730 3138">
    <p class='ocr_par' dir='ltr' id='par_1_27' title="bbox 2084 3089 2730 3138">
     <span class='ocr_line' id='line_1_58' title="bbox 2084 3089 2730 3138; baseline -0.009 0"><span class='ocrx_word' id='word_1_336' title='bbox 2084 3089 2310 3138; x_wconf 81' lang='lat' dir='ltr'>lacrimas</span> <span class='ocrx_word' id='word_1_337' title='bbox 2329 3089 2584 3138; x_wconf 60' lang='lat' dir='ltr'>effundero</span> <span class='ocrx_word' id='word_1_338' title='bbox 2606 3089 2677 3135; x_wconf 62' lang='grc' dir='ltr'>ῦῖ·“</span> <span class='ocrx_word' id='word_1_339' title='bbox 2709 3124 2730 3135; x_wconf 46' lang='lat'>1.</span> 
     </span>
    </p>
   </div>
   <div class='ocr_carea' id='block_1_19' title="bbox 1586 226 2574 289">
    <p class='ocr_par' dir='ltr' id='par_1_28' title="bbox 1586 226 2574 289">
     <span class='ocr_line' id='line_1_59' title="bbox 1586 226 2574 289; baseline 0.002 -2"><span class='ocrx_word' id='word_1_340' title='bbox 1586 228 2092 289; x_wconf 86' lang='lat' dir='ltr'>ANTHOLOGIAE</span> <span class='ocrx_word' id='word_1_341' title='bbox 2137 226 2539 289; x_wconf 84' lang='lat' dir='ltr'>PALATINAE</span> <span class='ocrx_word' id='word_1_342' title='bbox 2569 238 2574 243; x_wconf 80' lang='grc'>’</span> 
     </span>
    </p>
   </div>
   <div class='ocr_carea' id='block_1_20' title="bbox 2089 357 3644 1481">
    <p class='ocr_par' dir='ltr' id='par_1_29' title="bbox 2089 357 3389 515">
     <span class='ocr_line' id='line_1_60' title="bbox 2089 357 3389 427; baseline 0.002 -18"><span class='ocrx_word' id='word_1_343' title='bbox 2089 359 2311 411; x_wconf 89' lang='lat' dir='ltr'>decorem</span> <span class='ocrx_word' id='word_1_344' title='bbox 2329 362 2516 424; x_wconf 78' lang='lat' dir='ltr'>spirans</span> <span class='ocrx_word' id='word_1_345' title='bbox 2529 399 2541 420; x_wconf 92' lang='lat'>,</span> <span class='ocrx_word' id='word_1_346' title='bbox 2563 360 2776 424; x_wconf 88' lang='lat' dir='ltr'>prudens</span> <span class='ocrx_word' id='word_1_347' title='bbox 2793 361 3203 413; x_wconf 78' lang='lat' dir='ltr'>circumfunditur</span> <span class='ocrx_word' id='word_1_348' title='bbox 3219 357 3389 427; x_wconf 73' lang='lat' dir='ltr'>pudor,</span> 
     </span>
     <span class='ocr_line' id='line_1_61' title="bbox 2089 450 3159 515; baseline 0.002 -17"><span class='ocrx_word' id='word_1_349' title='bbox 2089 450 2308 498; x_wconf 86' lang='lat' dir='ltr'>divinum</span> <span class='ocrx_word' id='word_1_350' title='bbox 2331 462 2494 499; x_wconf 80' lang='lat' dir='ltr'>aureae</span> <span class='ocrx_word' id='word_1_351' title='bbox 2511 452 2714 501; x_wconf 70' lang='lat' dir='ltr'>Veneris</span> <span class='ocrx_word' id='word_1_352' title='bbox 2739 452 2966 500; x_wconf 88' lang='lat' dir='ltr'>nuntians</span> <span class='ocrx_word' id='word_1_353' title='bbox 2991 465 3159 515; x_wconf 78' lang='lat' dir='ltr'>genus.</span> 
     </span>
    </p>

    <p class='ocr_par' dir='ltr' id='par_1_30' title="bbox 2089 539 3641 1131">
     <span class='ocr_line' id='line_1_62' title="bbox 2151 539 3641 605; baseline 0.003 -18"><span class='ocrx_word' id='word_1_354' title='bbox 2151 541 2212 589; x_wconf 87' lang='lat' dir='ltr'>Et</span> <span class='ocrx_word' id='word_1_355' title='bbox 2242 542 2467 588; x_wconf 71' lang='lat' dir='ltr'>cnr-:usu</span> <span class='ocrx_word' id='word_1_356' title='bbox 2487 539 2754 589; x_wconf 81' lang='lat' dir='ltr'>admiratus</span> <span class='ocrx_word' id='word_1_357' title='bbox 2782 554 2890 590; x_wconf 89' lang='lat' dir='ltr'>sum</span> <span class='ocrx_word' id='word_1_358' title='bbox 2909 579 2923 601; x_wconf 92' lang='lat'>,</span> <span class='ocrx_word' id='word_1_359' title='bbox 2945 544 3250 603; x_wconf 83' lang='lat' dir='ltr'>conspectam</span> <span class='ocrx_word' id='word_1_360' title='bbox 3270 542 3407 591; x_wconf 90' lang='lat' dir='ltr'>cultu</span> <span class='ocrx_word' id='word_1_361' title='bbox 3425 540 3641 605; x_wconf 81' lang='lat' dir='ltr'>lugubri,</span> 
     </span>
     <span class='ocr_line' id='line_1_63' title="bbox 2089 628 3395 691; baseline 0.002 -16"><span class='ocrx_word' id='word_1_362' title='bbox 2089 628 2256 677; x_wconf 79' lang='lat' dir='ltr'>AEneae</span> <span class='ocrx_word' id='word_1_363' title='bbox 2284 629 2536 691; x_wconf 80' lang='lat' dir='ltr'>conjugem</span> <span class='ocrx_word' id='word_1_364' title='bbox 2549 665 2562 686; x_wconf 81' lang='lat'>‚</span> <span class='ocrx_word' id='word_1_365' title='bbox 2584 628 2923 678; x_wconf 85' lang='lat' dir='ltr'>obumbratam</span> <span class='ocrx_word' id='word_1_366' title='bbox 2944 648 2956 677; x_wconf 91' lang='lat'>:</span> <span class='ocrx_word' id='word_1_367' title='bbox 2977 628 3105 677; x_wconf 88' lang='lat' dir='ltr'>circa</span> <span class='ocrx_word' id='word_1_368' title='bbox 3121 630 3249 691; x_wconf 87' lang='lat' dir='ltr'>ipsas</span> <span class='ocrx_word' id='word_1_369' title='bbox 3267 630 3395 679; x_wconf 89' lang='lat' dir='ltr'>enim</span> 
     </span>
     <span class='ocr_line' id='line_1_64' title="bbox 2089 716 2979 779; baseline 0.001 -14"><span class='ocrx_word' id='word_1_370' title='bbox 2089 729 2236 779; x_wconf 85' lang='lat' dir='ltr'>genas</span> <span class='ocrx_word' id='word_1_371' title='bbox 2260 716 2428 765; x_wconf 87' lang='lat' dir='ltr'>ambas</span> <span class='ocrx_word' id='word_1_372' title='bbox 2454 716 2719 765; x_wconf 82' lang='lat' dir='ltr'>deduxerat</span> <span class='ocrx_word' id='word_1_373' title='bbox 2743 718 2906 766; x_wconf 80' lang='lat' dir='ltr'>velum</span> <span class='ocrx_word' id='word_1_374' title='bbox 2929 720 2979 766; x_wconf 85' lang='lat' dir='ltr'>et</span> 
     </span>
     <span class='ocr_line' id='line_1_65' title="bbox 2089 802 3438 869; baseline 0.004 -19"><span class='ocrx_word' id='word_1_375' title='bbox 2089 814 2232 851; x_wconf 86' lang='lat' dir='ltr'>omne</span> <span class='ocrx_word' id='word_1_376' title='bbox 2249 815 2425 865; x_wconf 88' lang='lat' dir='ltr'>corpus</span> <span class='ocrx_word' id='word_1_377' title='bbox 2460 802 3008 866; x_wconf 65' lang='lat' dir='ltr'>circumterit-ad-pedes</span> <span class='ocrx_word' id='word_1_378' title='bbox 3029 803 3242 854; x_wconf 84' lang='lat' dir='ltr'>demisso</span> <span class='ocrx_word' id='word_1_379' title='bbox 3271 808 3412 869; x_wconf 87' lang='lat' dir='ltr'>peplo</span> <span class='ocrx_word' id='word_1_380' title='bbox 3425 845 3438 866; x_wconf 84' lang='lat'>‚</span> 
     </span>
     <span class='ocr_line' id='line_1_66' title="bbox 2089 890 3113 953; baseline 0.003 -15"><span class='ocrx_word' id='word_1_381' title='bbox 2089 892 2147 938; x_wconf 90' lang='lat' dir='ltr'>ut</span> <span class='ocrx_word' id='word_1_382' title='bbox 2168 890 2364 949; x_wconf 89' lang='lat' dir='ltr'>dolens;</span> <span class='ocrx_word' id='word_1_383' title='bbox 2389 903 2637 953; x_wconf 75' lang='lat' dir='ltr'>oeneaeque</span> <span class='ocrx_word' id='word_1_384' title='bbox 2659 891 2876 941; x_wconf 63' lang='lat' dir='ltr'>lacrima)</span> <span class='ocrx_word' id='word_1_385' title='bbox 2894 891 3113 941; x_wconf 86' lang='lat' dir='ltr'>mulieris</span> 
     </span>
     <span class='ocr_line' id='line_1_67' title="bbox 2090 978 3570 1047; baseline 0.005 -22"><span class='ocrx_word' id='word_1_386' title='bbox 2090 980 2245 1027; x_wconf 82' lang='lat' dir='ltr'>Marte</span> <span class='ocrx_word' id='word_1_387' title='bbox 2268 980 2588 1041; x_wconf 84' lang='lat' dir='ltr'>expugnatam</span> <span class='ocrx_word' id='word_1_388' title='bbox 2605 978 2996 1029; x_wconf 79' lang='lat' dir='ltr'>vaticinabantur</span> <span class='ocrx_word' id='word_1_389' title='bbox 3021 980 3260 1030; x_wconf 86' lang='lat' dir='ltr'>nutricem</span> <span class='ocrx_word' id='word_1_390' title='bbox 3269 984 3570 1047; x_wconf 51' lang='lat' dir='ltr'>(patriam),</span> 
     </span>
     <span class='ocr_line' id='line_1_68' title="bbox 2089 1066 3054 1131; baseline 0.004 -18"><span class='ocrx_word' id='word_1_391' title='bbox 2089 1066 2229 1114; x_wconf 89' lang='lat' dir='ltr'>Ilium</span> <span class='ocrx_word' id='word_1_392' title='bbox 2250 1080 2474 1129; x_wconf 84' lang='lat' dir='ltr'>pressum</span> <span class='ocrx_word' id='word_1_393' title='bbox 2509 1068 2570 1117; x_wconf 86' lang='lat' dir='ltr'>ab</span> <span class='ocrx_word' id='word_1_394' title='bbox 2589 1068 2778 1131; x_wconf 76' lang='lat' dir='ltr'>Argivis</span> <span class='ocrx_word' id='word_1_395' title='bbox 2796 1068 3054 1118; x_wconf 67' lang='lat' dir='ltr'>scutiferis</span> 
     </span>
    </p>

    <p class='ocr_par' dir='ltr' id='par_1_31' title="bbox 2089 1156 3644 1481">
     <span class='ocr_line' id='line_1_69' title="bbox 2151 1156 3644 1219; baseline 0.002 -17"><span class='ocrx_word' id='word_1_396' title='bbox 2151 1156 2318 1216; x_wconf 83' lang='lat' dir='ltr'>Neque</span> <span class='ocrx_word' id='word_1_397' title='bbox 2335 1157 2557 1204; x_wconf 64' lang='lat' dir='ltr'>Hermus</span> <span class='ocrx_word' id='word_1_398' title='bbox 2573 1156 2794 1205; x_wconf 83' lang='lat' dir='ltr'>cessabat</span> <span class='ocrx_word' id='word_1_399' title='bbox 2815 1156 2876 1205; x_wconf 89' lang='lat' dir='ltr'>ab</span> <span class='ocrx_word' id='word_1_400' title='bbox 2893 1156 2967 1205; x_wconf 88' lang='lat' dir='ltr'>ira</span> <span class='ocrx_word' id='word_1_401' title='bbox 2982 1176 2994 1204; x_wconf 90' lang='lat'>:</span> <span class='ocrx_word' id='word_1_402' title='bbox 3009 1156 3060 1204; x_wconf 88' lang='lat' dir='ltr'>in</span> <span class='ocrx_word' id='word_1_403' title='bbox 3075 1157 3282 1219; x_wconf 88' lang='lat' dir='ltr'>patriam</span> <span class='ocrx_word' id='word_1_404' title='bbox 3299 1158 3644 1207; x_wconf 68' lang='lat' dir='ltr'>immisericors</span> 
     </span>
     <span class='ocr_line' id='line_1_70' title="bbox 2089 1242 3644 1309; baseline 0.003 -19"><span class='ocrx_word' id='word_1_405' title='bbox 2089 1242 2348 1304; x_wconf 80' lang='lat' dir='ltr'>apparebat</span> <span class='ocrx_word' id='word_1_406' title='bbox 2361 1243 2624 1292; x_wconf 85' lang='lat' dir='ltr'>etiamnum</span> <span class='ocrx_word' id='word_1_407' title='bbox 2637 1244 2862 1293; x_wconf 82' lang='lat' dir='ltr'>volutans</span> <span class='ocrx_word' id='word_1_408' title='bbox 2875 1244 3194 1294; x_wconf 84' lang='lat' dir='ltr'>stomachum.</span> <span class='ocrx_word' id='word_1_409' title='bbox 3211 1246 3431 1296; x_wconf 81' lang='lat' dir='ltr'>Tollebat</span> <span class='ocrx_word' id='word_1_410' title='bbox 3441 1247 3644 1309; x_wconf 78' lang='lat' dir='ltr'>quidem</span> 
     </span>
     <span class='ocr_line' id='line_1_71' title="bbox 2090 1328 3392 1396; baseline 0.003 -19"><span class='ocrx_word' id='word_1_411' title='bbox 2090 1328 2283 1379; x_wconf 79' lang='lat' dir='ltr'>dextera</span> <span class='ocrx_word' id='word_1_412' title='bbox 2301 1333 2516 1392; x_wconf 88' lang='lat' dir='ltr'>pateram</span> <span class='ocrx_word' id='word_1_413' title='bbox 2541 1329 2604 1379; x_wconf 88' lang='lat' dir='ltr'>ad</span> <span class='ocrx_word' id='word_1_414' title='bbox 2629 1329 2879 1379; x_wconf 90' lang='lat' dir='ltr'>libandum</span> <span class='ocrx_word' id='word_1_415' title='bbox 2895 1369 2907 1392; x_wconf 91' lang='lat'>‚</span> <span class='ocrx_word' id='word_1_416' title='bbox 2939 1334 3014 1391; x_wconf 82' lang='lat' dir='ltr'>et,</span> <span class='ocrx_word' id='word_1_417' title='bbox 3049 1333 3178 1381; x_wconf 83' lang='lat' dir='ltr'>sicut</span> <span class='ocrx_word' id='word_1_418' title='bbox 3207 1334 3392 1396; x_wconf 88' lang='lat' dir='ltr'>opinor,</span> 
     </span>
     <span class='ocr_line' id='line_1_72' title="bbox 2092 1417 3526 1481; baseline 0.005 -18"><span class='ocrx_word' id='word_1_419' title='bbox 2092 1417 2252 1467; x_wconf 83' lang='lat' dir='ltr'>fausta</span> <span class='ocrx_word' id='word_1_420' title='bbox 2275 1417 2624 1467; x_wconf 81' lang='lat' dir='ltr'>vaticinabatur</span> <span class='ocrx_word' id='word_1_421' title='bbox 2647 1418 2834 1481; x_wconf 77' lang='lat' dir='ltr'>Argivis</span> <span class='ocrx_word' id='word_1_422' title='bbox 2847 1457 2858 1479; x_wconf 86' lang='lat'><strong><em>‚</em></strong></span> <span class='ocrx_word' id='word_1_423' title='bbox 2881 1417 3117 1468; x_wconf 76' lang='lat' dir='ltr'>adversus</span> <span class='ocrx_word' id='word_1_424' title='bbox 3141 1419 3377 1469; x_wconf 89' lang='lat' dir='ltr'>nutricem</span> <span class='ocrx_word' id='word_1_425' title='bbox 3407 1434 3526 1470; x_wconf 82' lang='lat' dir='ltr'>vero</span> 
     </span>
    </p>
   </div>
   <div class='ocr_carea' id='block_1_21' title="bbox 2040 1504 3450 1569">
    <p class='ocr_par' dir='ltr' id='par_1_32' title="bbox 2040 1504 3450 1569">
     <span class='ocr_line' id='line_1_73' title="bbox 2040 1504 3450 1569; baseline 0.004 -16"><span class='ocrx_word' id='word_1_426' title='bbox 2040 1526 2048 1539; x_wconf 93' lang='lat'><strong>·</strong></span> <span class='ocrx_word' id='word_1_427' title='bbox 2091 1504 2378 1565; x_wconf 81' lang='lat' dir='ltr'>precabatur</span> <span class='ocrx_word' id='word_1_428' title='bbox 2395 1506 2690 1555; x_wconf 83' lang='lat' dir='ltr'>immortales</span> <span class='ocrx_word' id='word_1_429' title='bbox 2717 1510 2774 1556; x_wconf 88' lang='lat' dir='ltr'>ut</span> <span class='ocrx_word' id='word_1_430' title='bbox 2792 1510 3037 1569; x_wconf 86' lang='lat' dir='ltr'>postrema</span> <span class='ocrx_word' id='word_1_431' title='bbox 3053 1508 3181 1557; x_wconf 87' lang='lat' dir='ltr'>mala</span> <span class='ocrx_word' id='word_1_432' title='bbox 3201 1508 3450 1558; x_wconf 78' lang='lat' dir='ltr'>afferrent.</span> 
     </span>
    </p>
   </div>
   <div class='ocr_carea' id='block_1_22' title="bbox 2089 1593 3640 1923">
    <p class='ocr_par' dir='ltr' id='par_1_33' title="bbox 2089 1593 3640 1923">
     <span class='ocr_line' id='line_1_74' title="bbox 2152 1593 3640 1659; baseline 0.006 -19"><span class='ocrx_word' id='word_1_433' title='bbox 2152 1595 2483 1642; x_wconf 68' lang='lat' dir='ltr'>Aannoncns</span> <span class='ocrx_word' id='word_1_434' title='bbox 2496 1596 2662 1643; x_wconf 84' lang='lat' dir='ltr'>autem</span> <span class='ocrx_word' id='word_1_435' title='bbox 2679 1593 3057 1658; x_wconf 85' lang='lat' dir='ltr'>roseis-pedibus</span> <span class='ocrx_word' id='word_1_436' title='bbox 3081 1595 3268 1659; x_wconf 84' lang='lat' dir='ltr'>stabat,</span> <span class='ocrx_word' id='word_1_437' title='bbox 3285 1597 3496 1646; x_wconf 84' lang='lat' dir='ltr'>Eetionis</span> <span class='ocrx_word' id='word_1_438' title='bbox 3513 1600 3606 1644; x_wconf 58' lang='lat' dir='ltr'>tilii</span> <span class='ocrx_word' id='word_1_439' title='bbox 3628 1637 3640 1649; x_wconf 83' lang='lat'><strong>.</strong></span> 
     </span>
     <span class='ocr_line' id='line_1_75' title="bbox 2089 1680 3640 1747; baseline 0.005 -19"><span class='ocrx_word' id='word_1_440' title='bbox 2089 1694 2184 1729; x_wconf 90' lang='lat' dir='ltr'>non</span> <span class='ocrx_word' id='word_1_441' title='bbox 2198 1680 2382 1730; x_wconf 83' lang='lat' dir='ltr'>stillans</span> <span class='ocrx_word' id='word_1_442' title='bbox 2396 1682 2644 1743; x_wconf 88' lang='lat' dir='ltr'>querelam</span> <span class='ocrx_word' id='word_1_443' title='bbox 2655 1682 3180 1745; x_wconf 78' lang='lat' dir='ltr'>multum-gementem3</span> <span class='ocrx_word' id='word_1_444' title='bbox 3195 1687 3250 1733; x_wconf 94' lang='lat' dir='ltr'>ut</span> <span class='ocrx_word' id='word_1_445' title='bbox 3259 1684 3387 1733; x_wconf 90' lang='lat' dir='ltr'>enim</span> <span class='ocrx_word' id='word_1_446' title='bbox 3401 1699 3502 1747; x_wconf 60' lang='lat' dir='ltr'>sus}</span> <span class='ocrx_word' id='word_1_447' title='bbox 3513 1688 3579 1731; x_wconf 63' lang='lat' dir='ltr'>ie«</span> <span class='ocrx_word' id='word_1_448' title='bbox 3589 1702 3640 1735; x_wconf 55' lang='grc' dir='ltr'>,ιι</span> 
     </span>
     <span class='ocr_line' id='line_1_76' title="bbox 2089 1767 3270 1833; baseline 0.003 -17"><span class='ocrx_word' id='word_1_449' title='bbox 2089 1767 2307 1817; x_wconf 90' lang='lat' dir='ltr'>nondum</span> <span class='ocrx_word' id='word_1_450' title='bbox 2333 1768 2386 1817; x_wconf 89' lang='lat' dir='ltr'>in</span> <span class='ocrx_word' id='word_1_451' title='bbox 2411 1768 2538 1818; x_wconf 89' lang='lat' dir='ltr'>bello</span> <span class='ocrx_word' id='word_1_452' title='bbox 2561 1770 2778 1833; x_wconf 82' lang='lat' dir='ltr'>galeatus</span> <span class='ocrx_word' id='word_1_453' title='bbox 2803 1770 3044 1820; x_wconf 85' lang='lat' dir='ltr'>ceciderat</span> <span class='ocrx_word' id='word_1_454' title='bbox 3073 1773 3270 1833; x_wconf 84' lang='lat' dir='ltr'>Hector,</span> 
     </span>
     <span class='ocr_line' id='line_1_77' title="bbox 2089 1857 3163 1923; baseline 0.004 -19"><span class='ocrx_word' id='word_1_455' title='bbox 2089 1868 2180 1905; x_wconf 89' lang='lat' dir='ltr'>nec</span> <span class='ocrx_word' id='word_1_456' title='bbox 2197 1858 2506 1906; x_wconf 85' lang='lat' dir='ltr'>scutatorum</span> <span class='ocrx_word' id='word_1_457' title='bbox 2525 1858 2722 1920; x_wconf 85' lang='lat' dir='ltr'>superbi</span> <span class='ocrx_word' id='word_1_458' title='bbox 2747 1857 2842 1907; x_wconf 85' lang='lat' dir='ltr'>filii</span> <span class='ocrx_word' id='word_1_459' title='bbox 2872 1859 3163 1923; x_wconf 82' lang='lat' dir='ltr'>Argivorum</span> 
     </span>
    </p>
   </div>
   <div class='ocr_carea' id='block_1_23' title="bbox 2053 1943 3241 2008">
    <p class='ocr_par' dir='ltr' id='par_1_34' title="bbox 2053 1943 3241 2008">
     <span class='ocr_line' id='line_1_78' title="bbox 2053 1943 3241 2008; baseline 0.004 -16"><span class='ocrx_word' id='word_1_460' title='bbox 2053 2002 2056 2007; x_wconf 21' lang='grc' dir='ltr'>Ι</span> <span class='ocrx_word' id='word_1_461' title='bbox 2088 1943 2380 1993; x_wconf 85' lang='lat' dir='ltr'>Dardaniam</span> <span class='ocrx_word' id='word_1_462' title='bbox 2395 1947 2550 1993; x_wconf 85' lang='lat' dir='ltr'>totam</span> <span class='ocrx_word' id='word_1_463' title='bbox 2567 1944 2969 2008; x_wconf 83' lang='lat' dir='ltr'>depraedabantur</span> <span class='ocrx_word' id='word_1_464' title='bbox 2984 1947 3241 1997; x_wconf 88' lang='lat' dir='ltr'>nutricem.</span> 
     </span>
    </p>
   </div>
   <div class='ocr_carea' id='block_1_24' title="bbox 2086 1982 3662 3065">
    <p class='ocr_par' dir='ltr' id='par_1_35' title="bbox 2087 1982 3662 2271">
     <span class='ocr_line' id='line_1_79' title="bbox 2149 1982 3662 2095; baseline 0.001 -16"><span class='ocrx_word' id='word_1_465' title='bbox 2149 2033 2376 2093; x_wconf 85' lang='lat' dir='ltr'>spectare</span> <span class='ocrx_word' id='word_1_466' title='bbox 2394 2034 2588 2094; x_wconf 88' lang='lat' dir='ltr'>poteras</span> <span class='ocrx_word' id='word_1_467' title='bbox 2606 2032 2754 2082; x_wconf 89' lang='lat' dir='ltr'>ctiam</span> <span class='ocrx_word' id='word_1_468' title='bbox 2771 2034 3000 2083; x_wconf 88' lang='lat' dir='ltr'>martium</span> <span class='ocrx_word' id='word_1_469' title='bbox 3019 2037 3286 2085; x_wconf 68' lang='lat' dir='ltr'>Mensam</span> <span class='ocrx_word' id='word_1_470' title='bbox 3302 2074 3314 2095; x_wconf 87' lang='lat'>‚</span> <span class='ocrx_word' id='word_1_471' title='bbox 3335 2036 3430 2085; x_wconf 73' lang='lat' dir='ltr'>scd</span> <span class='ocrx_word' id='word_1_472' title='bbox 3453 2046 3472 2075; x_wconf 71' lang='lat' dir='ltr'>x</span> <span class='ocrx_word' id='word_1_473' title='bbox 3485 2034 3544 2078; x_wconf 59' lang='grc' dir='ltr'>ἐι·</span> <span class='ocrx_word' id='word_1_474' title='bbox 3569 1982 3662 2081; x_wconf 47' lang='lat' dir='ltr'>{ia</span> 
     </span>
     <span class='ocr_line' id='line_1_80' title="bbox 2087 2118 3382 2185; baseline 0.008 -19"><span class='ocrx_word' id='word_1_475' title='bbox 2087 2118 2258 2168; x_wconf 82' lang='lat' dir='ltr'>laetum</span> <span class='ocrx_word' id='word_1_476' title='bbox 2293 2140 2305 2168; x_wconf 71' lang='grc' dir='ltr'>ι</span> <span class='ocrx_word' id='word_1_477' title='bbox 2331 2133 2480 2183; x_wconf 90' lang='lat' dir='ltr'>prope</span> <span class='ocrx_word' id='word_1_478' title='bbox 2501 2120 2631 2170; x_wconf 86' lang='lat' dir='ltr'>enim</span> <span class='ocrx_word' id='word_1_479' title='bbox 2658 2120 2979 2172; x_wconf 85' lang='lat' dir='ltr'>incalescebat</span> <span class='ocrx_word' id='word_1_480' title='bbox 3002 2136 3176 2185; x_wconf 86' lang='lat' dir='ltr'>magno</span> <span class='ocrx_word' id='word_1_481' title='bbox 3199 2122 3382 2185; x_wconf 74' lang='lat' dir='ltr'>gaudi-&#39;⁰</span> 
     </span>
     <span class='ocr_line' id='line_1_81' title="bbox 2088 2207 3383 2271; baseline 0.004 -16"><span class='ocrx_word' id='word_1_482' title='bbox 2088 2207 2388 2269; x_wconf 85' lang='lat' dir='ltr'>conspiciens</span> <span class='ocrx_word' id='word_1_483' title='bbox 2411 2208 2690 2259; x_wconf 88' lang='lat' dir='ltr'>unanimam</span> <span class='ocrx_word' id='word_1_484' title='bbox 2721 2209 3042 2271; x_wconf 72' lang='lat' dir='ltr'>Tyndaridem</span> <span class='ocrx_word' id='word_1_485' title='bbox 3073 2208 3383 2261; x_wconf 57' lang='lat' dir='ltr'>rosana-uluis</span> 
     </span>
    </p>

    <p class='ocr_par' dir='ltr' id='par_1_36' title="bbox 2089 2296 3658 2534">
     <span class='ocr_line' id='line_1_82' title="bbox 2151 2296 3658 2359; baseline -0.001 -15"><span class='ocrx_word' id='word_1_486' title='bbox 2151 2296 2432 2346; x_wconf 80' lang='lat' dir='ltr'>Admiratus</span> <span class='ocrx_word' id='word_1_487' title='bbox 2461 2311 2571 2346; x_wconf 90' lang='lat' dir='ltr'>sum</span> <span class='ocrx_word' id='word_1_488' title='bbox 2597 2299 2792 2347; x_wconf 67' lang='lat' dir='ltr'>Helenae</span> <span class='ocrx_word' id='word_1_489' title='bbox 2814 2299 3068 2348; x_wconf 89' lang='lat' dir='ltr'>amabilem</span> <span class='ocrx_word' id='word_1_490' title='bbox 3087 2300 3296 2348; x_wconf 75' lang='lat' dir='ltr'>sormam</span> <span class='ocrx_word' id='word_1_491' title='bbox 3321 2309 3331 2343; x_wconf 71' lang='lat' dir='ltr'>t</span> <span class='ocrx_word' id='word_1_492' title='bbox 3353 2296 3537 2359; x_wconf 83' lang='lat' dir='ltr'>quippe</span> <span class='ocrx_word' id='word_1_493' title='bbox 3563 2298 3658 2359; x_wconf 80' lang='lat' dir='ltr'>ipsi</span> 
     </span>
     <span class='ocr_line' id='line_1_83' title="bbox 2089 2383 3548 2435; baseline 0.001 -4"><span class='ocrx_word' id='word_1_494' title='bbox 2089 2384 2176 2431; x_wconf 83' lang='lat' dir='ltr'>aeri</span> <span class='ocrx_word' id='word_1_495' title='bbox 2206 2383 2434 2433; x_wconf 88' lang='lat' dir='ltr'>decorem</span> <span class='ocrx_word' id='word_1_496' title='bbox 2453 2383 2601 2433; x_wconf 84' lang='lat' dir='ltr'>dabat</span> <span class='ocrx_word' id='word_1_497' title='bbox 2625 2386 3090 2435; x_wconf 55' lang='lat' dir='ltr'>desideratissimum</span> <span class='ocrx_word' id='word_1_498' title='bbox 3123 2408 3135 2433; x_wconf 91' lang='lat'>·.</span> <span class='ocrx_word' id='word_1_499' title='bbox 3163 2390 3396 2432; x_wconf 45' lang='lat' dir='ltr'>venustas</span> <span class='ocrx_word' id='word_1_500' title='bbox 3413 2385 3548 2434; x_wconf 88' lang='lat' dir='ltr'>enim</span> 
     </span>
     <span class='ocr_line' id='line_1_84' title="bbox 2090 2470 3395 2534; baseline 0.003 -14"><span class='ocrx_word' id='word_1_501' title='bbox 2090 2470 2299 2520; x_wconf 86' lang='lat' dir='ltr'>calidum</span> <span class='ocrx_word' id='word_1_502' title='bbox 2319 2484 2534 2520; x_wconf 89' lang='lat' dir='ltr'>amorem</span> <span class='ocrx_word' id='word_1_503' title='bbox 2557 2472 2768 2534; x_wconf 69' lang='lat' dir='ltr'>spirabat</span> <span class='ocrx_word' id='word_1_504' title='bbox 2795 2474 2940 2522; x_wconf 64' lang='lat' dir='ltr'>otiam</span> <span class='ocrx_word' id='word_1_505' title='bbox 2963 2475 3177 2524; x_wconf 72' lang='lat' dir='ltr'>inanima</span> <span class='ocrx_word' id='word_1_506' title='bbox 3197 2486 3244 2517; x_wconf 71' lang='grc' dir='ltr'>ιιι</span> <span class='ocrx_word' id='word_1_507' title='bbox 3277 2475 3395 2520; x_wconf 78' lang='lat' dir='ltr'>arte.</span> 
     </span>
    </p>

    <p class='ocr_par' dir='ltr' id='par_1_37' title="bbox 2086 2561 3596 3065">
     <span class='ocr_line' id='line_1_85' title="bbox 2152 2561 3336 2624; baseline -0.001 -14"><span class='ocrx_word' id='word_1_508' title='bbox 2152 2561 2351 2611; x_wconf 79' lang='lat' dir='ltr'>callidis</span> <span class='ocrx_word' id='word_1_509' title='bbox 2378 2562 2656 2624; x_wconf 64' lang='lat' dir='ltr'>praecorohis</span> <span class='ocrx_word' id='word_1_510' title='bbox 2683 2565 2924 2620; x_wconf 54' lang='lat' dir='ltr'>gaudebat</span> <span class='ocrx_word' id='word_1_511' title='bbox 2950 2564 3065 2613; x_wconf 54' lang='lat' dir='ltr'>dius</span> <span class='ocrx_word' id='word_1_512' title='bbox 3085 2562 3176 2607; x_wconf 54' lang='lat'>1512</span> <span class='ocrx_word' id='word_1_513' title='bbox 3189 2575 3291 2610; x_wconf 43' lang='lat' dir='ltr'>*ses</span> <span class='ocrx_word' id='word_1_514' title='bbox 3325 2582 3336 2609; x_wconf 72' lang='grc' dir='ltr'>ι</span> 
     </span>
     <span class='ocr_line' id='line_1_86' title="bbox 2091 2651 3538 2714; baseline 0.004 -14"><span class='ocrx_word' id='word_1_515' title='bbox 2091 2666 2246 2714; x_wconf 86' lang='lat' dir='ltr'>neque</span> <span class='ocrx_word' id='word_1_516' title='bbox 2267 2651 2398 2700; x_wconf 88' lang='lat' dir='ltr'>enim</span> <span class='ocrx_word' id='word_1_517' title='bbox 2421 2654 2525 2700; x_wconf 92' lang='lat' dir='ltr'>erat</span> <span class='ocrx_word' id='word_1_518' title='bbox 2542 2652 2642 2699; x_wconf 82' lang='lat' dir='ltr'>sinc</span> <span class='ocrx_word' id='word_1_519' title='bbox 2665 2654 2742 2699; x_wconf 72' lang='lat' dir='ltr'>illa</span> <span class='ocrx_word' id='word_1_520' title='bbox 2761 2652 3052 2711; x_wconf 65' lang='lat' dir='ltr'>cogitatione</span> <span class='ocrx_word' id='word_1_521' title='bbox 3081 2651 3507 2699; x_wconf 65' lang='lat' dir='ltr'>summe-versatili</span> <span class='ocrx_word' id='word_1_522' title='bbox 3527 2689 3538 2706; x_wconf 81' lang='lat'>.</span> 
     </span>
     <span class='ocr_line' id='line_1_87' title="bbox 2090 2734 3568 2797; baseline -0.002 -11"><span class='ocrx_word' id='word_1_523' title='bbox 2090 2738 2177 2788; x_wconf 88' lang='lat' dir='ltr'>sed</span> <span class='ocrx_word' id='word_1_524' title='bbox 2202 2736 2364 2786; x_wconf 88' lang='lat' dir='ltr'>adhuc</span> <span class='ocrx_word' id='word_1_525' title='bbox 2384 2736 2533 2787; x_wconf 88' lang='lat' dir='ltr'>decus</span> <span class='ocrx_word' id='word_1_526' title='bbox 2554 2737 2846 2787; x_wconf 54' lang='lat' dir='ltr'>monstrabat</span> <span class='ocrx_word' id='word_1_527' title='bbox 2871 2738 3033 2787; x_wconf 60' lang='lat' dir='ltr'>doctae</span> <span class='ocrx_word' id='word_1_528' title='bbox 3057 2734 3259 2791; x_wconf 76' lang='lat' dir='ltr'>menti53</span> <span class='ocrx_word' id='word_1_529' title='bbox 3280 2738 3329 2783; x_wconf 90' lang='lat' dir='ltr'>et</span> <span class='ocrx_word' id='word_1_530' title='bbox 3347 2735 3478 2797; x_wconf 87' lang='lat' dir='ltr'>apud</span> <span class='ocrx_word' id='word_1_531' title='bbox 3509 2750 3568 2783; x_wconf 71' lang='lat' dir='ltr'>se</span> 
     </span>
     <span class='ocr_line' id='line_1_88' title="bbox 2089 2822 3596 2889; baseline -0.003 -13"><span class='ocrx_word' id='word_1_532' title='bbox 2089 2826 2304 2887; x_wconf 85' lang='lat' dir='ltr'>ridebat,</span> <span class='ocrx_word' id='word_1_533' title='bbox 2333 2825 2548 2889; x_wconf 86' lang='lat' dir='ltr'>gaudens</span> <span class='ocrx_word' id='word_1_534' title='bbox 2565 2826 2783 2873; x_wconf 68' lang='lat' dir='ltr'>vidonem</span> <span class='ocrx_word' id='word_1_535' title='bbox 2815 2835 3008 2875; x_wconf 74' lang='lat' dir='ltr'>.muc·m</span> <span class='ocrx_word' id='word_1_536' title='bbox 3033 2836 3083 2869; x_wconf 59' lang='lat' dir='ltr'>„se</span> <span class='ocrx_word' id='word_1_537' title='bbox 3113 2823 3304 2886; x_wconf 85' lang='lat' dir='ltr'>Trojam</span> <span class='ocrx_word' id='word_1_538' title='bbox 3323 2822 3596 2885; x_wconf 78' lang='lat' dir='ltr'>perdidisse</span> 
     </span>
     <span class='ocr_line' id='line_1_89' title="bbox 2088 2911 3266 2971; baseline -0.004 -8"><span class='ocrx_word' id='word_1_539' title='bbox 2088 2915 2190 2963; x_wconf 83' lang='lat' dir='ltr'>suis</span> <span class='ocrx_word' id='word_1_540' title='bbox 2209 2913 2415 2963; x_wconf 71' lang='lat' dir='ltr'>astutiis</span> <span class='ocrx_word' id='word_1_541' title='bbox 2483 2916 2558 2962; x_wconf 88' lang='lat' dir='ltr'>Tu</span> <span class='ocrx_word' id='word_1_542' title='bbox 2581 2929 2656 2959; x_wconf 70' lang='lat' dir='ltr'>vm</span> <span class='ocrx_word' id='word_1_543' title='bbox 2671 2930 2696 2957; x_wconf 74' lang='grc' dir='ltr'>ω</span> <span class='ocrx_word' id='word_1_544' title='bbox 2719 2915 2794 2962; x_wconf 60' lang='lat' dir='ltr'>cuc</span> <span class='ocrx_word' id='word_1_545' title='bbox 2850 2911 3074 2958; x_wconf 66' lang='lat' dir='ltr'>nec-toris</span> <span class='ocrx_word' id='word_1_546' title='bbox 3095 2913 3266 2971; x_wconf 88' lang='lat' dir='ltr'>mater,</span> 
     </span>
     <span class='ocr_line' id='line_1_90' title="bbox 2086 2998 3360 3065; baseline -0.003 -15"><span class='ocrx_word' id='word_1_547' title='bbox 2086 3003 2196 3065; x_wconf 84' lang='lat' dir='ltr'>quis</span> <span class='ocrx_word' id='word_1_548' title='bbox 2215 3005 2264 3051; x_wconf 88' lang='lat' dir='ltr'>te</span> <span class='ocrx_word' id='word_1_549' title='bbox 2281 3039 2293 3061; x_wconf 89' lang='lat'><strong>‚</strong></span> <span class='ocrx_word' id='word_1_550' title='bbox 2320 3001 2588 3050; x_wconf 79' lang='lat' dir='ltr'>miserrima</span> <span class='ocrx_word' id='word_1_551' title='bbox 2619 3007 2674 3048; x_wconf 80' lang='grc' dir='ltr'>Ηι</span> <span class='ocrx_word' id='word_1_552' title='bbox 2695 3021 2703 3046; x_wconf 86' lang='lat' dir='ltr'>t</span> <span class='ocrx_word' id='word_1_553' title='bbox 2725 3019 2765 3049; x_wconf 71' lang='grc' dir='ltr'>ι·,</span> <span class='ocrx_word' id='word_1_554' title='bbox 2843 3037 2852 3049; x_wconf 85' lang='grc'>,</span> <span class='ocrx_word' id='word_1_555' title='bbox 2879 2999 2990 3056; x_wconf 77' lang='lat' dir='ltr'>quis</span> <span class='ocrx_word' id='word_1_556' title='bbox 3017 2998 3360 3048; x_wconf 84' lang='lat' dir='ltr'>immortalium</span> 
     </span>
    </p>
   </div>
   <div class='ocr_carea' id='block_1_25' title="bbox 2558 3085 3370 3202">
    <p class='ocr_par' dir='ltr' id='par_1_38' title="bbox 2558 3085 3370 3202">
     <span class='ocr_line' id='line_1_91' title="bbox 2817 3085 3370 3150; baseline 0.009 -20"><span class='ocrx_word' id='word_1_557' title='bbox 2817 3100 2843 3130; x_wconf 83' lang='grc' dir='ltr'>,ι</span> <span class='ocrx_word' id='word_1_558' title='bbox 2867 3085 2955 3133; x_wconf 81' lang='lat' dir='ltr'>hac</span> <span class='ocrx_word' id='word_1_559' title='bbox 2971 3089 3109 3134; x_wconf 75' lang='lat' dir='ltr'>muta</span> <span class='ocrx_word' id='word_1_560' title='bbox 3133 3086 3338 3150; x_wconf 84' lang='lat' dir='ltr'>imagine</span> <span class='ocrx_word' id='word_1_561' title='bbox 3349 3093 3370 3136; x_wconf 82' lang='lat'>?</span> 
     </span>
     <span class='ocr_line' id='line_1_92' title="bbox 2558 3179 2689 3202; baseline 0.015 -2"><span class='ocrx_word' id='word_1_562' title='bbox 2558 3179 2689 3202; x_wconf 66' lang='grc'><strong><em>....--.</em></strong></span> 
     </span>
    </p>
   </div>
   <div class='ocr_carea' id='block_1_26' title="bbox 2097 3236 2726 3462">
    <p class='ocr_par' dir='ltr' id='par_1_39' title="bbox 2097 3236 2726 3462">
     <span class='ocr_line' id='line_1_93' title="bbox 2097 3236 2726 3298; baseline -0.002 -16"><span class='ocrx_word' id='word_1_563' title='bbox 2097 3238 2164 3282; x_wconf 92' lang='lat' dir='ltr'>Ut</span> <span class='ocrx_word' id='word_1_564' title='bbox 2188 3250 2317 3294; x_wconf 88' lang='lat' dir='ltr'>reor,</span> <span class='ocrx_word' id='word_1_565' title='bbox 2337 3236 2576 3284; x_wconf 66' lang='lat' dir='ltr'>AEmossiua&#39;</span> <span class='ocrx_word' id='word_1_566' title='bbox 2615 3247 2726 3298; x_wconf 60' lang='lat' dir='ltr'>“qua</span> 
     </span>
     <span class='ocr_line' id='line_1_94' title="bbox 2097 3317 2700 3366; baseline -0.007 0"><span class='ocrx_word' id='word_1_567' title='bbox 2097 3317 2320 3366; x_wconf 88' lang='lat' dir='ltr'>Nondum</span> <span class='ocrx_word' id='word_1_568' title='bbox 2342 3317 2516 3365; x_wconf 71' lang='lat' dir='ltr'>Darda:</span> <span class='ocrx_word' id='word_1_569' title='bbox 2541 3320 2578 3360; x_wconf 73' lang='lat'>³1</span> <span class='ocrx_word' id='word_1_570' title='bbox 2619 3339 2626 3348; x_wconf 89' lang='lat'>·</span> <span class='ocrx_word' id='word_1_571' title='bbox 2652 3333 2700 3362; x_wconf 60' lang='lat' dir='ltr'>v:</span> 
     </span>
     <span class='ocr_line' id='line_1_95' title="bbox 2099 3398 2686 3462; baseline 0.003 -18"><span class='ocrx_word' id='word_1_572' title='bbox 2099 3398 2267 3447; x_wconf 79' lang='lat' dir='ltr'>Victor</span> <span class='ocrx_word' id='word_1_573' title='bbox 2293 3399 2344 3446; x_wconf 88' lang='lat' dir='ltr'>in</span> <span class='ocrx_word' id='word_1_574' title='bbox 2372 3399 2602 3462; x_wconf 53' lang='lat' dir='ltr'>Argolica.</span> <span class='ocrx_word' id='word_1_575' title='bbox 2625 3407 2636 3432; x_wconf 68' lang='lat' dir='ltr'>t</span> <span class='ocrx_word' id='word_1_576' title='bbox 2663 3419 2686 3446; x_wconf 83' lang='lat'>‘1</span> 
     </span>
    </p>
   </div>
   <div class='ocr_carea' id='block_1_27' title="bbox 2756 3236 3313 3447">
    <p class='ocr_par' dir='ltr' id='par_1_40' title="bbox 2756 3236 3313 3447">
     <span class='ocr_line' id='line_1_96' title="bbox 2771 3236 3313 3294; baseline 0.006 -15"><span class='ocrx_word' id='word_1_577' title='bbox 2771 3251 2776 3262; x_wconf 90' lang='lat'>·</span> <span class='ocrx_word' id='word_1_578' title='bbox 2813 3241 2869 3280; x_wconf 80' lang='lat' dir='ltr'>at</span> <span class='ocrx_word' id='word_1_579' title='bbox 2893 3236 3098 3281; x_wconf 82' lang='lat' dir='ltr'>Hectora</span> <span class='ocrx_word' id='word_1_580' title='bbox 3119 3249 3313 3294; x_wconf 80' lang='lat' dir='ltr'>currus3</span> 
     </span>
     <span class='ocr_line' id='line_1_97' title="bbox 2787 3315 3302 3376; baseline 0.006 -15"><span class='ocrx_word' id='word_1_581' title='bbox 2787 3329 2810 3361; x_wconf 78' lang='lat' dir='ltr'>s</span> <span class='ocrx_word' id='word_1_582' title='bbox 2832 3323 3062 3376; x_wconf 71' lang='lat' dir='ltr'>vastarat,</span> <span class='ocrx_word' id='word_1_583' title='bbox 3086 3324 3134 3364; x_wconf 87' lang='lat' dir='ltr'>et</span> <span class='ocrx_word' id='word_1_584' title='bbox 3161 3315 3302 3364; x_wconf 88' lang='lat' dir='ltr'>urbes</span> 
     </span>
     <span class='ocr_line' id='line_1_98' title="bbox 2756 3397 3265 3447; baseline 0.012 -6"><span class='ocrx_word' id='word_1_585' title='bbox 2756 3413 2806 3443; x_wconf 72' lang='lat' dir='ltr'>ns</span> <span class='ocrx_word' id='word_1_586' title='bbox 2838 3397 3073 3446; x_wconf 84' lang='lat' dir='ltr'>exercitus</span> <span class='ocrx_word' id='word_1_587' title='bbox 3106 3399 3265 3447; x_wconf 85' lang='lat' dir='ltr'>armis.</span> 
     </span>
    </p>
   </div>
   <div class='ocr_carea' id='block_1_28' title="bbox 2593 3532 3152 3584">
    <p class='ocr_par' dir='ltr' id='par_1_41' title="bbox 2593 3532 3152 3584">
     <span class='ocr_line' id='line_1_99' title="bbox 2593 3532 3152 3584; baseline -0.002 1"><span class='ocrx_word' id='word_1_588' title='bbox 2593 3535 2765 3584; x_wconf 64' lang='lat' dir='ltr'>XXX.</span> <span class='ocrx_word' id='word_1_589' title='bbox 2807 3538 2876 3580; x_wconf 79' lang='lat' dir='ltr'>De</span> <span class='ocrx_word' id='word_1_590' title='bbox 2918 3532 3152 3584; x_wconf 80' lang='lat' dir='ltr'>Menelao.</span> 
     </span>
    </p>
   </div>
   <div class='ocr_carea' id='block_1_29' title="bbox 2099 3664 3358 3898">
    <p class='ocr_par' dir='ltr' id='par_1_42' title="bbox 2099 3664 3358 3898">
     <span class='ocr_line' id='line_1_100' title="bbox 2102 3664 3296 3723; baseline 0 -10"><span class='ocrx_word' id='word_1_591' title='bbox 2102 3665 2188 3714; x_wconf 83' lang='lat' dir='ltr'>Vis</span> <span class='ocrx_word' id='word_1_592' title='bbox 2210 3665 2353 3715; x_wconf 81' lang='lat' dir='ltr'>micat</span> <span class='ocrx_word' id='word_1_593' title='bbox 2377 3667 2428 3715; x_wconf 90' lang='lat' dir='ltr'>in</span> <span class='ocrx_word' id='word_1_594' title='bbox 2446 3668 2584 3716; x_wconf 73' lang='lat' dir='ltr'>vultu</span> <span class='ocrx_word' id='word_1_595' title='bbox 2609 3664 2818 3716; x_wconf 60' lang='lat' dir='ltr'>Menelai</span> <span class='ocrx_word' id='word_1_596' title='bbox 2847 3665 3050 3723; x_wconf 83' lang='lat' dir='ltr'>Martia,</span> <span class='ocrx_word' id='word_1_597' title='bbox 3075 3665 3155 3714; x_wconf 87' lang='lat' dir='ltr'>sed</span> <span class='ocrx_word' id='word_1_598' title='bbox 3180 3677 3296 3715; x_wconf 71' lang='lat' dir='ltr'>siunt-</span> 
     </span>
     <span class='ocr_line' id='line_1_101' title="bbox 2099 3747 3358 3811; baseline 0 -13"><span class='ocrx_word' id='word_1_599' title='bbox 2099 3750 2282 3798; x_wconf 86' lang='lat' dir='ltr'>Gaudia</span> <span class='ocrx_word' id='word_1_600' title='bbox 2306 3750 2454 3799; x_wconf 82' lang='lat' dir='ltr'>mixta</span> <span class='ocrx_word' id='word_1_601' title='bbox 2475 3751 2614 3798; x_wconf 66' lang='lat' dir='ltr'>simul</span> <span class='ocrx_word' id='word_1_602' title='bbox 2631 3789 2644 3811; x_wconf 87' lang='lat'>‚</span> <span class='ocrx_word' id='word_1_603' title='bbox 2670 3747 2896 3810; x_wconf 87' lang='lat' dir='ltr'>quoniam</span> <span class='ocrx_word' id='word_1_604' title='bbox 2923 3747 3117 3796; x_wconf 78' lang='lat' dir='ltr'>victoris</span> <span class='ocrx_word' id='word_1_605' title='bbox 3139 3749 3198 3798; x_wconf 91' lang='lat' dir='ltr'>ad</span> <span class='ocrx_word' id='word_1_606' title='bbox 3221 3750 3358 3800; x_wconf 81' lang='lat' dir='ltr'>ulnas</span> 
     </span>
     <span class='ocr_line' id='line_1_102' title="bbox 2100 3828 3239 3898; baseline 0 -18"><span class='ocrx_word' id='word_1_607' title='bbox 2100 3833 2349 3896; x_wconf 85' lang='lat' dir='ltr'>Spectatur</span> <span class='ocrx_word' id='word_1_608' title='bbox 2372 3833 2562 3881; x_wconf 64' lang='lat' dir='ltr'>venians</span> <span class='ocrx_word' id='word_1_609' title='bbox 2587 3828 2906 3898; x_wconf 75' lang='lat' dir='ltr'>pulcherrima</span> <span class='ocrx_word' id='word_1_610' title='bbox 2923 3830 3239 3894; x_wconf 82' lang='lat' dir='ltr'>Tyndarione.</span> 
     </span>
    </p>
   </div>
   <div class='ocr_carea' id='block_1_30' title="bbox 2607 3962 3146 4014">
    <p class='ocr_par' dir='ltr' id='par_1_43' title="bbox 2607 3962 3146 4014">
     <span class='ocr_line' id='line_1_103' title="bbox 2607 3962 3146 4014; baseline -0.002 0"><span class='ocrx_word' id='word_1_611' title='bbox 2607 3967 2804 4014; x_wconf 66' lang='lat' dir='ltr'>xxxi.</span> <span class='ocrx_word' id='word_1_612' title='bbox 2845 3967 2916 4011; x_wconf 84' lang='lat' dir='ltr'>De</span> <span class='ocrx_word' id='word_1_613' title='bbox 2949 3962 3146 4013; x_wconf 75' lang='lat' dir='ltr'>Helena.</span> 
     </span>
    </p>
   </div>
   <div class='ocr_carea' id='block_1_31' title="bbox 2100 4081 3488 4311">
    <p class='ocr_par' dir='ltr' id='par_1_44' title="bbox 2100 4081 3488 4311">
     <span class='ocr_line' id='line_1_104' title="bbox 2105 4081 3091 4146; baseline -0.006 -11"><span class='ocrx_word' id='word_1_614' title='bbox 2105 4093 2167 4135; x_wconf 84' lang='lat' dir='ltr'>At</span> <span class='ocrx_word' id='word_1_615' title='bbox 2193 4087 2332 4135; x_wconf 78' lang='lat' dir='ltr'>facies</span> <span class='ocrx_word' id='word_1_616' title='bbox 2356 4085 2550 4134; x_wconf 75' lang='lat' dir='ltr'>Helena·</span> <span class='ocrx_word' id='word_1_617' title='bbox 2581 4097 2692 4132; x_wconf 72' lang='lat' dir='ltr'>vere</span> <span class='ocrx_word' id='word_1_618' title='bbox 2715 4081 2970 4141; x_wconf 81' lang='lat' dir='ltr'>mirabilis3</span> <span class='ocrx_word' id='word_1_619' title='bbox 3003 4081 3091 4146; x_wconf 85' lang='lat' dir='ltr'>ipsi</span> 
     </span>
     <span class='ocr_line' id='line_1_105' title="bbox 2100 4165 3488 4235; baseline -0.001 -16"><span class='ocrx_word' id='word_1_620' title='bbox 2100 4173 2315 4235; x_wconf 86' lang='lat' dir='ltr'>Namque</span> <span class='ocrx_word' id='word_1_621' title='bbox 2341 4170 2421 4218; x_wconf 85' lang='lat' dir='ltr'>aeri</span> <span class='ocrx_word' id='word_1_622' title='bbox 2447 4170 2678 4218; x_wconf 73' lang='lat' dir='ltr'>dedititia</span> <span class='ocrx_word' id='word_1_623' title='bbox 2709 4165 2876 4225; x_wconf 85' lang='lat' dir='ltr'>decus;</span> <span class='ocrx_word' id='word_1_624' title='bbox 2899 4175 3159 4230; x_wconf 86' lang='lat' dir='ltr'>naturaque</span> <span class='ocrx_word' id='word_1_625' title='bbox 3186 4165 3234 4214; x_wconf 81' lang='lat' dir='ltr'>in</span> <span class='ocrx_word' id='word_1_626' title='bbox 3258 4177 3360 4216; x_wconf 88' lang='lat' dir='ltr'>arte</span> <span class='ocrx_word' id='word_1_627' title='bbox 3381 4178 3454 4217; x_wconf 81' lang='lat' dir='ltr'>est</span> <span class='ocrx_word' id='word_1_628' title='bbox 3473 4209 3488 4232; x_wconf 90' lang='lat'>,</span> 
     </span>
     <span class='ocr_line' id='line_1_106' title="bbox 2103 4247 3235 4311; baseline -0.005 -10"><span class='ocrx_word' id='word_1_629' title='bbox 2103 4256 2161 4301; x_wconf 86' lang='lat' dir='ltr'>Et</span> <span class='ocrx_word' id='word_1_630' title='bbox 2188 4251 2322 4300; x_wconf 74' lang='lat' dir='ltr'>labor</span> <span class='ocrx_word' id='word_1_631' title='bbox 2351 4249 2582 4300; x_wconf 74' lang='lat' dir='ltr'>exanimis</span> <span class='ocrx_word' id='word_1_632' title='bbox 2603 4249 2853 4308; x_wconf 74' lang='lat' dir='ltr'>flagrantes</span> <span class='ocrx_word' id='word_1_633' title='bbox 2874 4247 3020 4311; x_wconf 80' lang='lat' dir='ltr'>spirat</span> <span class='ocrx_word' id='word_1_634' title='bbox 3037 4263 3235 4296; x_wconf 81' lang='lat' dir='ltr'>amores.</span> 
     </span>
    </p>
   </div>
   <div class='ocr_carea' id='block_1_32' title="bbox 2444 4383 3297 4445">
    <p class='ocr_par' dir='ltr' id='par_1_45' title="bbox 2444 4383 3297 4445">
     <span class='ocr_line' id='line_1_107' title="bbox 2444 4383 3297 4445; baseline -0.002 -9"><span class='ocrx_word' id='word_1_635' title='bbox 2444 4391 2664 4436; x_wconf 68' lang='lat' dir='ltr'>xle.</span> <span class='ocrx_word' id='word_1_636' title='bbox 2707 4389 2778 4430; x_wconf 83' lang='lat' dir='ltr'>De</span> <span class='ocrx_word' id='word_1_637' title='bbox 2816 4383 2977 4445; x_wconf 64' lang='lat' dir='ltr'>Ulysse</span> <span class='ocrx_word' id='word_1_638' title='bbox 3010 4395 3052 4432; x_wconf 80' lang='lat' dir='ltr'>et</span> <span class='ocrx_word' id='word_1_639' title='bbox 3089 4383 3297 4435; x_wconf 61' lang='lat' dir='ltr'>Hecuba.</span> 
     </span>
    </p>
   </div>
   <div class='ocr_carea' id='block_1_33' title="bbox 2098 4505 3366 5067">
    <p class='ocr_par' dir='ltr' id='par_1_46' title="bbox 2099 4505 3319 4738">
     <span class='ocr_line' id='line_1_108' title="bbox 2099 4505 3184 4573; baseline -0.003 -17"><span class='ocrx_word' id='word_1_640' title='bbox 2099 4508 2390 4573; x_wconf 85' lang='lat' dir='ltr'>Multiplices</span> <span class='ocrx_word' id='word_1_641' title='bbox 2415 4508 2540 4556; x_wconf 75' lang='lat' dir='ltr'>inter</span> <span class='ocrx_word' id='word_1_642' title='bbox 2569 4521 2702 4556; x_wconf 82' lang='lat' dir='ltr'>curas</span> <span class='ocrx_word' id='word_1_643' title='bbox 2735 4505 2939 4553; x_wconf 82' lang='lat' dir='ltr'>exsultat</span> <span class='ocrx_word' id='word_1_644' title='bbox 2969 4505 3184 4570; x_wconf 69' lang='lat' dir='ltr'>Ulysscs‚</span> 
     </span>
     <span class='ocr_line' id='line_1_109' title="bbox 2099 4589 3319 4656; baseline -0.004 -15"><span class='ocrx_word' id='word_1_645' title='bbox 2099 4591 2294 4641; x_wconf 88' lang='lat' dir='ltr'>Consilii</span> <span class='ocrx_word' id='word_1_646' title='bbox 2312 4607 2484 4640; x_wconf 77' lang='lat' dir='ltr'>vacuus</span> <span class='ocrx_word' id='word_1_647' title='bbox 2510 4603 2801 4656; x_wconf 69' lang='lat' dir='ltr'>numquam:</span> <span class='ocrx_word' id='word_1_648' title='bbox 2832 4604 2882 4637; x_wconf 87' lang='lat' dir='ltr'>se</span> <span class='ocrx_word' id='word_1_649' title='bbox 2911 4597 3139 4638; x_wconf 87' lang='lat' dir='ltr'>monstrat</span> <span class='ocrx_word' id='word_1_650' title='bbox 3158 4589 3208 4638; x_wconf 87' lang='lat' dir='ltr'>in</span> <span class='ocrx_word' id='word_1_651' title='bbox 3235 4607 3319 4637; x_wconf 79' lang='lat' dir='ltr'>ore</span> 
     </span>
     <span class='ocr_line' id='line_1_110' title="bbox 2099 4670 3157 4738; baseline -0.004 -16"><span class='ocrx_word' id='word_1_652' title='bbox 2099 4674 2319 4738; x_wconf 81' lang='lat' dir='ltr'>Majestas</span> <span class='ocrx_word' id='word_1_653' title='bbox 2339 4672 2484 4721; x_wconf 86' lang='lat' dir='ltr'>animi</span> <span class='ocrx_word' id='word_1_654' title='bbox 2513 4690 2522 4721; x_wconf 94' lang='lat'><strong>:</strong></span> <span class='ocrx_word' id='word_1_655' title='bbox 2553 4675 2789 4722; x_wconf 76' lang='lat' dir='ltr'>taciturno</span> <span class='ocrx_word' id='word_1_656' title='bbox 2811 4679 3002 4734; x_wconf 82' lang='lat' dir='ltr'>pectore</span> <span class='ocrx_word' id='word_1_657' title='bbox 3027 4670 3157 4718; x_wconf 82' lang='lat' dir='ltr'>loetus</span> 
     </span>
    </p>

    <p class='ocr_par' dir='ltr' id='par_1_47' title="bbox 2098 4750 3366 5067">
     <span class='ocr_line' id='line_1_111' title="bbox 2098 4750 3366 4817; baseline -0.002 -15"><span class='ocrx_word' id='word_1_658' title='bbox 2098 4754 2243 4802; x_wconf 78' lang='lat' dir='ltr'>Ridet</span> <span class='ocrx_word' id='word_1_659' title='bbox 2269 4753 2423 4803; x_wconf 87' lang='lat' dir='ltr'>adhuc</span> <span class='ocrx_word' id='word_1_660' title='bbox 2439 4791 2451 4811; x_wconf 91' lang='lat'>,</span> <span class='ocrx_word' id='word_1_661' title='bbox 2479 4755 2684 4817; x_wconf 77' lang='lat' dir='ltr'>Trojana</span> <span class='ocrx_word' id='word_1_662' title='bbox 2709 4751 2803 4800; x_wconf 84' lang='lat' dir='ltr'>suis</span> <span class='ocrx_word' id='word_1_663' title='bbox 2821 4750 3041 4799; x_wconf 84' lang='lat' dir='ltr'>cecidisse</span> <span class='ocrx_word' id='word_1_664' title='bbox 3070 4750 3366 4814; x_wconf 79' lang='lat' dir='ltr'>triumphans</span> 
     </span>
     <span class='ocr_line' id='line_1_112' title="bbox 2099 4833 3352 4895; baseline -0.003 -9"><span class='ocrx_word' id='word_1_665' title='bbox 2099 4836 2276 4886; x_wconf 86' lang='lat' dir='ltr'>Moenia</span> <span class='ocrx_word' id='word_1_666' title='bbox 2303 4847 2426 4886; x_wconf 84' lang='lat' dir='ltr'>vasta</span> <span class='ocrx_word' id='word_1_667' title='bbox 2460 4837 2597 4886; x_wconf 79' lang='lat' dir='ltr'>dolis,</span> <span class='ocrx_word' id='word_1_668' title='bbox 2671 4834 2756 4881; x_wconf 76' lang='lat' dir='ltr'>Sed</span> <span class='ocrx_word' id='word_1_669' title='bbox 2784 4843 2856 4895; x_wconf 87' lang='lat' dir='ltr'>te,</span> <span class='ocrx_word' id='word_1_670' title='bbox 2884 4833 3172 4883; x_wconf 84' lang='lat' dir='ltr'>moestissima</span> <span class='ocrx_word' id='word_1_671' title='bbox 3197 4843 3352 4882; x_wconf 81' lang='lat' dir='ltr'>mater</span> 
     </span>
     <span class='ocr_line' id='line_1_113' title="bbox 2101 4915 3294 4980; baseline -0.003 -13"><span class='ocrx_word' id='word_1_672' title='bbox 2101 4919 2315 4968; x_wconf 81' lang='lat' dir='ltr'>Hectoris</span> <span class='ocrx_word' id='word_1_673' title='bbox 2332 4956 2346 4980; x_wconf 90' lang='lat'>‚</span> <span class='ocrx_word' id='word_1_674' title='bbox 2373 4918 2421 4966; x_wconf 90' lang='lat' dir='ltr'>in</span> <span class='ocrx_word' id='word_1_675' title='bbox 2447 4930 2574 4966; x_wconf 82' lang='lat' dir='ltr'>muta</span> <span class='ocrx_word' id='word_1_676' title='bbox 2595 4938 2607 4964; x_wconf 85' lang='lat'><em>‹</em></span> <span class='ocrx_word' id='word_1_677' title='bbox 2625 4933 2700 4964; x_wconf 85' lang='lat' dir='ltr'>um</span> <span class='ocrx_word' id='word_1_678' title='bbox 2725 4925 2815 4964; x_wconf 86' lang='lat' dir='ltr'>stes</span> <span class='ocrx_word' id='word_1_679' title='bbox 2846 4915 3096 4978; x_wconf 87' lang='lat' dir='ltr'>spectanda</span> <span class='ocrx_word' id='word_1_680' title='bbox 3119 4915 3260 4979; x_wconf 82' lang='lat' dir='ltr'>figura</span> <span class='ocrx_word' id='word_1_681' title='bbox 3281 4951 3294 4973; x_wconf 88' lang='lat'><strong>‚</strong></span> 
     </span>
     <span class='ocr_line' id='line_1_114' title="bbox 2103 4997 3282 5067; baseline -0.003 -17"><span class='ocrx_word' id='word_1_682' title='bbox 2103 5002 2225 5064; x_wconf 87' lang='lat' dir='ltr'>Quis</span> <span class='ocrx_word' id='word_1_683' title='bbox 2249 5005 2480 5067; x_wconf 71' lang='lat' dir='ltr'>Superum</span> <span class='ocrx_word' id='word_1_684' title='bbox 2507 4999 2664 5052; x_wconf 72' lang='lat' dir='ltr'>docuit</span> <span class='ocrx_word' id='word_1_685' title='bbox 2691 5005 2844 5048; x_wconf 75' lang='lat' dir='ltr'>tantos</span> <span class='ocrx_word' id='word_1_686' title='bbox 2873 4997 3087 5048; x_wconf 84' lang='lat' dir='ltr'>emittere</span> <span class='ocrx_word' id='word_1_687' title='bbox 3113 4997 3282 5047; x_wconf 79' lang='lat' dir='ltr'>fletus?</span> 
     </span>
    </p>
   </div>
  </div>
 </body>
</html>
