3829 5747
1611 215 1686 275 IN
1732 216 1981 277 CAPUT
2022 218 2120 277 vl.

304 342 529 391 cxxlv.
561 367 624 376 —
657 346 700 389 1.
729 340 993 405 Τιμάνωρος
1013 342 1163 404 ἄημαι
1193 342 1379 392 Salmas
1422 357 1484 393 ex
1515 344 1709 395 Codice.

229 552 270 599 S
303 482 500 600 (IJXXV.
523 508 582 517 -
608 486 654 531 5.
684 500 709 523 «ι
733 482 944 531 Κλειτοϊο
963 483 1023 529 V.
1040 483 1096 531 C.
1119 484 1179 531 Et
1203 484 1280 530 est
1303 496 1480 532 nomen
1499 483 1760 547 proprium.
1781 504 1806 529 ιι

275 563 318 599 α
351 564 423 599 m.

299 682 568 729 CXXVIII.
597 706 659 717 -—
685 686 732 740 3,
758 684 803 729 4.
837 682 1145 730 Hermannus
1167 680 1274 729 haec
1291 680 1418 731 ludit
1445 698 1457 729 z

229 822 463 871 Ποὶὶάιιι
491 823 580 884 γὰρ
606 822 728 869 κατὰ
753 823 881 883 δῆριν
907 822 1194 883 Ἀλεξάνδρου
1215 824 1331 883 μετὰ
1355 824 1512 887 χερσίν

374 894 664 954 μαρναμένην
691 894 892 953 χρυσέαν
913 890 1240 954 [ἐστυφέλιξαν
1269 894 1371 940 ἶτυν

225 977 438 1023 tappet:
460 962 678 1011 ἀντιὸίων
703 964 765 1010 ἰοὶ
787 962 998 1021 κάμακές
1021 979 1070 1010 τε
1101 964 1281 1024 βαρεῖαι
1301 999 1314 1013 .

369 1038 466 1080 τῶν
494 1033 665 1094 αἰχμὰς
691 1032 906 1095 ἀνέχων]
930 1033 1016 1080 οὐκ
1035 1034 1216 1081 ἐκόνισε
1235 1050 1264 1092 γ
1276 1032 1303 1081 ὁ
1319 1052 1342 1079 ν
1357 1050 1399 1082 υ.

303 1170 518 1217 CXXlX.
545 1194 604 1203 —
637 1172 679 1216 1.
712 1186 736 1209 «ι
768 1168 1084 1217 scribendum
1107 1168 1273 1232 κράνέ.
1317 1188 1340 1210 ιι
1362 1168 1676 1219 Schneidew.

306 1318 616 1366 CXXXVIII·
651 1342 708 1353 -
733 1318 791 1365 0.
817 1316 1136 1365 Benndorfius
1161 1318 1234 1365 De
1259 1316 1404 1366 Anth.
1442 1320 1526 1366 Gr.
1565 1319 1802 1382 epigram·

231 1387 394 1437 nitatis
420 1387 481 1435 ad
507 1390 638 1436 artes
684 1387 1014 1451 spectantibus
1059 1390 1299 1446 (Bonnae,
1349 1391 1494 1449 1862)
1523 1404 1569 1452 p.
1609 1394 1657 1450 9,
1692 1410 1715 1433 «
1753 1392 1803 1438 in

229 1458 468 1507 obscuris
491 1457 714 1507 versibus
741 1460 792 1507 et
817 1458 1002 1507 mancis
1022 1478 1046 1501 ιι
1071 1458 1241 1508 scribit
1269 1462 1307 1508 T
1320 1461 1335 1507 ὶ
1348 1477 1374 1506 ν
1399 1461 1481 1520 μὲν
1509 1462 1801 1521 Καλλιτέλης,

229 1530 358 1581 coll.
387 1528 672 1577 Callimachi
697 1528 826 1577 infra
863 1542 942 1591 ep.
969 1533 1080 1589 351,
1112 1534 1152 1577 1.

305 1668 514 1716 CXLIX.
543 1695 604 1707 ——
623 1664 820 1716 Minime
847 1666 908 1715 de
933 1686 954 1709 e«
981 1666 1139 1715 curuli
1159 1666 1364 1716 victoria
1395 1668 1612 1717 Euaeneti
1637 1688 1658 1709 »ι
1674 1706 1686 1727 ,
1715 1666 1804 1716 sed

233 1737 308 1786 de
358 1738 512 1799 ipsius
541 1737 652 1800 galli
685 1737 939 1800 gallinacei
979 1736 1182 1786 victoria
1223 1737 1533 1800 cogitandum
1564 1752 1672 1787 esse
1712 1738 1799 1787 de-

233 1809 486 1857 monstrat
519 1806 784 1855 Meinekius
829 1806 1017 1855 Gallim.
1061 1806 1264 1855 Diatrib.
1308 1820 1356 1869 p.
1405 1812 1488 1856 291
1536 1820 1637 1869 seq.
1682 1811 1798 1855 Pro-

235 1880 402 1925 strato
441 1876 721 1927 adversario
751 1880 974 1925 mortuus
1009 1880 1084 1927 est
1121 1876 1224 1939 ipse
1242 1913 1257 1937 ,
1294 1890 1446 1939 quare
1491 1890 1544 1926 se
1583 1878 1802 1936 ignorare

233 1946 500 1995 victoriam
531 1949 582 1995 et
609 1949 842 1995 Euaeneto
870 1945 1017 1995 iidem
1046 1944 1225 1997 habere
1247 1946 1379 1997 dicit.
1411 1948 1606 2011 corrige
1629 1961 1683 1996 v.
1719 1954 1746 1995 2
1776 1963 1787 1993 ε

241 2020 474 2066 victoria
499 2030 587 2066 me
602 2030 702 2080 pro
729 2024 849 2065 ιεᾸ.

309 2156 449 2204 CLV.
475 2180 538 2191 -
568 2161 612 2205 2.
642 2174 666 2197 κ
701 2155 907 2211 Πλέξατο
943 2154 1059 2217 legit
1081 2154 1282 2203 Salmas.
1317 2154 1370 2203 in
1397 2154 1547 2217 Epist.
1573 2153 1636 2204 de
1662 2168 1800 2203 coma
1847 2171 1850 2175 ·

235 2237 294 2286 p.
329 2230 435 2275 267.
467 2246 490 2269 ιι
513 2224 708 2275 Buher.

312 2363 448 2410 CLX.
471 2387 533 2398 —
561 2361 826 2411 Salmasius
851 2362 1020 2411 enotat
1041 2362 1224 2424 ὀρθρινὰ
1248 2376 1296 2411 v.
1335 2368 1375 2421 1,
1403 2364 1566 2421 πηνιὰς
1587 2376 1634 2411 v.
1658 2371 1704 2413 5.

235 2507 472 2623 581(11.1(1.
507 2532 568 2543 —
603 2508 809 2558 Ὑπάτου
851 2508 915 2557 ab
951 2510 1222 2561 recentiore
1263 2524 1410 2559 manu
1445 2524 1554 2561 esse
1589 2514 1802 2561 testatur

331 2588 450 2624 mas.

239 2718 518 2835 SdCLXIIl.
548 2744 610 2753 —
646 2720 666 2765 1
691 2719 962 2781 θρηγκοῖσιν
981 2717 1148 2768 Codex
1172 2734 1247 2782 ap.
1276 2721 1400 2781 Jac.,
1430 2724 1701 2783 θρηγχοῖσιν
1718 2734 1796 2785 ap.

331 2798 449 2834 maso
1005 2800 1012 2806 '

310 2929 539 2980 CLXXV.
568 2955 631 2968 --
657 2935 704 2978 5.
734 2947 758 2970 e«
797 2931 962 2984 Λέγων
1000 2927 1140 2978 deest
1165 2929 1214 2978 in
1252 2933 1312 2979 V.
1355 2933 1432 2989 c.;
1472 2929 1560 2980 sed
1587 2932 1797 2994 spatium

243 3001 486 3064 repletum
511 3003 588 3050 est
613 3000 706 3050 hae
735 3013 858 3050 voce
875 3015 904 3050 a
931 3001 1112 3050 recenti
1135 3014 1301 3052 manu.
1335 3022 1360 3045 ιι
1387 3002 1549 3052 sulm.

309 3141 561 3191 CLXXXI.
593 3167 654 3177 -—
692 3145 712 3190 1
750 3161 774 3183 «t
806 3140 1008 3202 οὗρὲσιοι
1033 3143 1410 3205 καὶ,Ῑ)ει-ριει·θπι
1441 3163 1483 3192 ιι.
1512 3143 1671 3194 Salm.

246 3289 598 3406 ἅςὲιΧΧΧἿΙ.
637 3313 696 3322 -
739 3286 896 3336 Etiam
931 3287 1118 3336 Salmas
1167 3301 1368 3338 versum
1403 3295 1432 3338 3
1465 3309 1488 3332 ι·
1521 3289 1739 3352 ineptum
1771 3310 1796 3334 υ

281 3371 381 3406 ici.

309 3497 632 3545 chxxvu.
675 3521 738 3532 ——
780 3495 984 3544 Salmas.
1014 3494 1079 3545 ad
1116 3499 1392 3546 ΑΔΦΕΙΟΥ
1417 3518 1429 3545 ;
1455 3515 1478 3538 «ι
1525 3499 1600 3546 lta
1641 3510 1795 3546 mem-

243 3565 435 3625 branae,
459 3564 546 3615 sed
564 3568 838 3614 correctum
860 3565 1090 3616 Ἀλκαίου.
1127 3584 1150 3608 »ι

309 3716 651 3764 chxxvm.
683 3739 743 3750 —
775 3718 816 3762 ι.
849 3733 872 3755 «ι
911 3715 1192 3778 θηρόμαχος
1215 3716 1350 3778 prius
1377 3719 1482 3765 erat
1503 3716 1551 3765 in
1582 3719 1642 3765 v.
1679 3719 1735 3765 c,
1776 3740 1798 3761 ‚‚

243 3787 412 3834 sulm.
457 3784 576 3835 Inde
603 3785 856 3848 glossator.
899 3810 960 3818 —
1005 3789 1054 3830 6.
1093 3785 1306 3835 Jacobsii
1341 3787 1616 3836 emendatio
1650 3787 1798 3835 etiam

243 3857 512 3906 Hermanni
537 3855 762 3920 plausum
781 3853 910 3903 tulit.

309 3999 449 4048 CXC.
479 4023 540 4033 —
570 3995 708 4045 Cons.
737 3994 894 4057 ipsius
929 3992 1156 4043 Leonidae
1184 3994 1482 4056 epigramma
1513 3995 1640 4044 infra
1676 4001 1794 4056 300,

3329 230 3443 289 567

1960 350 2135 399 CCIII.
2170 374 2233 387 -
2255 353 2282 399 7
2315 350 2477 413 ἔχουσι
2519 352 2611 399 διν
2632 356 2709 401 ῶν
2754 353 2923 409 ὶντὸς
2950 355 3088 416 ὑγρὸν
3115 356 3261 405 οἰκίον
3293 356 3339 406 J.
3374 359 3443 409 1³1.

1897 418 2169 469 Lobeckius
2208 420 2259 469 in
2286 419 2535 483 Philologo
2570 434 2616 472 a.
2668 426 2803 483 1850,
2833 438 2881 487 p.
2925 428 3033 484 248,
3083 438 3195 487 quae
3242 424 3449 491 Philippi

1895 489 2457 609 gloanlixustidffi.fidetur3
2494 505 2607 541 nam
2631 492 2922 556 adjectivum
2966 492 3061 543 hoc
3088 495 3196 544 loco
3222 508 3339 547 sane
3374 498 3449 545 in·

1960 697 2130 745 celv.
2172 722 2232 735 —
2270 718 2295 741 κ
2340 698 2573 749 Additum
2611 701 2884 763 Ταρεντίνου
2926 702 2977 750 in
3006 702 3329 763 membranis,
3362 705 3449 755 sod

1897 778 2043 815 manu
2069 768 2353 818 recentiore.
2378 788 2403 812 υ
2426 770 2591 821 Salm.

1958 906 2181 957 ccvm.
2214 933 2275 943 —
2298 910 2347 957 4.
2382 927 2405 949 ·ι
2446 910 2613 966 Quum
2640 910 2831 960 nullum
2866 909 3257 961 Aristomachum
3290 908 3445 959 artifi-

1895 987 2001 1023 cem
2016 1014 2029 1035 ,
2063 980 2115 1026 at
2158 977 2511 1029 Aristomenem
2552 980 2787 1043 pictorem
2836 995 3046 1044 eumque
3082 980 3315 1031 Thasium
3348 981 3447 1038 (de

1893 1048 2086 1109 poetica
2110 1050 2527 1111 cognominatione
2556 1052 2831 1113 Στρυμόνιος
2857 1052 2969 1101 vide
2996 1054 3160 1101 Franz.
3185 1054 3243 1101 C.
3276 1052 3316 1101 1.
3346 1051 3443 1100 vol.

1897 1119 1985 1175 111,
2011 1116 2074 1165 ad
2092 1132 2140 1165 n.
2163 1118 2334 1181 6288),
2361 1134 2454 1168 non
2472 1120 2586 1169 licet
2603 1158 2616 1181 ,
2640 1120 2727 1170 sed
2748 1122 2895 1173 debet
2917 1122 3009 1185 legi
3038 1122 3397 1185 Ἀριστομένους.
3420 1140 3443 1163 »o

1893 1186 2242 1251 Benndorfius
2264 1203 2314 1252 p.
2336 1195 2415 1240 50.

1956 1328 2221 1376 ccxvm.
2250 1352 2312 1365 -
2366 1330 2663 1379 ΑΔΚΑΙΟΥ.
2717 1349 2740 1371 «ι
2790 1326 3020 1377 Additum
3049 1328 3359 1384 Μιτυληναίου
3396 1327 3445 1376 in

1891 1397 2187 1446 membranis
2208 1434 2222 1455 ,
2260 1396 2347 1447 sed
2374 1411 2521 1447 manu
2547 1398 2833 1448 recentiore.
2855 1424 2915 1433 -
2942 1404 2969 1447 2
2989 1399 3097 1454 ὕλης
3111 1434 3125 1455 ,
3146 1396 3233 1446 sed
3256 1410 3317 1445 ex
3334 1410 3444 1447 cor-

1893 1467 2141 1523 rectionez
2169 1479 2261 1515 nec
2300 1466 2413 1515 sciri
2442 1469 2606 1531 potest
2641 1466 2761 1529 quid
2793 1468 2933 1529 prius
2966 1467 3131 1515 suerit.
3156 1494 3217 1508 -
3243 1470 3275 1515 9
3296 1466 3447 1515 εἱσατ·

1892 1536 2044 1599 ὀρείην
2068 1536 2172 1587 sive
2200 1538 2361 1586 εἵσατο
2380 1540 2505 1600 ῥιίην
2525 1540 2584 1586 V.
2610 1539 2669 1586 C.
2708 1558 2732 1579 υ
2760 1538 2927 1587 Salm.
2952 1539 3111 1585 Versu
3140 1541 3167 1584 5
3205 1537 3443 1585 Herman-

1891 1618 1987 1653 nus
2009 1608 2134 1662 ὠκὺς
2150 1605 2317 1671 ἀράξας
2346 1608 2624 1670 Τὺμπανον,
2650 1607 2792 1669 bene,
2832 1606 2919 1656 sed
2944 1620 2973 1655 a
2994 1604 3189 1656 traditis
3210 1606 3445 1656 ductibus

1891 1674 2139 1726 abhorret.

1953 1808 2162 1859 CCXIX.
2186 1836 2250 1846 —
2288 1818 2339 1859 15
2369 1828 2391 1851 α
2422 1809 2639 1858 ἁπάντων
2650 1808 2790 1872 prius
2810 1811 2918 1860 erat
2938 1809 2990 1858 in
3015 1809 3335 1871 membranis,
3358 1810 3448 1860 sed

1891 1885 2167 1929 correctum
2190 1882 2391 1929 ἅπαντα.
2418 1900 2441 1923 ιι
2476 1881 2643 1930 Salm.

1952 2027 2139 2075 CCXX.
2168 2051 2230 2062 —
2260 2030 2331 2074 13.
2366 2044 2389 2067 ιι
2432 2027 2681 2089 Integrum
2723 2026 2885 2086 ἀκοῆς.
2927 2026 3171 2089 Quicquid
3216 2027 3446 2078 audimus

1888 2096 1966 2144 est
1984 2096 2120 2151 ἀκοή.
2149 2114 2172 2137 ιι
2194 2098 2489 2145 Hermann.

1952 2238 2167 2287 ccxxl.
2204 2262 2265 2272 -
2294 2240 2342 2286 7.
2380 2238 2687 2286 normannus
2721 2248 2917 2299 quoque
2944 2241 3089 2300 χιῑμα
3114 2237 3163 2285 δὲ
3190 2206 3444 2300 ’θερμὴ-ιρις.

1888 2332 1951 2342 -
1976 2312 2024 2357 9.
2056 2326 2081 2349 ιι
2112 2308 2237 2369 Lege
2262 2307 2540 2369 ἀκρολνιςίτᾳ
2570 2307 2697 2355 Ζανί.
2727 2304 2851 2355 Vide
2882 2306 3108 2369 Meleagri
3132 2319 3327 2356 carmen
3360 2320 3442 2371 ap.

1887 2380 2149 2427 vavassor.
2182 2380 2251 2427 De
2284 2378 2433 2443 epigr.
2462 2392 2510 2441 p.
2550 2383 2651 2429 176.
2687 2399 2709 2421 »ι
2747 2376 2945 2428 Buher.

1951 2526 2179 2573 CCXXV.
2202 2550 2262 2561 -—
2294 2528 2334 2573 1.
2370 2527 2677 2574 Hei-manuus
2702 2538 2898 2587 quoque
2922 2524 3134 2585 ἄκτιτον,
3169 2524 3303 2586 quod
3326 2538 3440 2575 sua*

1887 2595 1973 2644 det
2018 2596 2157 2645 locus
2197 2596 2462 2659 Apolloniiz
2492 2596 2611 2645 nihil
2643 2594 2838 2645 obstare
2868 2608 3071 2645 monens
3104 2596 3223 2657 quin
3264 2594 3445 2645 semina

1888 2666 2081 2721 Φιλῆτις
2151 2662 2261 2713 hoec
2314 2664 2627 2714 dedicaverit.
2682 2663 3083 2715 Schneidewinus
3144 2664 3271 2726 conj.
3339 2664 3443 2729 ὄρος

1887 2734 2111 2797 'Amabo
2256 2750 2267 2761 ·

1950 2873 2205 2922 ccxxvi.
2232 2899 2295 2908 -·-
2318 2877 2335 2921 1
2364 2872 2503 2922 Τοῦτ’
2524 2871 2668 2934 ἐλαχὺ
2688 2873 2795 2934 Κλ,
2812 2875 2863 2922 et
2885 2887 2935 2922 v.
2963 2877 2993 2923 3
3022 2872 3259 2936 φράγμα
3278 2891 3327 2922 τε
3358 2876 3445 2937 ῥω-

1885 2945 2041 2992 πεύειν
2070 2943 2235 3005 ὀλιγόξ.
2274 2943 2480 3006 conjecit
2506 2945 2790 3003 Hei-marm„
2813 2947 2951 2993 τοῦτο
2978 2957 3027 2992 v.
3064 2948 3092 2994 3
3132 2957 3241 2994 esse
3264 2947 3443 3008 putans

1887 3011 2071 3063 librarii
2098 3013 2323 3062 lacunam
2353 3013 2479 3062 male
2510 3013 2765 3076 explentis.

1950 3167 2230 3214 ccxxvn.
2274 3191 2335 3201 —
2373 3171 2418 3215 2.
2450 3164 2667 3214 Geistius
2705 3163 2900 3226 conjicit
2926 3166 3163 3228 δικρατίην
3200 3165 3443 3226 κάλαμον,

1886 3237 2033 3299 quasi
2050 3238 2307 3300 δικερατίαν
2328 3235 2466 3298 (vide
2496 3236 2561 3286 ad
2581 3250 2631 3286 v,
2664 3237 2753 3300 3),
2778 3237 2909 3287 idem
2938 3235 3075 3299 quod
3100 3239 3304 3300 ὃίιιραιον
3340 3238 3444 3288 sive

1887 3309 2141 3372 δίκραιρον.

1951 3446 2253 3566 (Σῡέὶὲνῐὶῐ.
2284 3471 2345 3482 -
2374 3447 2394 3492 1
2422 3445 2731 3508 τιτρυμμίνον
2749 3444 2899 3493 Salm.
2928 3456 2957 3492 e
2984 3442 3179 3504 Codice,
3200 3445 3441 3506 τετριμμέ-

1887 3534 1967 3567 νον
2000 3520 2037 3566 Ρ
2124 3553 2136 3565 .

1952 3658 2209 3708 CCXXIX.
2250 3684 2310 3697 -
2348 3661 2375 3704 2
2406 3657 2572 3718 βαπτῷ
2604 3650 2915 3701 scribendum
2937 3652 3083 3713 putat
3114 3653 3172 3699 G.
3216 3650 3441 3700 Dindorf.

1888 3728 1938 3777 in
1966 3727 2112 3777 Thes.
2138 3740 2187 3775 v.
2210 3727 2389 3778 Κύανος
2406 3761 2421 3784 ,
2451 3736 2604 3785 quum
2631 3723 2723 3771 ilos
2742 3719 2887 3770 modo
2912 3720 2977 3770 sit
3000 3719 3215 3770 seminini
3233 3721 3441 3784 generis,

1889 3798 2090 3859 Meleag.
2126 3798 2211 3852 lv,
2232 3806 2441 3856 prooem.
2467 3797 2512 3851 1,
2538 3794 2616 3840 40.
2642 3818 2700 3827 -
2724 3798 2771 3849 5,
2810 3798 2856 3842 6.
2893 3789 3111 3840 Geistius
3146 3789 3341 3852 conjicit
3366 3792 3443 3841 οῑα

1886 3868 1938 3917 δὲ
1968 3868 2121 3922 δαιτὸς
2139 3867 2285 3930 δῶρον
2304 3863 2487 3912 ὀπάονα
2516 3859 2611 3910 σοί.

1951 4013 2227 4060 ccxxxn.
2270 4040 2330 4053 -
2370 4007 2609 4068 Geistius,
2652 4007 2796 4070 cujus
2835 4008 3185 4070 Crinaqoram
3230 4007 3445 4070 (Glessze

245 4067 378 4118 unde
407 4067 498 4116 hoc
525 4068 577 4115 et
612 4077 824 4127 sequens
849 4075 1092 4128 expressa.
1120 4089 1180 4098 —
1207 4070 1252 4112 5.
1286 4063 1433 4113 Salm.
1465 4067 1706 4116 ἀπέτιλλον
1735 4083 1795 4118 ex
1893 4083 2045 4141 1849)
2077 4093 2185 4130 sem
2220 4080 2416 4143 accepi,
2444 4080 2635 4143 primus
2666 4076 2879 4126 advertit
2903 4076 2955 4124 in
2980 4076 3075 4126 1100
3100 4077 3445 4140 epigrammate

244 4138 368 4187 Cod.
395 4135 597 4200 profert.
622 4136 720 4192 Qui
745 4134 809 4184 ad
833 4149 882 4184 v.
912 4140 967 4184 10
990 4155 1002 4184 ι
1026 4151 1050 4174 κ
1071 4135 1214 4183 Forte
1235 4136 1380 4184 θύσει.
1402 4135 1496 4184 Sed
1515 4137 1645 4186 δάσει
1665 4137 1796 4202 [sim

245 4212 311 4249 an
331 4195 536 4260 εώσιιῖ]
565 4209 662 4244 non
687 4200 841 4246 muto.
869 4216 894 4239 ιι

310 4339 520 4386 CXCVI.
561 4361 624 4372 -
665 4340 683 4385 1
721 4338 996 4398 ροιὸοσκελῆ
1025 4338 1212 4400 δίχαὶον
1252 4337 1398 4386 Salm.
1429 4351 1486 4387 ex
1525 4337 1646 4388 Cod.
1685 4367 1740 4375 -
1768 4345 1794 4390 4

247 4407 532 4468 ὥρμιηδόλος
560 4405 977 4456 Schneidewinus.

307 4555 564 4605 cxcvnl.
587 4584 646 4596 —
670 4559 710 4604 1.
742 4574 766 4597 «
790 4555 970 4618 Ὅριον.
1005 4557 1078 4604 lta
1107 4557 1377 4606 correctum
1405 4555 1454 4603 in
1473 4557 1532 4605 V.
1560 4557 1616 4604 C.
1652 4570 1798 4606 :nam

247 4625 384 4688 prius
409 4625 660 4690 legebatur
690 4627 862 4689 αὔριον.
893 4645 916 4668 ιι
940 4625 1104 4676 Salm.

309 4783 432 4830 ccl.
479 4807 538 4819 —
573 4788 602 4831 2
643 4783 826 4840 ὡραίων
864 4783 1056 4831 σῦλον
1102 4780 1198 4830 ἀπὸ
1237 4779 1488 4843 πλοκάμων
1529 4779 1798 4831 Meinekius

249 4853 368 4918 (pro
399 4851 572 4913 οὖλον)
602 4852 851 4915 Philologo
881 4854 917 4900 t.
944 4853 1075 4912 XIV,
1095 4867 1145 4915 p.
1177 4857 1256 4912 33,
1286 4851 1392 4902 coll.
1418 4850 1614 4900 Catullo
1633 4853 1797 4912 LXVI,

248 4929 307 4972 62
334 4940 348 4970 ι
373 4921 573 4972 devotae
587 4921 722 4986 flavi
753 4923 962 4970 vorlicis
983 4925 1216 4982 exuviae,
1239 4921 1302 4972 de
1333 4921 1502 4971 comis.
1533 4951 1589 4962 —
1616 4925 1644 4968 6
1665 4923 1800 4978 θῆκεν

249 4993 303 5042 ἐν
331 4995 584 5058 Ἀρτέμιδος
605 4997 928 5054 normannus,
950 5008 1047 5060 pro
1069 4995 1163 5044 ὕπ’.

1889 4155 2190 4205 structuram
2216 4149 2643 4201 insolentissimam
2671 4151 2720 4196 et
2747 4160 2949 4210 prorsus
2966 4147 3285 4210 incongruens
3310 4147 3442 4198 disti-

1887 4223 2015 4273 chon
2038 4225 2332 4272 extremum.
2353 4239 2377 4261 ιι
2400 4221 2456 4269 ln
2475 4221 2614 4268 tanto
2638 4230 2842 4266 numero
2860 4219 3215 4279 ἀναθηματικῶν
3228 4253 3242 4275 ,
3264 4217 3440 4280 inquit.

1886 4294 2025 4344 haud
2040 4292 2283 4342 inveneris
2296 4329 2310 4352 ‚
2330 4293 2513 4355 praeter
2530 4302 2606 4353 ep.
2630 4294 2719 4338 292
2738 4287 3001 4336 obscurum
3026 4290 3077 4337 et
3102 4286 3439 4350 depravatum,

1887 4364 2021 4427 quod
2056 4363 2263 4414 similem
2303 4360 2355 4410 in
2384 4359 2587 4410 modum
2625 4357 2823 4408 donaria
2854 4357 3154 4406 nominativo
3188 4357 3363 4428 efferat
3394 4363 3444 4408 et

1887 4436 2149 4488 ἁσυνδὲτως
2177 4430 2405 4495 subjiciat
2428 4429 2687 4478 ἀνατίθεται
2703 4463 2718 4488 ,
2756 4439 2845 4475 nec
2869 4427 3001 4484 λιτή
3017 4445 3040 4472 ν
3060 4425 3279 4489 profecto
3304 4429 3441 4476 δαῖτα

1887 4519 1973 4556 sex
2008 4503 2233 4554 versibus
2258 4500 2469 4566 apponit.
2497 4519 2521 4542 »
2550 4502 2711 4556 Quare
2738 4499 2850 4560 post
2872 4509 3073 4546 versum
3095 4501 3124 4544 6
3161 4497 3307 4545 linem
3338 4498 3441 4561 epi·

1888 4573 2170 4639 grammatis
2197 4569 2475 4634 Crinagorei
2498 4568 2729 4632 periisse,
2758 4567 2951 4617 initium
2976 4569 3143 4616 autem
3169 4567 3295 4617 alius
3326 4583 3443 4632 poe-

1887 4643 2051 4704 matii,
2075 4642 2272 4692 minime
2294 4641 2451 4697 illius,
2470 4643 2527 4690 ut
2551 4639 2765 4701 videtur,
2789 4639 2849 4689 ad
2869 4639 3178 4702 Crinagoram
3193 4643 3443 4690 auctorem

1889 4713 2136 4765 referendi
2149 4750 2164 4774 ,
2200 4711 2289 4762 sed
2340 4709 2648 4773 simplicioris
2663 4747 2677 4769 ‚
2712 4722 2843 4759 nunc
2882 4708 3147 4758 desiderari
3162 4745 3177 4770 ,
3216 4723 3384 4759 omnes
3416 4724 3443 4759 a

1890 4785 2075 4835 Geistio
2109 4782 2343 4833 admoniti
2370 4781 2671 4830 fatebuntur.
2700 4807 2762 4816 —
2788 4784 2837 4829 3.
2878 4778 3013 4828 Idem
3050 4791 3138 4842 pro
3168 4777 3444 4840 depravatis

1887 4853 2038 4904 habet
2064 4851 2209 4902 verba
2230 4851 2373 4900 δειλαὶ
2396 4851 2644 4898 δάκνεσθαι
2661 4884 2676 4909 ,
2700 4850 2751 4898 ct
2774 4860 2918 4900 versu
2940 4855 2968 4897 5
2994 4847 3057 4896 de
3082 4850 3130 4895 αἱ
3148 4848 3441 4907 mistrianus:

1887 4923 2156 4988 cogitabat,
2181 4919 2289 4970 coll.
2324 4933 2402 4983 ep.
2443 4927 2521 4979 22,
2555 4923 2613 4980 3,
2654 4919 2821 4984 βοτρυν
2851 4919 3157 4980 μεθυπίδαιια.
3192 4915 3443 4978 Enipei-ius

1888 4990 2186 5059 proponebat
2214 4991 2527 5054 beloxulddec.
