3829 5747
1584 540 1681 693 J
1706 536 1825 691 A
1852 540 1954 695 C
1984 538 2108 694 O
2133 543 2247 691 Β
2271 536 2370 695 S
2391 539 2553 690 ΙΙ

1190 842 2151 949 PROLEGOMENA
2228 843 2926 950 BREVIORA.
2997 986 3006 997 ι

557 1322 789 1381 Veteres
860 1320 1084 1396 Graeci,
1150 1320 1579 1398 religiosissimi
1645 1322 1978 1379 mortalium
2001 1363 2019 1390 ,
2079 1382 2086 1387 ,

479 1430 657 1487 quum
708 1408 911 1467 omnia
951 1422 1065 1467 tam
1120 1410 1373 1468 secunda
1428 1428 1602 1487 quam
1660 1410 1902 1468 adversa
1952 1410 2022 1467 ad

479 1498 620 1556 deos
664 1497 975 1567 referrent,
1005 1495 1177 1555 bellis
1220 1496 1464 1556 feliciter
1504 1498 1713 1571 gestis,
1756 1496 2024 1555 hostibus

478 1584 755 1655 devictis,
780 1604 901 1641 non
918 1584 1105 1642 solum
1134 1597 1354 1661 partem
1384 1584 1596 1660 praedae
1626 1596 1796 1660 atque
1820 1603 2022 1641 manu-

482 1669 611 1729 bias
636 1672 780 1743 diis,
811 1690 1055 1747 quorum
1083 1690 1146 1729 se
1174 1671 1447 1749 praesidio
1475 1672 1780 1729 victoriam
1816 1691 2022 1749 repor-

481 1770 628 1817 tasse
652 1759 1078 1827 existimabant,
1110 1776 1416 1839 seponere,
1436 1780 1635 1819 verum
1665 1760 1834 1818 etiam
1865 1778 2024 1817 arma

478 1844 737 1905 hostibus
775 1848 1027 1906 detracta
1065 1849 1124 1905 in
1159 1848 1390 1926 templis
1422 1862 1594 1926 atque
1629 1847 1887 1905 delubris
1917 1866 2023 1905 eo-

477 1954 603 1990 rum
622 1934 888 1993 dedicare
906 1934 1169 1993 solebant
1196 1934 1280 2013 Γ).
1312 1936 1395 1993 Ad
1414 1936 1524 1994 hoc
1538 1936 2023 2013 antiquissimum,

476 2035 539 2079 ut
566 2021 818 2092 videtur,
836 2023 1212 2081 donariorum
1230 2044 1410 2099 genus
1430 2026 1695 2102 proxime
1720 2022 2025 2082 accedebat

2228 1320 2340 1369 AEre
2367 1332 2488 1369 cavo
2507 1320 2716 1383 clipeum
2730 1358 2744 1382 ,
2775 1322 2936 1384 magni
2953 1324 3200 1385 gestamen
3221 1321 3440 1385 Abantis,

2233 1388 2464 1439 Postibus
2485 1388 2706 1439 adversis
2733 1390 2826 1453 figo
2849 1394 2900 1439 et
2917 1404 3020 1440 rem
3043 1390 3257 1441 carmine
3281 1390 3418 1455 signo

2231 1460 2414 1509 AEnssas
2437 1473 2544 1509 iia—:c
2568 1474 2632 1509 m:
2663 1473 2838 1509 nauus
2861 1473 3143 1509 vic-romnus
3171 1474 3323 1509 aaut.

2109 1577 2278 1647 Quod
2307 1580 2664 1657 epigramma
2691 1582 2784 1640 vel
2801 1594 3118 1659 propterea
3139 1597 3224 1641 est
3253 1582 3660 1656 memorabile,

2110 1666 2280 1742 quod·
2294 1670 2354 1723 in
2391 1671 2598 1745 priscae
2641 1670 3031 1747 simplicitatis
3076 1670 3396 1729 imitatione
3426 1672 3664 1747 insigne

2110 1766 2301 1811 tamen
2347 1774 2586 1815 acumen
2635 1756 2826 1815 habet.
2911 1756 3220 1834 Postquam
3258 1758 3411 1816 enim
3463 1760 3524 1817 in
3570 1761 3665 1819 his

2110 1842 2594 1919 inscriptionibus
2622 1843 2803 1903 verba
2831 1846 3000 1903 metri
3033 1844 3260 1921 legibus
3289 1860 3479 1924 coepta
3519 1862 3664 1905 sunt

2109 1928 2430 2007 adstringi,
2466 1932 2594 1989 fieri
2619 1953 2736 1989 non
2766 1934 2955 2010 potuit
2983 1934 3125 2010 quin
3161 1934 3332 1991 etiam
3373 1937 3661 1994 orationis

2110 2017 2343 2093 quidam
2373 2032 2610 2076 ornatus
2639 2020 2960 2089 accederet,
2992 2018 3084 2095 cuj
3095 2039 3160 2077 us
3185 2033 3388 2077 natura
3417 2034 3473 2077 et
3505 2023 3663 2079 ratio

478 2109 667 2178 aliud,
703 2108 839 2167 huic
876 2124 1218 2185 cognatum,
1266 2132 1444 2188 quum
1480 2114 1731 2170 victores
1776 2109 2018 2187 praemia
2111 2102 2190 2160 ita
2237 2103 2485 2174 serebat,
2531 2118 2597 2163 ut
2653 2105 2822 2163 nudae
2867 2106 2952 2163 rei
2997 2106 3350 2183 expositioni
3401 2107 3666 2166 vividior

476 2196 537 2253 in
566 2194 819 2273 publicis
846 2198 1291 2269 certaminibus,
1332 2218 1459 2275 quae
1485 2210 1542 2255 et
1577 2199 1705 2275 ipsa
1736 2197 1845 2255 sub
1880 2197 2020 2254 deo-

2111 2193 2410 2249 sententiae
2457 2194 2548 2250 vis
2597 2194 2948 2251 succederet.
3041 2196 3206 2262 Quod
3257 2193 3439 2268 magis
3483 2196 3662 2252 etiam

479 2303 605 2339 rum
650 2283 825 2343 tutela
857 2297 1051 2357 erant,
1100 2286 1433 2362 proposita,
1475 2286 1772 2363 tripodas,
1806 2283 2022 2342 lebetas
2111 2290 2228 2333 tum
2267 2278 2467 2335 debuit
2501 2280 2659 2350 lieri,
2705 2299 2882 2357 quum
2932 2281 3185 2355 elegiaca
3225 2281 3469 2338 disticha
3521 2281 3665 2341 huic

476 2383 533 2428 et
583 2371 640 2428 id
691 2390 871 2447 genus
917 2374 1060 2446 alia,
1103 2373 1218 2432 diis
1266 2388 1699 2447 consecrarent,
1749 2375 1920 2432 simul
1962 2387 2026 2432 ut

478 2460 625 2534 grati
679 2460 863 2517 animi
916 2461 1394 2536 significationem
1445 2461 1678 2534 darent,
1732 2462 1902 2520 simul
1961 2476 2024 2519 ut

476 2548 814 2604 memoriam
840 2548 1105 2607 victoriae
1126 2548 1277 2627 apud
1304 2549 1565 2607 homines
1592 2562 2017 2610 conservarent.

476 2633 619 2691 Cum
663 2633 878 2710 quibus
918 2635 1148 2694 duobus
1202 2636 1513 2711 generibus
1554 2636 2020 2712 conjungendum

474 2733 561 2776 est
588 2721 843 2791 tertium,
868 2720 1377 2780 instrumentorum
1400 2722 1777 2793 consecratio,
1808 2722 2023 2799 quibus

475 2806 608 2883 quis
636 2808 699 2865 in
742 2821 862 2867 arte
899 2821 999 2865 aut
1018 2809 1257 2888 opificio
1292 2829 1431 2868 usus
1474 2810 1693 2882 suerat,
1732 2829 2020 2867 armorum

476 2896 779 2972 inprimis,
808 2897 1021 2974 quibus
1049 2917 1199 2976 saepe
1242 2898 1480 2956 salutem
1520 2917 1679 2956 suam
1710 2897 2018 2970 debuerat,

477 2983 840 3059 aliorumque
866 3004 995 3060 quae
1014 3029 1031 3056 ‚
1072 3005 1251 3061 quum
1282 2998 1379 3042 aut
1407 2985 1576 3043 annis
1601 2999 1657 3042 et
1683 2999 1845 3043 aetate
1887 3006 2024 3044 con-

480 3071 661 3128 fectus
697 3068 770 3128 ab
801 3089 977 3148 opere
1002 3071 1268 3138 faciendo
1303 3085 1580 3141 cessaret,
1622 3086 1721 3130 aut
1750 3073 1818 3130 ad
1864 3073 2024 3131 aliud

475 3158 611 3214 vitae
634 3176 814 3232 genus
837 3159 1136 3226 transiret,
1158 3158 1437 3217 laudabili
1456 3160 1667 3236 pietate
1694 3161 1757 3218 in
1784 3161 2016 3238 templo·

478 3263 605 3301 rum
648 3245 955 3304 vestibulis
982 3265 1391 3304 consenescere
1438 3267 1609 3324 quam
1654 3247 1899 3306 fortunae
1927 3269 2025 3308 ca-

476 3331 639 3390 sibus
666 3331 851 3409 objici
878 3333 1143 3396 malebat.

556 3419 662 3477 uis
706 3419 1003 3492 donariis,
1054 3434 1360 3500 postquam
1406 3423 1590 3481 literae
1626 3423 1689 3482 in
1740 3444 1851 3484 usu
1901 3445 2026 3485 esse

477 3521 797 3583 coeperunt,
824 3510 1235 3588 inscriptiones
1263 3524 1397 3570 sunt
1415 3512 1641 3584 additae,
1664 3515 2024 3573 brevissimae

479 3592 593 3650 illae
620 3595 873 3671 primum
897 3597 1035 3656 etin
1070 3598 1407 3658 nominibus
1432 3619 1492 3658 se
1525 3602 1907 3674 continentes,
1932 3605 2023 3661 in·

480 3680 701 3738 terdum
724 3682 931 3754 etiam,
954 3684 1006 3741 si
1041 3704 1133 3743 res
1162 3687 1245 3743 ita
1274 3686 1480 3757 ferret,
1516 3687 1840 3766 rhythmice
1868 3689 2024 3748 ince-

453 3767 711 3840 ‘dentes,
746 3768 983 3828 heroico
1027 3773 1394 3850 potissimum
1424 3795 1693 3850 numer0,
1738 3777 1809 3834 ad
1852 3798 2022 3854 quem

482 3867 678 3930 postea
699 3870 1054 3934 pentameter
1072 3862 1337 3932 accessit,
1357 3863 1609 3939 primum
1636 3864 1789 3940 apud
1822 3863 2022 3935 lones,

480 3957 599 4002 tum
645 3945 817 4002 etiam
846 3946 1000 4023 apud
1028 3947 1193 4006 alios.
1225 3948 1314 4005 Ad
1348 3951 1555 4025 priscae
1589 3950 1749 4008 illius
1787 3971 2026 4011 consue-

480 4030 702 4090 tudinis
750 4032 1175 4110 simplicitatem
1240 4037 1621 4114 compositum
1672 4040 2027 4116 epigramma

481 4116 669 4192 quod,
700 4118 774 4177 ab
813 4121 1233 4196 impostoribus
1278 4124 1478 4199 procul
1526 4123 1739 4199 dubio,
1784 4125 2026 4202 Amphi-

482 4206 707 4280 tryonis
733 4227 901 4283 quem
932 4208 1218 4267 vocabant
1258 4211 1475 4288 tripodi
1506 4211 1772 4271 Cadmeis
1822 4214 2028 4270 litteris

480 4294 831 4369 insculptum
860 4294 1079 4355 Thebis
1124 4297 1183 4354 in
1222 4298 1435 4374 templo
1469 4299 1761 4376 Apollinis
1791 4300 2026 4360 Ismenii

484 4377 811 4439 Herodotus
848 4382 1071 4442 viderat
1100 4385 1201 4464 (V,
1228 4385 1331 4462 59)
1370 4407 1383 4442 ε

601 4519 878 4584 Ἀμφιτρύων
904 4525 955 4584 μ’
980 4523 1197 4582 ἀνέθηκεν
1218 4527 1304 4574 ῐὼν
1332 4525 1427 4574 ἀπὸ
1450 4527 1747 4588 Τηλεὸοάων,

486 4646 543 4689 ct
563 4633 707 4691 illud
741 4635 897 4711 quod
931 4635 1211 4712 Virgilius
1240 4639 1310 4697 ad
1340 4641 1576 4698 eandem
1608 4645 1885 4700 rationem
1921 4645 2025 4701 lin·

486 4720 574 4776 xit
620 4720 693 4778 ab
737 4721 908 4781 AEnea
936 4724 997 4782 in
1036 4723 1277 4786 Leucate
1317 4727 1507 4805 clipeo
1554 4729 1795 4789 Abantis
1824 4732 2027 4790 inscri-

484 4819 641 4883 ptum
675 4811 847 4890 (286)
884 4830 899 4870 z

548 4983 613 5046 ς’)
648 4983 855 5046 AEschyl.
886 4991 1053 5050 Agam.
1076 4993 1166 5039 5⁰0
1184 5003 1343 5052 seqq„
1371 4993 1502 5055 Sept.
1527 5007 1571 5042 c.
1593 4992 1745 5043 Theb.
1766 5001 1857 5044 260
1889 5009 2030 5059 seqq.

2111 2362 2196 2418 rei
2226 2376 2414 2419 essent
2441 2363 2724 2425 adhibita.
2811 2366 3000 2433 Quum
3031 2367 3186 2423 enim
3229 2366 3340 2424 hoc
3381 2386 3662 2425 versuum

2065 2468 2292 2525 ¹genus
2347 2450 2618 2528 strophen
2684 2451 3112 2528 quodammodo
3166 2453 3399 2524 efficiat,
3451 2468 3666 2531 sponte

2113 2549 2498 2614 exspectatur,
2524 2551 2589 2595 ut
2607 2538 2774 2596 docta
2807 2541 3052 2615 quadam
3089 2542 3382 2598 sententiae
3418 2542 3660 2599 consor-

2113 2625 2366 2683 matione
2396 2638 2575 2682 totum
2611 2626 2758 2684 illud
2777 2670 2795 2698 ,
2817 2627 2973 2703 quod
3003 2647 3164 2685 aures
3191 2628 3252 2683 in
3281 2627 3500 2685 heroici
3527 2648 3665 2685 ver-

2112 2730 2211 2771 sus
2239 2732 2367 2770 cum
2401 2727 2760 2791 pentametro
2789 2718 3156 2793 copulatione
3191 2734 3318 2774 cum
3363 2718 3665 2796 voluptate

2113 2799 2398 2871 sentiunt,
2441 2800 2610 2858 etiam
2663 2803 2858 2859 animo
2907 2815 2964 2859 et
3023 2814 3212 2859 mente
3285 2804 3661 2882 percipiatur.

2111 2885 2302 2955 Quare
2331 2901 2550 2946 mature
2598 2889 2805 2947 sactum
2837 2904 2923 2948 est
2975 2903 3039 2948 ut
3088 2890 3326 2965 elegiaci
3369 2905 3552 2968 poetae
3600 2910 3662 2952 et

2113 2974 2343 3049 singula
2374 2974 2619 3034 disticha
2645 2989 2702 3033 et
2720 2978 2995 3052 periodos
3023 2997 3095 3034 ex
3119 2977 3384 3035 distichis
3411 2999 3660 3056 compo—

2113 3061 2250 3119 sitas
2296 3080 2690 3137 saepenumero
2745 3066 3038 3122 luculenta
3083 3065 3329 3141 quadam
3377 3069 3665 3126 sententia

2113 3161 2210 3206 aut
2245 3147 2429 3207 verbo
2478 3151 2891 3210 concluderent
2938 3153 3094 3228 quod
3126 3153 3364 3226 legentis
3401 3155 3662 3212 animum

2111 3248 2395 3312 pungeret
2424 3250 2482 3293 et
2525 3251 2762 3298 teneret.
2890 3238 3019 3308 Quo
3067 3239 3309 3298 brevius
3356 3255 3541 3298 autem
3573 3259 3666 3302 est

2111 3340 2363 3393 carmen,
2393 3343 2465 3380 eo
2485 3325 2664 3398 magis
2689 3327 3007 3401 requiritur
3033 3326 3334 3401 ingeniosa
3359 3330 3662 3387 sententiae

2114 3411 2447 3482 conversio,
2479 3424 2576 3468 aut
2617 3427 2963 3490 praeceptum
3018 3413 3089 3470 ad
3131 3413 3305 3470 vitam
3335 3414 3512 3485 utile,
3561 3432 3664 3474 aut

2117 3499 2313 3572 gravis
2340 3498 2602 3574 quasdam
2645 3512 2701 3557 et
2729 3500 2995 3557 soecunda
3035 3498 3240 3575 γνώμη,
3292 3515 3389 3559 aut
3424 3507 3667 3560 omnino

2117 3587 2276 3661 quod
2304 3587 2469 3662 quasi
2497 3587 2757 3644 aculeum
2798 3588 2860 3644 in
2905 3589 3100 3645 animo
3143 3590 3452 3666 relinquat.
3564 3591 3666 3649 Sic

2116 3673 2309 3748 itaque
2352 3674 2796 3750 epigrammata,
2864 3676 3118 3751 primum
3184 3676 3478 3748 donariis,
3538 3691 3662 3736 tum

2116 3761 2504 3817 monumentis
2549 3760 2966 3838 sepulcralibus
2983 3806 3003 3837 ‚
3031 3761 3241 3820 tabulis
3275 3764 3511 3835 votiviS,
3544 3779 3664 3822 sta·

2113 3847 2262 3918 tuis,
2292 3847 2474 3922 signis
2497 3848 2744 3924 aliisque
2768 3847 2941 3906 rebus
2965 3848 3246 3922 adhibita,
3267 3870 3396 3907 cum
3426 3864 3670 3910 externa

2112 3937 2386 3994 carminis
2433 3936 2619 3992 forma
2658 3949 2922 3993 naturam
2955 3955 3190 4012 quoque
3233 3938 3510 3995 carminis
3562 3940 3670 3995 in-

2111 4021 2383 4080 duebant.
2469 4021 2663 4099 Neque
2709 4037 2897 4080 tamen
2943 4023 3054 4081 boc
3105 4025 3184 4081 ita
3224 4025 3394 4081 velim
3441 4025 3666 4103 accipi,

2113 4115 2278 4186 quasi
2321 4111 2379 4168 id
2408 4111 2563 4186 quod
2597 4111 2661 4168 in
2696 4110 2806 4167 hoc
2855 4129 3064 4184 genere
3098 4111 3386 4189 poeticum
3415 4125 3534 4183 est,
3575 4125 3670 4169 to-

2115 4209 2233 4252 tum
2289 4196 2362 4253 ab
2405 4209 2643 4254 externa
2682 4194 2810 4272 ejus
2867 4195 3051 4254 forma
3104 4197 3484 4256 derivandum
3539 4217 3670 4256 esse

2114 4283 2462 4342 existimem.
2587 4283 2727 4340 Nam
2757 4283 2820 4340 in
2869 4283 3043 4342 rebus
3071 4304 3302 4361 quoque
3343 4285 3495 4357 illis,
3533 4307 3672 4363 quae

2113 4370 2544 4446 epigrammatis
2581 4371 3004 4429 concinnandis
3031 4373 3525 4448 opportunitatem
3557 4373 3664 4430 da-

2116 4454 2278 4527 bant,
2311 4468 2590 4533 quantum
2619 4459 2808 4515 inerat
2831 4458 2905 4516 ad
2939 4459 3204 4536 pietatis,
3238 4459 3668 4532 admirationis,

2119 4545 2264 4617 grati
2314 4545 2493 4602 animi
2542 4563 2774 4603 sensum
2834 4545 3239 4618 excitandum,
3299 4568 3418 4623 quo
3483 4567 3668 4626 quun·

2117 4631 2414 4689 incalescit
2443 4643 2680 4710 pectus,
2712 4645 2918 4710 sponte
2961 4651 3204 4711 poeseos
3246 4634 3339 4691 vis
3381 4648 3439 4691 et
3469 4635 3668 4693 lumen

2115 4719 2430 4776 enascitur!
2487 4739 2660 4796 quam
2713 4722 2917 4777 crebro
2979 4735 3115 4778 vota
3166 4741 3294 4779 cum
3345 4724 3667 4796 gratiarum

2118 4808 2375 4879 actione,
2407 4827 2609 4882 preces
2646 4829 2775 4866 cum
2822 4809 3034 4865 laetitiae
3077 4808 3502 4885 significatione
3529 4809 3673 4885 jun·

2119 4895 2317 4970 gendae
2335 4901 2531 4955 erant!
2560 4917 2731 4974 quam
2755 4897 2963 4954 acriter
2985 4915 3136 4974 saepe
3164 4917 3356 4954 rerum
3383 4900 3669 4973 ipsarum.

2123 4984 2340 5059 quibus
2365 4984 2684 5042 addebatur
2729 4984 3064 5062 inscripti0,
3109 4998 3171 5043 ut
3201 4999 3421 5043 statuae.
3457 4984 3674 5046 tabula*

2029 5086 2119 5160 xvi
