3829 5747
399 135 516 193 442

385 260 484 321 cri,
517 260 566 309 in
585 272 686 322 qua
710 258 792 309 illa
815 273 948 309 nunc
971 259 1164 323 jacebat
1197 262 1253 311 ut
1281 262 1396 311 olim
1436 264 1484 311 in
1519 264 1773 326 θαλάμαις,
1795 264 1948 323 idest

387 338 552 392 μυχοῖς
576 337 655 388 τῆς
677 335 954 393 pepp-nme.
985 350 1006 371 »
1036 333 1154 379 ,1αο.
1184 330 1328 387 Quod
1359 332 1519 394 ipsum
1549 335 1720 384 tuetur
1742 335 1945 397 scriptu-

387 413 489 449 ram
518 400 712 451 Codicis
745 420 757 450 ι
793 400 843 449 111
863 400 1000 450 sulco
1021 400 1082 449 ab
1115 404 1277 451 aratro
1315 401 1549 465 depresso
1595 418 1723 455 nune
1763 407 1946 470 tegitur

388 472 542 533 βώλῳ.

447 611 582 659 CCX.
610 612 810 659 Lemma
841 631 853 659 ε
891 612 954 667 εἰς
985 611 1216 673 χελιδόνα,
1259 614 1443 671 ἧστινος
1477 614 1536 661 τὰ
1565 616 1706 662 τέκνα
1747 615 1943 665 καταδέ-

385 684 592 745 6ρωσκεν
613 680 720 743 (sie)
754 682 868 744 ὄφις.
904 683 960 731 111
995 682 1126 731 Plan.
1159 686 1235 731 est
1262 684 1534 733 ἀδέσποτον.
1567 703 1589 724 tt
1623 686 1842 733 Ductum
1865 685 1941 733 vi·

384 753 529 802 detur
571 753 862 816 epigramma
905 766 968 802 ex
1011 754 1156 802 Hom.
1203 754 1259 803 Il.
1295 756 1350 816 Β,
1406 759 1498 804 315
1525 768 1626 816 seq.
1666 774 1690 797 υ
1727 758 1844 805 Jac.
1883 786 1944 797 —

390 828 408 871 1
441 824 640 885 χελιδόνι
683 823 824 884 cod„
868 836 992 873 corr.
1036 823 1335 874 Huschkius.
1375 824 1616 874 Planudes
1652 838 1849 875 versum
1872 826 1945 877 sie

384 892 664 956 deturpavit
691 907 704 938 ι

507 1000 770 1065 Ἆρτιγενῶν
801 1016 882 1061 σε,
913 1001 1134 1065 χελιδὼν,
1159 1000 1305 1050 οὖσαν
1336 1004 1509 1066 μητέρα
1535 1004 1727 1051 τέκνων.

383 1146 445 1156 ·-
461 1125 508 1171 3.
545 1141 568 1164 ει
593 1120 724 1171 Hinc
750 1121 926 1170 Suidas
953 1140 964 1170 t
989 1122 1136 1179 ἀίξας·
1158 1124 1378 1186 ὁρμήσας.
1401 1126 1468 1171 Ex
1491 1137 1538 1172 v.
1563 1130 1590 1174 5
1616 1144 1626 1172 :
1649 1126 1941 1189 κινυρομένη·

383 1190 661 1255 ὀδυρομένη,
701 1193 948 1253 Θρηνοῦσα.
970 1195 1036 1241 Ex
1070 1206 1116 1241 v.
1145 1201 1173 1242 6
1204 1214 1214 1242 :
1237 1195 1413 1255 ἤριπεν·
1444 1195 1488 1249 ἐς
1507 1196 1590 1252 τὴν
1617 1196 1721 1257 ἐραν
1747 1198 1940 1245 κατέπε·

384 1280 488 1312 σεν.
530 1263 780 1327 Ἐσχαρὶου
813 1266 981 1325 πυρὸς,
1012 1270 1095 1313 τοῦ
1131 1265 1205 1313 ἐπὶ
1233 1271 1311 1323 τῆς
1341 1266 1560 1329 ἐσχάρας.
1587 1268 1660 1313 Ex
1686 1279 1735 1315 v.
1759 1271 1784 1315 7
1810 1287 1820 1315 t
1851 1268 1943 1325 ἠλι-

381 1334 596 1396 τοεργὸς,
616 1336 642 1381 ὁ
673 1338 756 1383 τοῦ
775 1334 908 1393 ἔργου
940 1334 1204 1397 ἀποτυχών.
1227 1356 1248 1377 υ
1271 1338 1332 1384 Β.
1355 1363 1414 1371 --
1438 1340 1484 1397 4,
1521 1339 1696 1392 Ὠῧῖνες
1711 1374 1725 1396 ,
1746 1336 1807 1385 de
1828 1337 1943 1387 libe-

384 1403 480 1459 ris,
509 1404 673 1466 pullis.
704 1406 858 1459 Δεινὸς
895 1404 991 1461 ὄφις
1018 1408 1263 1469 τριέλικτος
1285 1405 1340 1454 ‘in
1373 1406 1570 1455 oraculo
1603 1421 1682 1469 ap.
1707 1407 1938 1457 Herodot.

384 1474 468 1525 vl.
489 1477 566 1523 77.
585 1498 646 1509 -
666 1480 693 1523 5
711 1474 790 1522 καί
819 1490 872 1521 σε
893 1474 1030 1523 codd.
1058 1496 1080 1517 κ
1103 1475 1280 1537 Ἀθρόος
1297 1512 1311 1537 ,
1332 1476 1396 1525 ad
1428 1491 1610 1526 novum
1638 1491 1690 1526 se
1709 1478 1942 1541 colligens
1982 1430 1988 1530 i

385 1541 648 1605 impetum:
679 1543 750 1592 sic
789 1543 989 1593 'l'heocn
1020 1548 1165 1603 XXV,
1197 1552 1284 1595 252
1314 1560 1326 1588 ε
1358 1546 1430 1594 ἐπ’
1459 1547 1560 1609 ἐμοὶ
1579 1548 1644 1601 λὶς
1674 1548 1794 1602 αἰνὸς
1819 1548 1939 1597 ἀπό-
1982 1533 1988 1615 Ι

382 1614 549 1675 προθεν
568 1612 729 1676 ἀθρόος
756 1613 883 1663 ᾰλτο.
909 1614 1169 1677 xenophon
1195 1618 1268 1665 De
1294 1628 1345 1665 re
1375 1628 1452 1679 eq.
1483 1622 1530 1676 Β,
1559 1624 1606 1676 5,
1633 1628 1814 1679 equum
1849 1617 1938 1666 do-

309 1720 314 1725 .
385 1694 495 1731 cere
529 1682 671 1745 jubet
715 1684 867 1747 ἁθρόῳ
918 1691 986 1746 τῷ
1023 1686 1208 1747 σώματι
1243 1686 1482 1749 ἀναπηδᾷν
1523 1688 1601 1735 καὶ
1646 1689 1936 1750 καταπηδᾷν.

386 1752 503 1800 Post
522 1752 631 1811 ἦλθε
643 1766 858 1815 praesens
884 1754 1052 1811 δαΐζων
1075 1768 1164 1816 pro
1185 1756 1378 1815 futuro,
1400 1759 1457 1804 ut
1483 1759 1594 1805 Eur.
1619 1758 1785 1820 suppl.
1813 1762 1891 1806 131
1927 1778 1939 1807 ;

383 1821 521 1881 ἦλθον
546 1822 731 1878 ἐξαιτῶν
762 1824 911 1884 πὸῖιν,
936 1822 1016 1872 ubi
1043 1824 1309 1874 Markland.
1337 1838 1385 1872 V.
1428 1831 1526 1876 154.
1557 1852 1623 1862 —
1651 1830 1695 1877 7.
1719 1828 1944 1891 Ἠλποερ-

385 1892 466 1950 γὸς
486 1894 615 1941 reete
641 1891 816 1942 Suidas
838 1893 1086 1954 explicuit,
1109 1894 1350 1957 facinore
1379 1895 1520 1957 quod
1539 1896 1636 1945 sibi
1653 1910 1941 1961 proposue-

384 1963 472 2010 rat
493 1974 599 2010 non
631 1959 838 2025 effecto,
874 1964 1017 2013 Cont‘.
1049 1963 1327 2013 Schneider.
1362 1964 1425 2013 ad
1471 1966 1620 2029 orph.
1649 1972 1760 2030 Arg.
1803 1974 1937 2019 1365.
1982 1947 1987 2001 ¹

381 2031 632 2081 Vulcanus
645 2036 782 2095 pater
809 2032 1121 2096 Erichthonii,
1149 2035 1291 2097 cujus
1313 2034 1411 2085 filia
1441 2038 1620 2085 Procne
1642 2036 1690 2085 in
1715 2036 1937 2088 hirundi-

383 2116 493 2152 nem
521 2106 724 2153 mutata.
743 2130 804 2139 -—
819 2109 845 2153 7
864 2106 940 2153 καὶ
970 2106 1100 2154 θάνεν
1133 2106 1265 2155 Plan.
1287 2132 1350 2142 —
1367 2110 1416 2156 8.
1436 2108 1541 2154 Non
1560 2120 1753 2155 omnem
1775 2111 1941 2157 tamen

384 2172 682 2223 Erichthonii
723 2174 938 2223 sobolem
976 2178 1227 2235 servavit,
1266 2176 1445 2235 ἔσωσε,
1475 2176 1560 2225 sed
1586 2179 1797 2238 tantum,
1833 2190 1937 2227 ser·
1982 2161 1987 2201 ¹

381 2248 524 2306 pente
563 2245 644 2293 illo
671 2246 867 2306 punite,
891 2258 943 2295 se
978 2245 1286 2295 hirundinem
1320 2246 1524 2309 ejusque
1558 2248 1742 2309 prolem
1773 2252 1828 2297 in
1851 2248 1939 2299 ho·
1982 2212 1987 2318 ξ

382 2330 510 2365 nore
554 2315 745 2365 habere
785 2316 1084 2379 significavit.
1133 2320 1297 2374 Quare
1349 2318 1605 2381 legendum
1659 2320 1942 2381 suspicabar
1982 2343 1987 2417 Ι

385 2386 526 2433 ἔτισε.
561 2406 584 2427 υ
610 2386 722 2433 lac.
747 2387 852 2435 lmo
875 2388 1028 2436 ἔσωσε
1054 2385 1212 2436 voluit
1227 2390 1387 2450 poeta,
1417 2387 1479 2437 de
1507 2392 1664 2439 matre
1682 2389 1941 2441 hirundine

383 2458 578 2505 servata
598 2455 819 2517 loquens,
1980 2517 1987 2610 Ι

442 2596 608 2643 ccxl.
636 2597 834 2644 Lemma
857 2614 868 2643 :
903 2596 967 2651 εἷς
994 2596 1111 2645 κύνκ
1143 2598 1390 2646 Μελιταῖον
1413 2598 1644 2661 Εὐμήλου.
1666 2618 1689 2640 «¹
1717 2600 1787 2648 De
1815 2600 1941 2649 cani-
1980 2631 1985 2670 ἱ

381 2664 473 2714 bus
491 2664 821 2715 Melitensibus
837 2665 1145 2715 annotavi.ad
1165 2666 1398 2717 Anecdot.
1425 2671 1463 2719 t.
1481 2671 1541 2728 V,
1562 2683 1609 2732 p.
1637 2674 1722 2719 411
1749 2674 1937 2729 01449ς
1980 2690 1985 2751 Ι

380 2734 444 2783 ad
475 2748 522 2797 p.
558 2740 640 2787 164
685 2735 827 2785 Pselli
865 2737 1244 2799 opusculorum.
1284 2759 1308 2781 υ
1348 2742 1412 2789 Β.
1442 2746 1573 2789 —.4.
1601 2741 1744 2789 Cous.
1771 2740 1834 2790 ad
1858 2755 1936 2805 ep.
1980 2752 1985 2795 1

386 2810 490 2866 199,
517 2810 568 2856 4.
751 2806 758 2814 ·
1980 2800 1984 2842 ¹

440 2947 627 2996 CCXII.
657 2949 856 2996 Lemma
887 2967 899 2995 :
936 2949 999 3002 ei:
1018 2947 1202 2996 ai‘iuiav
1240 2949 1378 3009 ὄρνιν.
1411 2969 1434 2990 α
1463 2953 1566 2998 Non
1593 2963 1734 3000 avem
1761 2951 1936 3012 fuisse,
1978 2876 1984 3021 ἕ

379 3015 466 3064 sed
487 3029 672 3078 equum
701 3017 892 3066 nomine
928 3018 1133 3076 Αῐθυιαν,
1177 3018 1299 3066 bene
1331 3021 1498 3068 monet
1533 3019 1728 3068 Jacobs.
1767 3019 1939 3082 [cujus

379 3085 754 3148 disputationem
789 3085 940 3134 habes
965 3087 1014 3134 in
1043 3086 1260 3136 Analect.
1287 3090 1323 3136 t.
1355 3090 1465 3146 vll,
1499 3101 1546 3150 p.
1579 3090 1843 3153 ini-406]
1875 3121 1939 3132 --
1978 3082 1983 3157 l

385 3161 425 3202 1.
467 3153 586 3202 111110
609 3153 813 3201 Suidas:
845 3155 1138 3216 ποδήνεμος,
1161 3160 1386 3218 ἠταχεῖα.
1408 3182 1469 3192 -
1497 3164 1542 3204 2.
1571 3157 1769 3206 Grotius
1791 3159 1938 3208 vertit
1980 3192 1983 3217 ,

380 3225 536 3284 ἔθρεψε
559 3223 744 3282 γένος.
782 3251 834 3260 -
863 3227 907 3270 3.
939 3225 1012 3271 Ex
1039 3224 1236 3273 navium
1273 3225 1519 3276 celeritate.
1551 3226 1780 3286 quaesivii.
1812 3241 1937 3277 com·
1978 3230 1983 3288 ξ

377 3289 694 3352 parationem,
735 3290 798 3338 ob
826 3304 1000 3339 nomen
1035 3291 1141 3340 avis
1173 3293 1372 3340 marinae
1401 3293 1572 3342 datum
1617 3307 1761 3355 equo.
1797 3317 1818 3338 11
1873 3301 1933 3346 B.
1978 3343 1981 3348 .

377 3360 644 3409 Meinekius
677 3373 872 3422 quoque
901 3374 947 3423 p.
994 3367 1052 3411 93
1083 3383 1095 3410 ι
1137 3381 1160 3404 «ι
1191 3365 1296 3410 Nou
1335 3376 1462 3424 opus
1499 3361 1692 3410 videtur
1726 3363 1936 3413 Jacobsii
1978 3355 1982 3367 '

377 3433 654 3493 conjectura
689 3432 983 3491 κεμάδεσσιν.
1029 3431 1244 3494 Respicit
1271 3435 1416 3493 poeta
1460 3432 1654 3481 navium
1693 3439 1938 3483 concerta-
1977 3418 1982 3511 Ξ

377 3503 531 3551 tiones
549 3539 562 3560 ‚
595 3501 765 3563 quales
785 3501 916 3562 apud
943 3503 1136 3551 Actium
1156 3502 1370 3564 ipsisque
1401 3501 1600 3551 Athenis
1629 3502 1936 3552 celebraban-
1977 3524 1981 3569 ς

376 3575 476 3630 tur,
503 3571 710 3620 testibus
736 3570 979 3634 Stephano
1009 3573 1064 3619 B.
1097 3585 1138 3620 s.
1169 3584 1215 3619 ν.
1240 3571 1438 3629 Ἄκτιον,
1467 3570 1685 3632 Thucyd.
1721 3576 1829 3632 Vll,
1854 3577 1933 3633 32,
1976 3620 1981 3655 2

379 3641 577 3691 Platone
599 3655 724 3690 com.
754 3655 830 3704 ap.
863 3641 1109 3690 Plutarch.
1139 3639 1372 3690 Themist.
1403 3653 1446 3689 c.
1476 3645 1550 3689 32.
1588 3659 1612 3682 »
1647 3640 1798 3690 Aliter
1821 3645 1935 3689 πολ·
1976 3672 1981 3699 :

376 3713 472 3764 λαῖς
502 3710 686 3772 accepit
717 3710 989 3772 Jacobsius‚
1011 3710 1261 3760 conserens
1287 3709 1393 3758 haec
1411 3707 1652 3758 Theocriti
1683 3711 1810 3769 xvi,
1833 3714 1886 3758 71
1918 3730 1931 3758 :
1976 3748 1981 3759 .

375 3783 536 3829 ποὶλοὶ
553 3782 816 3836 κινήσουσιν
851 3779 916 3830 ἔτι
934 3782 1104 3842 τροχὸν
1125 3783 1328 3842 ἅρματος
1359 3782 1520 3839 ἵπποι,
1547 3780 1726 3828 crebro
1754 3779 1934 3829 adhuc

375 3851 552 3901 Phocoe·
576 3864 791 3901 currum
815 3855 932 3915 equi
951 3849 1177 3902 trahem.
1197 3851 1363 3900 Codex
1389 3852 1548 3910 ἥνυοε,
1565 3851 1770 3899 alterum
1797 3850 1932 3900 Plan.
1976 3839 1981 3911 1

1502 132 2009 195 ANTHOLOGIAE
2068 134 2113 192 P
2125 135 2472 198 ALATINAE

2034 264 2185 316 habes
2213 266 2266 317 in
2286 266 2431 318 Thes.
2461 282 2509 332 p.
2552 273 2683 331 1585,
2726 273 2787 331 Β,
2816 284 2976 333 neque
3012 273 3280 323 necessaria
3304 275 3629 337 conjectura

2034 340 2119 385 aut
2142 338 2319 387 Reiskii
2347 340 2459 402 πρὸς
2488 340 2723 402 εὐτρήτοιο
2760 344 2848 391 aui
2880 343 3085 392 fleckeri
3130 346 3237 393 ποτὶ
3273 354 3487 409 τρητοῖο.
3544 375 3625 387 --

2033 409 2061 454 4
2088 407 2353 469 ἀναρῤἱψαις
2381 408 2502 457 Cod.
2527 438 2583 449 —
2612 416 2638 457 5
2666 410 2921 473 ἄφραστα*
2947 414 3147 473 νιρηΐδις
3174 417 3315 476 cod„
3334 416 3415 465 sed
3452 418 3631 465 recte

2032 477 2207 527 suidas
2226 492 2272 528 ν.
2307 481 2474 541 Τηθὺς,
2502 484 2532 539 ἠ
2560 482 2789 531 effluam.
2822 501 2847 527 «ι
2885 486 3133 547 Ἀφρηστής
3160 490 3235 537 est
3262 501 3429 536 nomen
3478 501 3629 535 ver-

2032 546 2143 597 bale
2174 549 2235 598 ab
2262 551 2445 611 ἀορέω,
2464 555 2517 600 ut
2532 552 2761 613 ὀρχηστὴς
2792 552 2854 601 ab
2882 554 3035 616 ὀρχὲω
3053 592 3067 614 ,
3094 570 3207 605 nam
3250 556 3459 621 delphini
3496 558 3627 606 las—

2034 617 2266 668 civientes
2286 632 2463 681 aquam
2488 624 2719 684 spargunt
2742 624 2791 671 et
2808 624 3019 673 excitant
3044 638 3280 687 spumam.
3308 648 3330 670 n
3352 631 3463 677 Bru
3472 627 3623 677 neb-

2032 690 2105 739 De
2132 702 2185 738 re
2212 694 2314 739 Jac.
2356 692 2474 739 citat
2516 692 2773 740 Moschum
2810 695 2869 752 ll,
2920 698 3020 751 114,
3054 696 3256 746 Lucian.
3290 699 3412 748 Dial.
3454 712 3619 748 mar.
3676 744 3685 753 .

2031 760 2135 820 XV,
2156 762 2219 809 al.
2248 764 2304 809 In
2323 761 2499 809 Codice
2518 760 2613 810 hoc
2638 761 2879 811 distichon
2897 762 3073 825 legitur
3099 770 3211 827 post
3230 781 3449 831 sequens,
3496 784 3625 817 non

2032 843 2125 880 suo
2151 832 2285 893 loce,
2321 844 2473 893 quare
2502 834 2724 894 Guyetus
2757 833 2976 896 spurium
3001 835 3258 898 judicavit.
3291 842 3477 889 Verum
3524 854 3625 889 or-

2031 900 2192 951 dinem
2238 902 2452 952 restituit
2478 902 2782 965 schaeseruffi
2820 908 2970 967 atque
3000 907 3071 956 sie
3102 907 3201 957 salli
3237 924 3621 975 nonnunquam

2032 972 2251 1023 librarios
2285 972 2431 1023 etiam
2454 972 2503 1021 in
2532 973 2814 1022 Latinorum
2842 975 3165 1039 elegiacorum
3193 980 3441 1031 codicibus
3483 982 3616 1031 ani·

2032 1042 2399 1093 madvertimus.
2441 1043 2649 1106 MaJores
2686 1043 2845 1093 turbae
2878 1044 2927 1094 in
2960 1044 3392 1109 epigrammatibus
3414 1057 3511 1102 217
3548 1056 3619 1102 et

2033 1116 2141 1162 218.
2172 1141 2235 1149 —
2268 1118 2294 1163 7
2340 1116 2380 1161 ei
2417 1114 2504 1177 γὰρ
2542 1112 2683 1173 Cod.;
2731 1114 2957 1177 correxit,
2992 1119 3047 1165 ut
3083 1118 3296 1178 videtur,
3342 1124 3613 1185 Gay-etus,

2032 1182 2205 1231 Suidas
2233 1196 2282 1231 v.
2306 1186 2505 1246 Πρῆνες,
2530 1185 2575 1232 οἱ
2606 1184 2953 1244 προνενευκότες
2982 1186 3121 1236 τόποι
3156 1196 3249 1237 τῶν
3276 1191 3440 1251 ὀρέων,
3466 1192 3557 1242 sic
3596 1212 3610 1241 :

2030 1256 2059 1311 ἢ
2088 1254 2313 1317 γάργαρον
2337 1256 2459 1310 ἴσον,
2482 1253 2589 1303 cod.
2614 1253 2747 1303 Leid.
2773 1256 2801 1311 ἢ
2822 1258 2908 1318 γὰρ
2922 1258 2981 1305 τὸ
2996 1258 3122 1307 ἶσον.
3160 1260 3345 1311 Deinde
3368 1262 3471 1311 eod
3530 1266 3611 1317 ὣς

2031 1324 2121 1380 aa..
2146 1324 2263 1373 Suid
2304 1326 2362 1387 ᾧ.
2394 1324 2647 1373 Jacohsius
2677 1325 2781 1374 ἴσον
2799 1332 2975 1389 πρηῶνι
2998 1327 3061 1377 de
3085 1328 3335 1393 delphino
3360 1331 3611 1395 intellige-

2031 1391 2131 1451 bat,
2178 1393 2287 1442 coll.
2322 1396 2407 1455 lx,
2432 1409 2507 1456 cp.
2536 1398 2646 1453 300,
2680 1398 2707 1443 3
2730 1415 2744 1442 -.
2770 1396 2797 1443 ὁ
2832 1397 2912 1454 μὲν
2938 1399 3173 1461 (taurus)
3200 1402 3394 1463 ὡρμήθη
3426 1406 3609 1465 πρηών

2032 1466 2131 1527 ἅτε,
2160 1468 2209 1515 01
2235 1466 2436 1528 Oppiani.
2474 1467 2653 1528 Cyneg.
2684 1468 2723 1525 1,
2753 1470 2862 1527 417,
2883 1466 2967 1528 qui
2986 1467 3048 1518 de
3072 1482 3249 1519 eanum
3270 1472 3481 1533 quodam
3498 1486 3607 1535 ge·

2031 1548 2143 1584 nere
2188 1550 2201 1579 ι
2232 1538 2491 1598 πρὼνεσσιν
2532 1537 2729 1591 ἐοικότες
2774 1537 3086 1599 ἀκρολόφοισι.
3123 1539 3219 1589 Sed
3257 1540 3395 1591 haud
3433 1542 3607 1592 dubie

2028 1608 2219 1670 fluctus
2258 1607 2456 1669 dicitur,
2494 1609 2543 1656 et
2582 1607 2787 1665 Μαλιίης
2829 1609 3036 1658 sortasse
3068 1610 3133 1659 ad
3162 1614 3426 1675 utrumque
3464 1614 3601 1663 sub-

2032 1678 2312 1740 stantivum,
2352 1683 2527 1741 ποηῶνι
2571 1680 2623 1726 et
2652 1682 2795 1739 κῦμα,
2824 1677 3047 1739 pertinet.
3098 1699 3123 1722 «ι
3164 1682 3604 1743 Comparationem

2032 1746 2272 1797 fluctuum
2322 1761 2436 1796 cum
2482 1746 2729 1795 montibus
2777 1746 3015 1797 illustravi
3057 1748 3120 1799 ad
3162 1752 3365 1801 Planud.
3426 1756 3599 1803 Meta-

2030 1817 2221 1881 morph.
2241 1831 2291 1881 p.
2318 1824 2425 1870 683.
2448 1816 2675 1866 Libanius
2692 1819 2729 1866 t.
2751 1818 2833 1877 IV,
2861 1829 2912 1879 p.
2948 1823 3065 1869 1052
3090 1822 3175 1871 εού
3191 1823 3280 1883 γὰο
3298 1825 3459 1884 ὑψηλὰ
3482 1826 3601 1874 τότε

2031 1888 2090 1936 τὰ
2112 1889 2299 1951 κύματα
2328 1889 2435 1936 οὔτε
2457 1888 2607 1949 ὄρεσιν
2632 1886 2838 1936 ἐοικότα.
2873 1888 3084 1939 Basilius
3108 1891 3298 1940 Seleuc.
3321 1894 3459 1941 Orat.
3482 1895 3599 1951 xil,

2030 1968 2079 2017 p.
2102 1960 2162 2005 69
2191 1976 2203 2005 z
2228 1959 2257 2014 ή
2291 1956 2560 2004 θάλασσα...
2596 1956 2649 2003 ἐκ
2676 1958 2830 2018 βυθῶν
2862 1958 3039 2007 ἐκλόνει
3078 1960 3183 2015 τοὺς
3211 1961 3459 2022 πλέοντας,
3503 1981 3599 2011 κν·

2033 2026 2189 2085 μάτων
2226 2028 2307 2091 ὅρη
2333 2032 2389 2088 τῇ
2426 2029 2499 2085 νηῒ
2526 2027 2864 2088 περιστήσασα.
2896 2028 3176 2079 Methodius
3202 2033 3270 2080 De
3293 2030 3451 2081 libero
3482 2034 3595 2083 arb.

2030 2110 2077 2160 p.
2103 2102 2191 2147 728
2213 2100 2333 2146 tom.
2357 2099 2477 2147 Vlll
2496 2101 2617 2161 opp.
2639 2096 2837 2145 Meursii
2874 2116 2885 2145 :
2914 2106 3132 2162 κορυφαῖς
3160 2102 3249 2162 γὰρ
3267 2102 3415 2164 ὀρέων
3435 2121 3599 2166 παρα-

2030 2169 2223 2224 πλήσιον
2258 2167 2317 2225 (l.
2346 2193 2407 2203 —
2430 2169 2543 2229 σικ)
2583 2169 2738 2229 ἑώρων
2776 2167 2979 2229 κύματα.
3010 2189 3033 2213 1»
3062 2172 3124 2219 Β.
3150 2171 3245 2228 Qui
3278 2170 3328 2219 in
3364 2174 3602 2234 proxime

2033 2238 2348 2301 sequentibus
2390 2237 2581 2300 conjicit
2620 2238 2706 2291 εἷς
2736 2234 2799 2284 σ”
2832 2237 3034 2296 ἐκυκήθη
3076 2244 3256 2301 κῦμα...
3305 2240 3483 2290 ὦσαν.
3534 2274 3601 2284 .-

2032 2316 2059 2358 8
2094 2310 2191 2357 ὦσε·
2216 2308 2259 2357 a·
2292 2308 2587 2364 Salmasius3
2630 2308 2751 2355 ὦσεν
2774 2305 2893 2355 eod.
2930 2310 2981 2357 et
3009 2308 3164 2370 Suid.‚
3205 2309 3276 2359 illi
3312 2324 3401 2373 rer
3424 2314 3599 2361 totum

2030 2392 2225 2428 versum
2254 2377 2490 2441 geminus.
2520 2377 2825 2426 Manifestum
2846 2376 2897 2425 in
2915 2378 3192 2429 nominibus
3214 2380 3405 2444 lapsum
3436 2382 3593 2433 libra·

2030 2448 2086 2497 rii
2114 2448 2263 2497 variis
2298 2447 2455 2496 modis
2486 2446 2799 2496 emendatum
2828 2445 3023 2497 iverunt
3051 2450 3205 2499 critici
3240 2470 3252 2500 z
3287 2454 3597 2516 πο).υψή,του;

2034 2520 2256 2577 Salmas.3
2298 2518 2601 2573 πολυξοὶντους
2643 2514 2889 2577 Toupius;
2918 2516 2992 2565 ἐπ’
3030 2520 3267 2580 αἰγιαλούς
3312 2522 3599 2572 Brunckius

2032 2588 2193 2651 (quod
2220 2588 2403 2650 recepit
2420 2588 2571 2637 Boiss.
2590 2590 2623 2647 );
2640 2585 2710 2635 ἐπ’
2726 2584 2882 2644 ἠϊόνας
2904 2586 3142 2649 l’iccolos3
3165 2590 3400 2641 ductibus
3418 2598 3597 2643 autem

2028 2660 2276 2709 literarum
2306 2658 2547 2706 inhaerens
2566 2654 2822 2704 Jacobsius
2858 2657 2919 2712 ὡς
2942 2658 3146 2717 ἐκυκήθη
3168 2666 3296 2721 κῦμα
3324 2666 3465 2726 ποὶὺ,
3490 2668 3595 2727 ψα-

2030 2729 2506 2791 φαροὺς,.,ψαμάθους
2529 2727 2609 2776 vel
2626 2727 2901 2789 ψάμμους...
2932 2730 3199 2791 ψαραρούς,
3230 2733 3287 2779 in
3310 2734 3509 2784 siccum
3538 2740 3595 2786 et

2027 2798 2323 2862 squalidum
2362 2798 2519 2847 ἱὶίίιιε.
2552 2798 2799 2845 Heekerus
2817 2797 3026 2861 denique
3063 2802 3129 2859 et,
3160 2804 3217 2850 ut
3246 2801 3457 2863 videtur,
3500 2806 3595 2853 Βο-

2028 2870 2162 2921 thius
2198 2883 2285 2933 pro
2318 2882 2434 2919 sana
2459 2868 2639 2917 habent
2666 2868 2861 2920 Codicis
2892 2868 3185 2932 scripturam
3225 2892 3237 2920 :
3268 2888 3365 2922 non
3408 2889 3593 2926 arenas

2028 2942 2177 3000 enim,
2208 2940 2295 2990 sed
2324 2940 2469 2988 Iulus
2512 2938 2769 3002 significari
2810 2953 2931 2989 voce
2980 2944 3222 3004 ψαμάθους
3254 2957 3369 2993 cum
3403 2947 3596 2996 usitato

2028 3010 2243 3073 epitheto
2266 3010 2424 3067 ἀκτῆς.
2458 3009 2599 3064 Quod
2622 3008 2837 3060 ludentis
2860 3013 2989 3060 esset
3012 3015 3170 3074 poetae
3198 3015 3248 3062 et
3266 3015 3597 3076 apraeceden-

2028 3083 2147 3132 tium
2171 3080 2408 3145 gravitate
2440 3078 2721 3130 abhorrens,

2088 3223 2270 3272 CCXV.
2291 3223 2519 3270 Lemma:
2537 3220 2695 3276 εὶς“τὸν
2709 3221 2846 3269 αὐτὸν
2857 3221 3041 3280 δελφῖνα
3057 3222 3367 3284 ἐκδρασθέντα
3386 3226 3587 3287 ὁμοίως.

2025 3321 2088 3329 -
2123 3299 2142 3341 1
2177 3293 2442 3352 πλωτῇσι...
2467 3292 2743 3352 πτεούγεσσι
2766 3291 2964 3354 corrigit
2990 3292 3274 3348 Brunckius‚
3308 3311 3331 3334 ι·
3356 3296 3491 3356 quod
3522 3310 3589 3345 ex

2026 3365 2236 3411 Homero
2254 3360 2459 3422 petitum
2479 3359 2535 3408 11.
2558 3362 2614 3418 Β,
2644 3364 2731 3408 462
2764 3373 2776 3402 :
2810 3365 3059 3408 πωτῶνται
3090 3361 3296 3423 (cygni)
3326 3363 3591 3426 ἀγαλλόμε-

2024 3449 2095 3480 νοι
2122 3434 2417 3492 πτερύγεσσι.
2449 3433 2571 3478 Nam
2603 3429 2761 3492 pinnis
2796 3429 3006 3478 exsultat
3023 3428 3285 3490 delphinus
3302 3435 3352 3480 et
3382 3446 3434 3482 se
3454 3434 3589 3484 oble-

2024 3505 2143 3560 ctat,
2160 3500 2353 3562 quando
2372 3499 2671 3549 ludibundus
2690 3502 2838 3563 caput
2852 3513 2997 3562 supra
3016 3500 3197 3548 fluctus
3213 3500 3351 3564 erigit
3372 3505 3424 3551 et
3448 3503 3585 3552 saltu

2025 3585 2087 3620 ex
2120 3569 2250 3619 unda
2274 3569 2562 3632 prorumpit.
2589 3589 2611 3612 υ
2638 3569 2886 3627 Brundi..
2912 3568 3145 3631 probante
3171 3571 3409 3620 11101110ιί0
3427 3586 3458 3634 p
3499 3577 3581 3622 97.

2024 3640 2193 3695 sedin
2224 3640 2375 3688 altera
2414 3639 2655 3701 scriptura
2686 3639 2805 3689 nihil
2845 3651 2954 3688 esse
2990 3639 3271 3689 offensionis
3306 3640 3587 3691 docuerunt

2024 3712 2130 3759 Jac.
2162 3713 2213 3760 et
2240 3711 2441 3759 Hecker.
2464 3736 2527 3745 —
2546 3716 2574 3759 ³
2611 3711 2715 3758 οὐδὲ
2730 3711 2833 3772 περὶ
2858 3711 3110 3770 σκαλμοῑσι
3131 3711 3285 3773 (παρὰ
3302 3715 3583 3775 σκαρῦμοῖσι

1976 3768 1981 3783 ’
2025 3781 2181 3834 Suid.‚
2220 3783 2464 3842 receptum
2491 3794 2521 3829 a
2551 3781 2727 3842 Boiss.,
2752 3781 2841 3830 sed
2866 3783 2967 3844 περὶ
2994 3779 3227 3831 exhibent
3256 3781 3583 3848 lexicographi

2024 3851 2125 3900 duo
2142 3850 2251 3900 libri
2278 3850 2479 3914 optimi)
2516 3854 2629 3906 νεὼς
2648 3851 2927 3915 περικάλλεα
2957 3851 3265 3912 (περικαλλέα
3293 3865 3371 3915 ap.
3402 3855 3539 3904 Suid.
3562 3859 3580 3916 )

1957 3940 1980 3962 ··
2026 3921 2157 3983 χείλη
2188 3920 2309 3970 cod.
2332 3923 2382 3970 et
2413 3920 2547 3970 Suid.
2582 3921 2754 3984 Recepi
2798 3922 2903 3970 οὐδὲ
2944 3920 3054 3983 παρ’
3089 3922 3372 3983 εὐσκά).μοιο
3398 3924 3581 3974 80151111

436 3990 651 4038 ccxm.
689 3991 884 4040 Lemma
910 4003 922 4032 2
953 3993 1018 4047 εἷς
1041 3992 1227 4054 τέττιγα
1243 3993 1334 4041 ὑπὸ
1352 3995 1604 4055 μυρμήκων
1627 3993 1933 4054 ἀναιρεθέντα.
1975 4038 1979 4071 1

371 4085 436 4096 --
469 4066 485 4109 1
519 4063 722 4122 χλοεροῖς
751 4060 885 4109 Plan.
917 4063 974 4111 Iu
1005 4061 1101 4111 11110
1123 4065 1294 4118 πεύκης
1330 4063 1450 4111 Cod.
1474 4063 1784 4126 superpasito
1803 4081 1850 4112 α.
1873 4091 1933 4101 —
1974 4078 1979 4119 2

372 4135 419 4178 3.
451 4149 473 4172 a
501 4130 624 4178 Hinc
650 4129 860 4180 Suidas:
898 4132 1012 4191 ἰξὺν,
1049 4133 1131 4190 τὴν
1156 4133 1321 4194 ὀσφὺν,
1355 4136 1438 4190 τήν
1478 4133 1635 4195 ῥάχιν.
1669 4135 1739 4180 Ex
1767 4146 1816 4181 v.
1852 4142 1880 4182 6
1919 4155 1929 4183 :
1976 4164 1979 4175 ·

371 4202 608 4262 ἀπρυῖδής·
629 4201 931 4264 ἀπροόρατος.
963 4205 1034 4250 Ex
1056 4216 1104 4251 v.
1135 4208 1162 4252 8
1193 4223 1204 4250 ι
1239 4203 1522 4262 Μαιονίδας,
1557 4205 1786 4266 ’Όμηρος
1815 4225 1837 4246 >³
1869 4207 1929 4252 Β.

372 4271 424 4316 111
447 4271 667 4331 εῦταρσος
687 4269 750 4319 (10
775 4271 874 4318 alis
897 4269 1190 4334 intelligendi
1220 4274 1400 4334 ταρσοί.
1421 4299 1472 4307 -
1497 4277 1543 4321 4.
1567 4275 1683 4321 Post
1701 4273 1933 4335 υἱονὸμοις

371 4339 728 4389 distinctionem
749 4340 925 4390 sustuli
946 4355 1058 4390 cum
1086 4343 1327 4390 Brunckio
1351 4345 1402 4391 et
1429 4342 1620 4391 Bothio.
1641 4343 1720 4391 Sic
1747 4347 1796 4392 et
1819 4347 1933 4392 Gro-
1974 4353 1979 4389 :

371 4411 486 4458 tius.
519 4412 844 4473 Τερπνότερον,
873 4411 928 4461 id
957 4411 1095 4476 quod
1119 4415 1192 4461 est
1212 4413 1525 4475 τερπνότερον.
1552 4439 1610 4447 -
1641 4417 1686 4462 8.
1715 4414 1838 4463 vide
1871 4415 1935 4463 ad

370 4491 447 4540 cp.
481 4486 496 4528 1
523 4479 672 4546 hujus
694 4494 800 4544 cap.
1973 4504 1978 4572 2

435 4618 641 4667 ccxlv.
663 4621 858 4668 Lemma
874 4635 884 4662 t
901 4623 963 4676 εἷς
979 4623 1160 4684 δελφῖνα
1173 4623 1580 4684 ἐκὸρασθένταῦπὸ
1598 4629 1678 4682 τῆς
1697 4625 1932 4684 θαλάσσης

372 4689 420 4734 ἐν
445 4693 502 4748 τῇ
523 4691 696 4750 χέρσῳ.
727 4692 794 4737 Ex
820 4692 1044 4752 sequenti
1065 4705 1140 4754 ep.
1171 4695 1354 4754 Anytes
1382 4705 1681 4755 expressum.
1711 4721 1772 4729 -—
1806 4700 1821 4743 1
1847 4697 1931 4743 ἅλ’
1972 4696 1977 4727 ¹

375 4775 460 4818 μης
486 4758 606 4807 Cod.
637 4762 942 4823 superposito
965 4780 1012 4812 α.
1043 4769 1162 4812 -3,
1183 4763 1370 4813 Plinius
1392 4767 1466 4823 lx,
1490 4773 1534 4822 8,
1561 4770 1621 4814 δι
1645 4764 1929 4828 Delphinus
1974 4803 1977 4820 .

373 4841 476 4875 uon
502 4827 699 4877 tietuini
719 4833 924 4880 ratitum
951 4835 1181 4882 anticum
1201 4835 1424 4894 miimal,
1454 4847 1632 4883 rerum
1652 4836 1705 4883 et
1724 4838 1931 4886 musicas

375 4903 513 4962 ‹rt-115
535 4900 799 4950 ritule-etur
822 4901 1305 4964 symphoniae-anm
1320 4907 1369 4952 e!
1393 4908 1659 4968 pra‘cipue
1677 4903 1929 4968 hydrauli
1972 4954 1977 4963 ,

373 4983 512 5018 ωηο.
545 4969 790 5020 Audacius
819 4971 1018 5020 Archias
1049 4972 1172 5022 dixit
1199 4977 1332 5035 μέὶος
1357 4976 1554 5038 χοοεὺω,
1588 4975 1730 5038 cujus
1757 4977 1930 5026 similia
1971 4980 1977 4994 ¹

1976 4003 1979 4010 ·
2030 4012 2051 4032 «ι
2074 3991 2458 4041 emendationem
2486 3990 2851 4040 indubitabilem
2878 4010 2903 4033 ‚‚
2928 3990 3090 4054 judice
3111 3992 3368 4052 Meinekio;
3394 3995 3490 4043 οὐδ’
3508 3997 3581 4046 ἐπ’

2027 4062 2324 4124 «ἔρ-,σκάλμοιο
2352 4064 2430 4111 vel
2456 4082 2479 4102 «ι
2502 4061 2542 4110 si
2570 4061 2682 4122 quis
2712 4062 2831 4110 nolit
2872 4059 3167 4110 vocabulum
3202 4063 3314 4111 alibi
3351 4077 3448 4114 non
3488 4065 3579 4114 ob.

2025 4133 2159 4179 vium
2194 4153 2215 4174 υ
2242 4131 2314 4179 ἐπ’
2338 4133 2619 4192 ἐῡσκάὶμοιο
2655 4133 2921 4182 Heckerus.
2952 4133 3209 4181 Jacobsius
3238 4135 3362 4196 conj.
3395 4137 3495 4184 οὐδ’
3516 4138 3579 4184 ἐτ’

2024 4205 2113 4266 ἄρα
2130 4203 2195 4263 (in
2214 4205 2334 4250 nott.
2354 4215 2468 4250 mss.
2493 4203 2587 4250 οὐδ’
2604 4203 2666 4250 ἔτ’
2690 4205 2755 4251 ἐνὶ
2772 4203 2845 4252 vel
2862 4203 2959 4252 οὐδ’
2977 4202 3045 4251 ἔτι
3060 4203 3175 4263 σὺν)
3196 4207 3306 4251 σκα)
3317 4211 3446 4264 μοῖσι
3466 4209 3577 4264 νεὼς

2021 4275 2121 4333 περὶ
2154 4273 2330 4334 χάλκεοι
2368 4273 2515 4334 χείλη,
2548 4285 2668 4320 oras
2696 4277 2851 4322 navis
2887 4288 2991 4323 affre
3032 4276 3283 4323 τηιιηὲίαε.
3314 4275 3459 4330 Quod
3486 4291 3575 4338 po-

2026 4345 2261 4391 stremum
2290 4341 2435 4390 editis
2460 4341 2687 4404 equidem
2718 4343 3017 4405 praetulerim
3043 4348 3091 4392 et
3112 4344 3317 4393 scribam
3351 4358 3362 4386 =
3388 4348 3484 4394 οὐδ’
3515 4349 3576 4395 ἐτ’

2022 4415 2303 4474 ε’ῡσκοὶὶμοιο
2330 4415 2441 4467 νεὼς
2474 4415 2575 4476 περὶ
2607 4413 2783 4473 χάλκεα
2820 4415 2967 4475 χείλη.
3004 4415 3221 4463 Mirabile
3248 4421 3573 4466 commentum

2022 4482 2179 4532 Bothii
2202 4503 2216 4530 ι
2249 4504 2271 4522 «ι
2301 4485 2414 4545 Leg.
2440 4485 2539 4544 περὶ
2568 4485 2756 4539 καὶλεα,
2792 4484 2853 4532 ob
2884 4487 3085 4547 prelia,
3127 4485 3393 4547 pretiorum
3428 4500 3573 4536 causa

1974 4582 1977 4595 ι
2020 4566 2133 4615 (1οω
2160 4556 2323 4602 nautae.
2340 4553 2588 4602 enavibus
2614 4553 2846 4617 projicere
2877 4555 3097 4604 solebant
3126 4553 3367 4617 delphinis
3393 4560 3575 4605 certan-

2020 4623 2167 4672 tibus.
2194 4644 2217 4666 »
2240 4629 2340 4673 -4
2354 4626 2599 4686 ποιφὺσσω
2623 4626 2953 4688 (superposito
2966 4645 3009 4688 ν,
3027 4630 3083 4675 ut
3104 4629 3234 4674 esset
3256 4647 3311 4657 ·-
3331 4626 3417 4686 ων)
3432 4633 3573 4688 τᾶμᾱι

2020 4695 2125 4744 God
2148 4714 2161 4743 :
2193 4701 2441 4756 ποιφυσσῶ
2468 4695 2629 4743 suida}
2656 4695 2804 4744 codex
2834 4695 3007 4756 Paris„
3043 4715 3066 4738 «ι
3096 4695 3227 4758 quod
3250 4709 3357 4745 esse
3382 4697 3575 4746 videtur

2020 4768 2243 4827 ποιφυξῶ,
2274 4768 2331 4813 ut
2354 4764 2505 4814 edidit
2522 4765 2757 4823 Reiskius‚
2778 4767 2984 4828 ποιρύξω
3000 4764 3284 4814 Bruncldus.
3310 4785 3335 4808 ι»
3350 4768 3571 4816 31011101.

2020 4836 2103 4897 qui
2122 4848 2247 4897 rece1
2266 4836 2297 4882 il
2320 4873 2335 4892 .
2364 4835 2449 4884 sed
2474 4835 2798 4884 necessarium
2830 4850 2925 4884 non
2944 4849 3053 4885 esse
3080 4835 3315 4886 assentior
3330 4837 3579 4886 Jacobs-io.

2021 4905 2194 4955 Suidas
2218 4907 2428 4968 explicat
2450 4907 2655 4966 σφοδρῶς
2674 4909 2751 4954 καὶ
2772 4907 2887 4968 μετὰ
2912 4909 3031 4968 ἤχου
3058 4908 3141 4962 τὴν
3160 4907 3302 4964 πνοὴν
3330 4909 3571 4975 ἐκπέμπει»,

2030 4999 2049 5018 ‹-
2079 4977 2163 5026 scd
2184 4981 2325 5041 poeta
2354 4977 2447 5025 hoc
2480 4977 2643 5039 potius
2660 4975 2817 5027 dicere
2839 4977 3033 5026 videtur
3058 4990 3069 5024 ε
3091 4980 3191 5026 Non
3214 4979 3423 5039 amplius
3452 4981 3571 5028 ‹in-a
