3829 5747
443 202 559 260 376
1543 197 2053 259 ANTHOLOGIAE
2098 198 2509 258 PALATINAE

420 334 631 392 Δεῖλαιε
653 332 935 403 Κλεόνικε,
967 329 1030 390 σὺ
1053 333 1100 389 δ’
1132 334 1202 398 εἷς
1229 330 1460 410 λιπαρὴν
1481 329 1662 393 Θάσον
1688 334 1851 390 ἐλθεῖν

498 422 714 501 ἠπείγευ
735 466 752 494 ,
779 419 977 491 Κοίλης
1003 418 1227 496 ἔμπορος
1255 421 1315 478 ἐκ
1345 419 1538 500 Συρίης
1557 464 1574 492 ,

344 532 372 570 s
421 508 670 589 ἔμπορος,
693 498 738 567 ὦ
769 506 1018 569 Κλεόνικε
1035 530 1050 545 ·
1075 507 1219 566 δύσιν
1252 508 1297 566 δ’
1329 508 1431 568 ὑπὸ
1455 508 1708 574 Πλειάδος
1735 507 1893 579 αὐτὴν

498 600 831 672 ποντοπορῶν
846 640 864 669 ,
894 596 1028 676 αὐτῇ
1052 594 1279 657 Πλειάδι
1307 594 1637 673 συγκατέδυς.

863 746 1000 796 535.
1057 738 1537 797 ΜΕΛΕΑΓΡΟΥ.

420 875 609 938 Οὗκέθ’
627 880 758 954 ὁμοῦ
784 876 1084 955 χιμάροισιν
1115 875 1254 956 ἔχειν
1279 876 1418 956 βίον,
1437 876 1609 936 οὐκέτι
1635 876 1796 938 ναίειν

499 968 527 1023 ὁ
546 963 838 1043 τραγόπους
864 962 1026 1043 ὀρέων
1056 962 1177 1024 Πὰν
1201 964 1362 1023 ἐθέλω
1388 964 1639 1045 κορυφάς.

419 1052 494 1114 Τί
514 1050 676 1130 γλυκύ
706 1075 826 1126 μοι,
844 1053 897 1109 τί
919 1050 1151 1109 ποθεινὸν
1181 1054 1234 1109 ἐν
1259 1050 1496 1129 οὕρεσινς
1522 1050 1684 1113 ὤλετο
1705 1052 1931 1130 Δάφνις,

499 1141 696 1221 Δάφνις
721 1138 776 1203 ὃς
808 1137 1039 1219 ἡμετέρῃ
1063 1144 1169 1217 πῦρ
1195 1138 1340 1198 ἔτεκε
1361 1140 1574 1219 κραδίῃ.

419 1225 580 1290 'Ao-ru
605 1226 712 1287 τόδ’
733 1226 958 1298 οἰκήσω·
987 1229 1158 1305 θηρῶν
1181 1226 1238 1287 δέ
1264 1250 1343 1293 τις
1361 1226 1515 1293 ἄλλος
1543 1230 1626 1286 ἐπ’
1645 1229 1811 1309 ἄγρην

499 1316 812 1377 στελλέσθω.
893 1315 982 1376 Τὰ
1011 1316 1222 1397 πάροιθ’
1249 1316 1420 1377 οὐκέτι
1447 1316 1589 1379 Πανὶ
1617 1317 1766 1397 φίλα.

619 1468 756 1520 536.
812 1458 1158 1519 ΑΛΚΑΙΟΥ
1209 1458 1769 1519 ΜΙΤΥΔΗΝΑΙΟΥ.

420 1596 560 1657 Οὐδὲ
589 1594 757 1656 θανὼν
777 1598 806 1654 ὁ
833 1595 1061 1676 πρέσὸυς
1088 1598 1158 1675 ἑῷ
1181 1594 1483 1675 ἐπιτέτροφε
1504 1594 1693 1675 τύμὸῳ

500 1684 686 1765 βότρυν
715 1683 809 1743 ἀπ’
835 1683 1074 1754 οἰνάνθης
1099 1682 1324 1762 ἥμερον,
1352 1681 1488 1741 ἀλλὰ
1522 1684 1704 1763 βάτον,

419 1772 508 1831 καὶ
529 1772 839 1850 πνιγόεσσαν
865 1771 1112 1849 ἅχερδον,
1137 1771 1530 1852 ἄποστῦφουσαν
1551 1771 1736 1829 ὁδιτῶν

495 1860 678 1940 χείλεα
706 1858 797 1917 καὶ
819 1858 957 1939 δίψει
984 1858 1278 1939 καρφαλέον
1306 1860 1536 1940 φάρυγα.

421 1948 580 2009 Ἀλλά
605 1972 683 2016 τις
703 1945 1061 2012 Ἱππώνακτος
1093 1945 1222 2017 ἐπὴν
1250 1947 1394 2026 παρὰ
1420 1952 1567 2026 σῆμα
1599 1946 1810 2019 νέηται,

497 2035 726 2115 εὐχέσθω
754 2036 1005 2095 κνώσσειν
1034 2035 1337 2111 εὖμενέοντα
1360 2033 1535 2095 νέκυν.

649 2186 788 2238 531.
832 2178 1128 2238 ΦΑΝΙΟΥ
1174 2178 1742 2238 ΓΡΑΜΜΑΤΙΚΟΥ.

417 2320 598 2402 Ἠρίον
619 2320 715 2380 οὖκ
742 2318 829 2380 ἐπὶ
852 2320 1045 2398 πατρὶ,
1075 2320 1436 2380 πολυκλαύτου
1465 2320 1510 2380 δ’
1526 2321 1612 2379 ἐπὶ
1629 2321 1813 2387 παιδὸς

496 2412 660 2475 Λῦσις
686 2408 808 2489 ἄχει
833 2409 1013 2478 κενεὴν
1043 2407 1186 2479 τήνδ’
1214 2408 1448 2488 ἀνέχωσε
1474 2409 1647 2480 κόνιν,

417 2496 613 2573 οὔνομα
636 2519 700 2556 τα
709 2494 930 2577 ρχύσας,
961 2496 1074 2555 ἐπεὶ
1099 2498 1198 2576 οὐχ
1219 2496 1318 2555 ὑπὸ
1345 2505 1498 2577 χεῖρα
1529 2496 1732 2570 τοκήων

499 2586 656 2659 ἤλυθε
677 2584 929 2655 δυστήνου
961 2583 1182 2665 λείψανα
1211 2583 1525 2646 Μαντιθέου.

934 2733 1072 2785 538.
1119 2724 1448 2784 ΑΝΥΤΗΣ.

419 2864 608 2938 Μάνης
634 2854 781 2932 οὗτος
805 2863 938 2943 ἀνὴρ
964 2854 1028 2937 ἧν
1057 2866 1158 2934 ζῶν
1184 2862 1338 2923 ποτέ·
1360 2868 1450 2923 νῦν
1478 2863 1533 2922 δὲ
1561 2860 1818 2936 τεθνηκὼς

490 2943 612 3014 ’ἶσον
639 2952 845 3032 Δαρείῳ
870 2956 946 3033 τῷ
975 2952 1190 3033 μεγάλῳ
1214 2951 1450 3012 δύναται.

753 3101 891 3152 539.
935 3090 1244 3151 ΠΕΡΣΟΥ
1285 3091 1646 3152 ΠΟῘΗΤΟΥ.

421 3229 505 3288 Οὔ
537 3225 796 3307 προϊδὼν,
829 3226 1056 3303 Θεότιμε
1074 3274 1089 3299 ,
1117 3229 1285 3299 κακὴν
1308 3227 1454 3288 δύσιν
1483 3228 1672 3286 ὖετίοιο

503 3313 838 3394 Ἀρκτούρου,
865 3319 1086 3395 κρυερῆς
1109 3314 1253 3394 ἥψαο
1283 3315 1574 3389 ναυτιλίης,

419 3401 456 3475 ἥ
485 3425 542 3461 σε
562 3446 579 3474 ,
602 3401 668 3460 δι’
691 3400 930 3479 Αἷγαίοιο
949 3402 1259 3472 πολυκλήϊδι
1286 3400 1463 3460 θέοντα

498 3485 588 3563 νηῒ
603 3537 619 3563 ,
649 3489 742 3549 σὺν
763 3480 838 3556 οἷς
861 3489 1062 3569 ἑτάροις
1088 3488 1283 3566 ἤγαγεν
1308 3491 1378 3554 εἰς
1407 3484 1576 3560 ἀΐδην.

977 3683 1092 3734 535.
1127 3699 1379 3734 xamen
1397 3721 1414 3748 ,

1021 3806 1082 3857 de
1105 3806 1379 3878 Daphnide.

420 3935 598 3987 Vivere
623 3953 732 3987 cum
756 3936 911 4003 capris
927 3951 1026 3985 non
1044 3936 1144 4002 jum
1167 3934 1288 3985 mihi
1309 3935 1448 3985 dulce
1463 3971 1479 3992 ‚
1512 3951 1600 3986 nec
1627 3935 1750 3984 ultra

485 4025 542 4070 ln
560 4021 754 4070 summis
783 4019 927 4087 cupio
951 4025 1049 4070 Pan
1076 4019 1296 4069 habitare
1315 4019 1452 4085 jugis.

419 4105 544 4154 Nam
571 4103 684 4169 quid
715 4119 858 4152 suave
885 4101 1068 4151 dabunt
1097 4111 1284 4151 montes
1309 4100 1465 4150 mibi?
1485 4101 1702 4166 Daphnis
1731 4101 1908 4163 obivit,

485 4185 701 4253 Daphnis
731 4183 779 4234 in
804 4184 898 4233 hoc
924 4193 1090 4233 nostro
1111 4192 1306 4249 pectore
1335 4183 1516 4248 primus
1543 4198 1696 4232 amor.

422 4269 551 4319 Urbs
580 4268 838 4319 habitanda
858 4265 1010 4328 mihi;
1045 4274 1264 4315 venatum
1295 4281 1401 4330 quie
1422 4265 1537 4314 velit
1561 4265 1651 4315 ibit

487 4350 652 4400 Bellum
685 4366 699 4400 ι
723 4350 854 4400 nullu
879 4349 1072 4416 placent
1088 4363 1194 4413 quae
1216 4348 1440 4413 placuere
1463 4348 1614 4413 prius.

899 4483 1012 4531 536.
1051 4497 1205 4530 acm
1243 4497 1499 4541 utssnnug

997 4615 1058 4664 dc
1088 4616 1408 4684 Hipponacte-

425 4749 529 4798 Nec
557 4758 682 4792 nunc
703 4759 762 4792 ex
791 4743 974 4792 tumulo
997 4743 1193 4792 mollem
1217 4742 1277 4791 de
1301 4742 1399 4791 vite
1418 4757 1660 4790 racemum

491 4829 714 4877 Mortuus
730 4821 810 4872 hie
831 4823 1030 4890 profert,
1048 4824 1129 4873 sed
1147 4822 1302 4890 vepris
1323 4837 1478 4888 aspra,
1505 4837 1646 4871 senex
1659 4859 1670 4880 ‚

427 4911 487 4959 Et
507 4906 736 4972 sylvestre
761 4903 939 4970 pirum,
955 4905 1084 4971 quod
1108 4905 1200 4955 iter
1226 4903 1511 4954 facientibus
1539 4919 1624 4954 ora

495 4987 762 5052 strangulet
782 4993 835 5035 et
861 4985 1041 5047 fauces,
1066 5003 1181 5055 quas
1203 4988 1305 5037 sitis
1327 4987 1470 5036 ardor
1491 4985 1636 5037 hebet

2062 341 2211 391 Miser
2226 341 2467 400 cleonice,
2488 341 2545 389 tu
2564 330 2683 389 'vero
2706 340 2755 389 in
2772 338 2973 390 nitidam
2991 340 3207 391 Thasum
3224 340 3290 390 ire

2126 429 2389 489 festinasti,
2412 430 2545 477 cava
2559 427 2811 491 profectus
2826 430 3067 478 mercator
3084 442 3141 478 ex
3162 428 3293 491 Syria
3305 466 3318 489 ,

2062 519 2318 576 mercator,
2339 530 2370 565 o
2390 516 2616 567 cleonice
2638 535 2650 563 2
2672 528 2905 565 occasum
2922 518 3091 565 autem
3110 516 3205 565 sub
3228 516 3443 567 Pleiadis
3472 516 3689 579 ipsum

2125 604 2381 668 navigans,
2406 604 2511 667 ipsa
2538 602 2874 653 cum-Pleiade
2899 602 3169 653 occubuisti

2600 748 2709 793 535.
2744 746 2790 792 Μ
2797 745 3076 794 ELEAGRI.

2062 887 2393 950 Non-amplius
2413 900 2649 936 una-cum
2666 886 2849 949 capreis
2870 886 3049 947 vivere,
3070 886 3385 950 non-amplius
3396 886 3685 935 hahitare

2125 974 2344 1038 capripes
2368 972 2607 1024 montium
2633 975 2735 1023 Pan
2755 972 2868 1022 volo
2891 973 3097 1037 fastigia.
3334 970 3651 1035 [Daphnis
3668 1010 3685 1031 ,

2063 1061 2194 1119 Quid
2220 1060 2363 1111 dulce
2398 1059 2517 1111 mihi
2532 1099 2545 1121 ,
2578 1059 2698 1124 quid
2730 1059 3047 1111 desiderabile
3083 1060 3131 1110 in
3156 1060 3447 1111 montibus?
3496 1060 3681 1123 periit

2125 1149 2342 1213 Daphnis
2368 1149 2454 1213 qui
2477 1152 2647 1199 nostro
2662 1149 2823 1213 ignem
2848 1149 3035 1213 peperit
3054 1153 3265 1213 pectore.
3400 1149 3421 1213 ξ
3443 1149 3683 1199 tionem

2062 1238 2244 1287 Urbem
2270 1237 2397 1288 hanc
2429 1237 2668 1288 incolam:
2700 1240 2915 1288 ferarum
2934 1240 3097 1289 autem
3115 1238 3229 1301 quis
3255 1238 3378 1289 alius
3401 1239 3467 1288 in
3502 1252 3679 1286 vena·

2126 1327 2400 1391 accingitur.
2466 1330 2590 1385 Quae
2609 1329 2722 1377 ante
2731 1326 3018 1391 placuere,
3038 1327 3246 1389 non-jam
3266 1328 3381 1377 Pani
3406 1327 3677 1391 placent.

2462 1474 2570 1519 536.
2603 1471 2808 1520 ALGAEI
2844 1470 3201 1519 MITYLENAEI

2062 1614 2134 1661 Ne
2158 1614 2383 1662 mortuus
2406 1611 2607 1675 quidem
2632 1624 2780 1662 senex
2799 1625 2892 1661 suo
2918 1610 3317 1675 enutrivit-super
3334 1612 3557 1661 tumulo

2124 1712 2275 1749 uvam
2300 1714 2329 1749 a
2353 1700 2455 1750 vite
2478 1700 2671 1761 mitem,
2700 1698 2789 1749 sed
2811 1700 3018 1759 rubum,

2063 1790 2113 1836 et
2136 1786 2515 1850 strangulantem
2534 1787 2801 1850 apiastrum
2815 1825 2827 1848 ‚
2851 1787 3439 1837 suffocantem-viatorum

2125 1874 2253 1924 labia
2278 1876 2330 1925 et
2356 1874 2438 1924 siti
2464 1874 2650 1924 aridam
2690 1874 2901 1924 faucem.

2062 1960 2158 2011 Sed
2184 1961 2359 2023 aliquis
2390 1961 2707 2024 Hipponactis
2729 1961 2923 2024 quando
2948 1963 3226 2026 sepulcrum
3251 1964 3487 2026 praetcrit
3502 2002 3520 2022 ‚

2126 2051 2353 2113 precetur
2384 2048 2593 2099 dormire
2610 2049 2899 2100 benevolum
2922 2048 3143 2099 cadaver.

2414 2174 2527 2243 ¹537.
2562 2194 2815 2243 pnsum:
2847 2194 3258 2243 GRAMMA‘ncl.

2061 2330 2333 2380 'tumulum
2356 2344 2451 2381 non
2476 2329 2539 2381 ob
2561 2332 2778 2394 patrem,
2800 2331 2886 2380 sed
2915 2330 3237 2381 valde-defleti
3264 2330 3351 2381 filii
3374 2332 3443 2381 ob

2124 2418 2341 2469 dolorem
2360 2418 2499 2482 Lysis
2522 2419 2711 2469 inanem
2731 2417 2865 2469 hunc
2886 2418 3065 2482 egessit
3084 2420 3337 2482 pulverem
3351 2458 3365 2479 ‚

2062 2519 2237 2556 nomen
2260 2504 2417 2555 modo
2449 2505 2711 2568 sepeliens3
2732 2518 2829 2554 non
2856 2504 2984 2555 enim
3004 2504 3097 2556 sub
3117 2518 3317 2556 manum
3342 2510 3631 2571 parentum

2127 2594 2368 2643 venerunt
2389 2593 2550 2643 miseri
2578 2592 2797 2655 reliquiae
2820 2592 3091 2643 Mantithei.

2530 2784 2539 2793 ,
2648 2736 2756 2783 538.
2791 2734 3030 2781 ANYTAE.

2065 2875 2231 2923 Manes
2256 2870 2396 2923 hicce
2434 2873 2507 2922 vir
2536 2872 2631 2923 fuit
2662 2871 2833 2923 vivens
2855 2870 3005 2922 olim:
3038 2885 3168 2922 nunc
3203 2875 3367 2923 autem
3400 2877 3653 2924 mortuus

2128 2974 2345 3024 mque-ac
2363 2962 2540 3011 Darius
2573 2961 2651 3012 ille
2668 2974 2874 3024 magnus
2896 2961 3061 3024 pollet.

2529 3103 2634 3150 539.
2672 3099 2880 3148 PERSAE
2924 3101 3159 3148 POETAE.

2065 3239 2167 3288 Non
2191 3239 2493 3302 praevidens»,
2518 3239 2795 3296 Theotimo.
2818 3240 3004 3289 malum
3028 3253 3259 3289 occasum
3282 3241 3443 3304 pluvii

2128 3326 2322 3376 Arcturi
2335 3363 2349 3386 ‚
2378 3326 2643 3376 terribilem
2661 3339 2990 3390 aggressuses
3006 3327 3359 3391 navigationem
3373 3366 3389 3386 ‚

2066 3429 2178 3478 quoe
2202 3417 2253 3465 te
2267 3454 2279 3478 ‚
2304 3429 2393 3479 per
2434 3417 2653 3480 AEgaeum
2689 3415 3307 3466 habente-multa-transtra
3338 3423 3644 3469 currentem

2126 3503 2238 3553 navi
2251 3542 2264 3565 ,
2285 3517 2398 3553 cum
2416 3505 2514 3554 tuis
2533 3503 2781 3554 sodalibus
2798 3503 2939 3554 duxit
2955 3503 3005 3553 in
3023 3505 3221 3553 Orcum.

2072 3685 2455 3752 Hipponacteum
2476 3689 2643 3738 transis
2665 3688 2951 3754 quicumque
2967 3688 3294 3755 sepulchrum.

2134 3772 2227 3818 Fac
2256 3769 2329 3819 dis
2345 3805 2361 3830 ‚
2387 3779 2441 3819 ut
2468 3769 2617 3819 facilis
2635 3771 2841 3820 dormiat
2858 3771 2941 3820 ille
2960 3807 2975 3832 ,
3000 3787 3179 3837 preces.

2663 3880 2776 3941 537.
2816 3895 3030 3929 rmnxae.

2071 3985 2179 4033 Non
2204 3985 2357 4049 patri,
2389 3985 2468 4034 sed
2497 4001 2601 4049 quae
2627 3984 2771 4048 magis
2793 3993 2866 4034 cst
2890 3985 2957 4034 vis
2976 3983 3161 4042 flenda,
3183 3986 3503 4052 sepulchrum

2136 4067 2241 4114 Hoc
2260 4075 2375 4115 nato
2396 4066 2523 4132 Lysis
2556 4067 2731 4115 struxit
2754 4066 2896 4115 inane
2920 4082 3025 4116 suo.

2070 4145 2287 4199 Nominis
2315 4157 2388 4197 est
2411 4149 2637 4197 tumulus.
2666 4150 2792 4198 Nam
2818 4165 2913 4198 non
2939 4147 3156 4198 habuere
3182 4159 3409 4213 parentes

2136 4229 2277 4292 Quod
2302 4239 2489 4296 possent
2512 4229 2672 4278 miseri
2690 4230 2896 4279 condere
2914 4229 3191 4279 Mantiihei.

2677 4338 2789 4385 538.
2827 4353 3022 4388 sur-rm.

2077 4446 2221 4494 Vivus
2244 4456 2347 4495 erat
2370 4450 2537 4495 Manes
2556 4483 2571 4506 ,
2598 4445 2680 4494 sed
2696 4455 2947 4511 postquam
2974 4452 3191 4494 mortuus
3218 4447 3309 4494 iste
3334 4456 3427 4508 est,

2136 4525 2313 4576 Darius
2337 4535 2565 4591 quantum
2602 4541 2799 4590 magnus
2820 4535 2869 4575 ct
2892 4526 2993 4592 ipse
3017 4535 3191 4592 potest.

2571 4637 2685 4699 539.
2740 4652 2899 4684 rausa
2946 4651 3130 4685 nont.

2078 4742 2303 4792 Imbril'er
2330 4747 2557 4792 Arcturus
2574 4758 2704 4792 mare
2728 4758 2853 4798 cum,
2876 4741 3157 4804 Theotime,
3180 4743 3400 4802 subiret,

2144 4829 2341 4874 incauto
2376 4823 2527 4889 pelagi
2548 4833 2659 4874 tunc
2682 4824 2771 4874 tihi
2796 4824 2943 4890 coepit
2964 4824 3078 4874 iter.

2080 4907 2156 4958 Sic
2179 4907 2322 4956 miser
2346 4911 2549 4972 AEgoeum
2573 4908 2725 4956 multo
2746 4907 2860 4956 dum
2890 4907 3067 4972 remige
3090 4910 3262 4969 curris,

2148 4993 2330 5054 Raptus
2352 5003 2401 5036 es
2419 4989 2475 5036 ad
2496 4991 2661 5038 Manes
2686 4998 2735 5038 tu
2772 4988 3060 5055 comitesque
3078 4991 3161 5041 lui.
