3829 5747
395 138 513 197 ⁴88

394 272 474 326 ζῆν
511 268 540 325 ἣ
559 266 785 316 τεθνάναι.
806 264 900 315 Καί
931 282 997 319 τις
1015 264 1099 327 ἔφη
1118 264 1230 325 πρὸς
1250 263 1388 311 αὐτόν
1407 277 1417 288 ·
1443 265 1499 312 Τί
1522 263 1602 313 οὗν
1631 264 1690 313 σὺ
1719 266 1806 313 οὐκ
1831 264 1949 312 ἀπο-

394 340 630 397 θνήσκειςς
652 358 678 381 ²·
701 338 760 385 Ὀ
791 337 869 396 δὲ,
895 354 918 378 α
951 335 1048 395 ὅτι,
1074 335 1221 394 εἶπεν,
1240 334 1372 383 οὐδὲν
1399 336 1614 398 διαφέρει.
1650 355 1674 377 ν
1705 338 1822 385 Jac.
1854 333 1953 392 Qui

394 408 467 459 sic
491 407 772 472 παραφράζει
805 408 1052 469 postrema
1085 404 1447 468 epigrammatis
1470 426 1482 453 ι
1517 406 1665 469 μάτην
1691 407 1870 467 ἐπέχεις
1886 418 1898 430 ·
1925 406 1954 452 ὁ

393 479 533 538 τάφος
552 480 640 543 γὰρ
660 478 804 532 ὄντως
831 493 885 525 σε
913 476 1183 533 τεθνηκέναι
1209 476 1385 539 δείξας,
1407 482 1464 540 τῇ
1490 478 1592 541 περὶ
1616 482 1710 526 τῶν
1727 476 1951 525 τοιούτων

395 552 558 613 σκέψει
580 551 708 604 τέλος
739 548 976 604 ἐπέθηκεν.

455 685 736 737 DLxxvn.
779 684 978 732 Lemma
1025 702 1038 730 τ
1081 682 1145 737 εἰς
1181 682 1378 744 Τίμωνα
1412 682 1493 731 τὸν
1531 682 1857 744 μισάνθρωπον
1902 683 1951 730 έν

391 760 559 824 τριόδῳ
584 755 813 818 κείμενον,
837 752 1034 816 Legitur
1055 754 1200 802 etiam
1228 766 1377 816 supra
1403 754 1450 801 in
1470 752 1684 815 margine
1711 752 1950 815 epigram·

393 830 539 880 matis
563 833 670 878 315.
703 828 758 875 111
785 825 916 874 Plan.
947 828 1023 873 est
1050 825 1236 883 ἄδηλον.
1259 850 1324 861 --
1350 831 1378 875 2
1406 825 1525 888 τύχη
1549 822 1672 872 eod.
1693 823 1790 873 hoc
1819 824 1948 883 loco,

393 901 546 950 altero
568 899 733 959 τύχηι,
757 895 1064 958 superposito
1091 912 1158 945 οι.
1187 896 1322 945 Plan.
1349 896 1499 958 τύχοι.
1537 922 1580 930 -
1622 900 1652 944 3
1683 896 1822 944 πάντ’
1851 896 1949 945 ἐπεὶ

392 972 540 1030 τίμων
580 966 700 1017 Cod.
751 966 910 1029 priore
968 966 1107 1024 loc0‚
1158 968 1292 1014 recte
1337 965 1436 1013 hic.
1471 964 1658 1014 Deinde
1699 966 1950 1015 καλέουσιν

392 1040 554 1105 priore
584 1037 695 1088 loco
720 1040 768 1085 et
789 1036 924 1085 Plan.
955 1038 973 1096 (
981 1048 1130 1097 quem
1156 1034 1380 1095 sequitur
1407 1035 1660 1095 Grotius),
1687 1034 1774 1083 sed
1805 1036 1949 1083 πατέ-

395 1129 530 1161 ουσιν
567 1107 752 1170 recepit
778 1108 881 1155 Jac.
913 1104 1050 1167 quod
1079 1104 1161 1153 hic
1186 1104 1235 1154 in
1260 1104 1382 1154 cod.
1412 1105 1605 1165 legitur.
1644 1103 1910 1153 Salmasius
1936 1122 1948 1150 ι

397 1202 420 1224 «
462 1182 744 1237 πατέωσιν,
780 1176 848 1226 ita
895 1175 1218 1236 membranae,
1239 1176 1290 1225 in
1319 1175 1500 1237 quibus
1539 1177 1706 1223 tamen
1754 1174 1952 1223 videtur

394 1250 528 1302 aliud
549 1248 668 1313 quid
695 1245 848 1297 suiss'e
871 1258 1020 1308 quam
1047 1249 1287 1295 πατέουσι.
1318 1249 1381 1295 Et
1407 1246 1643 1305 sortasse,
1673 1246 1949 1294 καλέουσι.»

395 1327 520 1382 Quae
558 1318 912 1371 animadversio
937 1331 998 1367 ex
1026 1318 1385 1380 comparatione
1417 1317 1618 1367 alterius
1662 1316 1755 1365 loci
1789 1316 1952 1378 potius

394 1406 542 1457 quam
563 1406 624 1442 ex
647 1389 842 1440 incertis
864 1388 1095 1439 ductibus
1111 1390 1198 1437 aut
1225 1389 1521 1437 correctione
1541 1387 1732 1437 Codicis
1759 1386 1953 1435 fluxisse

396 1462 639 1522 videatur,
676 1461 738 1511 de
763 1474 860 1522 qua
887 1472 941 1509 re
964 1458 1082 1508 nihil
1115 1459 1365 1509 Paulssen.
1404 1461 1634 1508 Ceterum
1661 1458 1782 1507 cons.
1820 1456 1953 1506 dicta

399 1531 462 1583 ad
484 1537 756 1583 extremum
779 1529 928 1594 epigr.
954 1528 1142 1591 capitia.
1169 1531 1272 1578 Hoc
1295 1526 1536 1578 distichon
1561 1541 1710 1591 supra
1729 1542 1757 1577 a
1784 1540 1946 1577 corre·

395 1607 531 1654 ctore
552 1602 774 1653 additum
813 1602 934 1651 erat.

456 1740 756 1790 anxvm.
785 1739 985 1787 Lemma
1021 1756 1034 1784 ·.
1064 1737 1128 1791 alc
1169 1738 1392 1786 Πανοπέα
1429 1736 1507 1784 τὸν
1543 1735 1838 1796 λεοντοφὸνον
1869 1736 1950 1783 καὶ

395 1811 809 1875 παρδα>.ιο1ιτόνον,
837 1809 930 1857 ὑπὸ
967 1808 1197 1867 σκορπίου
1225 1808 1450 1869 δηχθέντα
1472 1807 1553 1854 καὶ
1589 1806 1945 1862 τεὶευτήσαντα.

391 1880 534 1930 Cont'.
583 1893 660 1943 ep.
713 1882 817 1928 172.
867 1904 927 1913 --
970 1884 997 1926 5
1042 1876 1234 1935 atym-aa
1283 1876 1438 1925 codex
1471 1878 1583 1939 Reg.
1617 1874 1823 1926 Planud.
1867 1888 1945 1939 ap.

389 1950 601 2001 Brunck.
631 1979 690 1990 —
726 1958 773 2001 6.
807 1947 949 1998 Cous.
978 1960 1054 2010 ep.
1082 1952 1192 2009 338,
1222 1954 1378 2011 5;ep.
1413 1952 1524 2007 540,
1544 1954 1590 1996 6.

451 2090 711 2139 DLxxlx.
743 2089 944 2137 Lemma
983 2107 996 2135 :
1035 2089 1098 2140 εἰς
1134 2088 1308 2149 Πέτρον
1339 2086 1510 2149 ῥήτορα
1542 2084 1636 2133 ἀπὸ
1664 2085 1826 2145 τέγους
1863 2101 1948 2132 πε-

390 2162 536 2210 σόντα
573 2161 654 2207 καὶ
693 2160 1048 2215 τελευτήσαντα.
1095 2156 1428 2206 Dubitandum
1470 2168 1579 2206 esse
1623 2168 1716 2203 non
1756 2154 1951 2203 videtur

390 2230 508 2293 quin
541 2228 881 2291 intelligendus
921 2227 986 2278 sit
1026 2226 1110 2276 ille
1158 2226 1498 2275 celeberrimus
1539 2224 1635 2273 sub
1677 2224 1950 2273 Justiniano

389 2304 566 2352 Petrus
590 2300 856 2359 Patricius,
879 2302 1045 2350 orator
1075 2301 1126 2348 et
1149 2298 1373 2361 scriptor,
1398 2297 1483 2358 qui
1515 2298 1625 2360 post
1659 2296 1950 2359 legationem

389 2371 454 2422 ad
477 2370 728 2420 chosroen
761 2382 927 2432 regem
957 2382 1084 2419 anno
1112 2373 1201 2418 562
1229 2369 1294 2423 εἰς
1321 2367 1375 2416 τὸ
1402 2370 1647 2423 Βυζάντιον
1670 2366 1949 2428 &sindus-10:

389 2445 446 2492 οὐ
471 2444 629 2504 ποὶλῷ
669 2442 862 2503 ὕστερον
900 2440 1128 2489 κατέλυσε
1163 2440 1243 2488 τὸν
1270 2440 1372 2501 βίον
1413 2436 1704 2493 (Menander
1733 2440 1943 2487 Protect.

389 2515 558 2576 fragm.
595 2518 648 2562 13
664 2513 682 2573 )
699 2548 712 2570 ‚
736 2524 950 2573 quonam
978 2509 1142 2569 modo,
1164 2522 1226 2560 cx
1248 2508 1342 2560 hoc
1361 2508 1704 2572 epigrammate
1727 2512 1947 2571 apparet,

387 2602 488 2651 qno
511 2600 607 2637 non
637 2588 714 2635 cst
735 2598 856 2635 usus
880 2582 1173 2634 Niebuhrius
1203 2582 1252 2632 in
1279 2582 1483 2647 egregiis
1508 2582 1860 2645 prolegomenis
1883 2582 1948 2632 de

387 2660 493 2709 vita
525 2662 576 2709 ot
607 2658 802 2721 scriptis
831 2658 986 2718 Petri,
1028 2669 1107 2719 ap.
1139 2656 1399 2705 Miillerum
1429 2654 1608 2704 Hister.
1650 2656 1734 2703 Gr.
1772 2653 1943 2717 fragm.

387 2731 487 2781 vol.
513 2732 602 2788 IV,
628 2744 676 2793 p.
713 2735 791 2779 181
821 2741 958 2791 seqq.
985 2754 1046 2763 —-
1079 2732 1119 2777 1.
1149 2728 1234 2777 ’Λεὶ
1261 2727 1518 2787 γελόωσαν.
1547 2728 1760 2775 Joannes
1783 2725 1948 2789 Lydus

387 2816 465 2867 ap.
487 2801 719 2851 Niebuhr.
746 2821 757 2848 ι
783 2800 929 2862 πρᾷός
947 2799 1046 2847 ἐστι
1065 2799 1144 2847 καὶ
1162 2798 1386 2861 μειλίχιος
1400 2835 1413 2857 ,
1432 2799 1530 2847 ἀλλ’
1547 2800 1634 2847 οὐκ
1654 2798 1842 2861 εὐχερής
1848 2833 1944 2847 .....

341 2877 346 2882 “
388 2872 541 2937 χαίρω
571 2872 701 2934 αὐτῷ
717 2871 787 2919 ὅτι
811 2870 952 2926 καλὸς
976 2868 1076 2931 ἅμα
1100 2870 1180 2917 καὶ
1205 2870 1435 2932 ἐλεύθερος
1457 2870 1737 2930 (ἐλευθέριος
1752 2870 1836 2928 ξ’),
1864 2870 1946 2918 καὶ

386 2946 531 3003 τύφου
573 2945 652 2992 καὶ
687 2943 881 3004 κορύζης
922 2941 1081 2999 ἐκτὸς,
1107 2941 1290 2995 ἀστεῖός
1330 2955 1380 2988 τε
1416 2941 1496 2988 καὶ
1532 2941 1702 2995 κοινός.
1742 2943 1946 3002 Procop-

388 3013 568 3064 ibidem
601 3035 614 3062 ι
647 3019 795 3077 πρᾷος
830 3013 920 3076 γὰρ
950 3011 1008 3072 ἦν
1040 3013 1120 3059 καὶ
1152 3013 1216 3067 ὡς
1253 3011 1430 3069 ἥκιστα
1471 3011 1664 3073 ὑδρίζειν
1707 3012 1856 3066 εἰδώς.
1884 3037 1948 3045 -

389 3107 413 3126 e«
441 3093 469 3135 5
507 3085 658 3134 Ὅσον
675 3085 860 3145 ἢρκεσε,
881 3083 1116 3144 quantum
1141 3081 1260 3131 satis
1278 3084 1383 3131 erat
1404 3079 1468 3130 ad
1488 3094 1566 3130 res
1585 3094 1699 3130 suas
1716 3081 1944 3129 ordinan-

388 3154 493 3204 das.
517 3153 833 3216 sequentium
860 3151 1100 3201 sententia
1127 3171 1140 3200 ι
1165 3149 1405 3213 ejusmodi
1424 3153 1632 3201 mortem
1653 3151 1739 3213 qui
1763 3165 1947 3201 saevam

386 3223 695 3282 voraverint,
717 3221 975 3280 falluntun
1000 3221 1237 3270 naturalis
1259 3220 1427 3284 potius
1453 3233 1586 3270 mors
1612 3235 1712 3284 prae
1735 3235 1793 3270 ea
1815 3235 1947 3272 soeva
1992 3190 1996 3266 Ι

386 3293 603 3357 putanda
620 3294 710 3343 est.
737 3313 760 3336 n
782 3296 894 3343 Jac.

450 3437 677 3485 DLxxx.
707 3435 908 3484 Lemma
931 3454 943 3482 ε
965 3435 1030 3490 εἶς
1054 3450 1158 3482 τινα
1177 3434 1268 3481 ὑπὸ
1290 3434 1476 3495 λῃστῶν
1505 3433 1843 3495 πεφονευμένον
1867 3435 1946 3482 καὶ
1992 3422 1995 3451 ¹

387 3508 468 3556 ὑπ’
498 3507 654 3555 αὐτῶν
687 3504 991 3566 θαπτόμενον.
1021 3523 1042 3544 α
1070 3501 1210 3552 Cons.
1241 3500 1305 3551 ad
1332 3515 1408 3565 ep.
1433 3505 1540 3552 310.
1573 3522 1596 3544 υ
1629 3503 1692 3552 B.
1722 3504 1778 3550 111
1810 3503 1943 3552 Plan.

388 3575 516 3626 male
545 3573 912 3664 cumf’equenti
932 3573 1082 3638 epigr.
1101 3572 1344 3634 junctum.
1376 3599 1435 3608 —
1465 3576 1484 3621 1
1517 3572 1692 3621 οὔποτέ
1722 3589 1780 3634 με
1799 3572 1945 3633 Cod.,

389 3660 486 3696 11011
509 3663 658 3696 ουποτ
695 3661 795 3707 eps.

451 3784 700 3832 DLxxxl.
731 3783 932 3831 Lemma
969 3801 980 3830 :
1009 3782 1170 3844 ὅμοιον
1189 3787 1256 3845 τῷ
1285 3782 1510 3844 προτέρῳ.

451 3926 722 3974 anxxtl.
755 3925 955 3972 Lemma
989 3943 1000 3970 :
1035 3924 1097 3977 ei:
1125 3923 1326 3983 ναυηγόν
1351 3939 1454 3971 τινα
1478 3923 1571 3973 ἀπὸ
1599 3929 1678 3981 τῆ;
1711 3924 1948 3982 Θαλάσσης

389 3997 704 4057 ἐιιὸρασθέντα
737 3997 851 4057 πρὸς
883 3997 968 4051 τήν
1001 3997 1170 4044 ἑαυτοῦ
1207 3993 1425 4058 πατρίδα.
1469 4024 1526 4034 -
1569 3997 1598 4043 3
1637 4012 1692 4043 σε
1729 3995 1948 4057 δείμασαν

387 4065 533 4125 Cod.;
560 4065 608 4114 α’
635 4064 872 4126 ἐδάμασαν
902 4065 1058 4124 Plan„
1079 4077 1204 4113 corr.
1227 4064 1518 4126 Stephanus
1542 4089 1601 4100 —
1629 4069 1657 4113 4
1683 4067 1947 4119 ἐξεκυλισσε

389 4135 532 4198 Cod.‚
556 4135 764 4186 alterum
787 4135 834 4184 in
855 4135 1102 4198 plerisque
1135 4133 1253 4183 edd.
1283 4135 1420 4184 Plan.

452 4298 752 4356 DLxxxul.
788 4298 988 4345 Lemma
1010 4315 1022 4344 ι
1047 4296 1122 4345 ἐπὶ
1141 4297 1412 4359 νεκροτοτιίᾳ
1427 4310 1440 4323 ·
1461 4299 1526 4354 εἰς
1551 4307 1752 4360 γυναῖκα
1769 4301 1947 4350 timo-a·

390 4385 498 4426 σαν,
529 4367 584 4428 ἧς
606 4367 658 4416 τὸ
681 4367 880 4429 ἔμῦρυον
899 4367 1035 4415 Θανὸν
1054 4365 1129 4415 ἐπὶ
1147 4368 1296 4430 τρισὶν
1311 4370 1500 4432 ἡμέραις
1522 4370 1568 4417 ἐν
1594 4375 1653 4433 τῇ
1685 4373 1846 4434 γαστρὶ
1863 4389 1949 4420 κα·

389 4438 599 4500 τείχετο,
620 4439 708 4492 ἕως
736 4438 794 4486 ἂν
813 4437 893 4485 καὶ
929 4438 1046 4495 αὐτή
1070 4437 1406 4496 τετελεύτηκεν.
1445 4467 1503 4480 -
1537 4443 1556 4488 1
1592 4439 1753 4490 Ἀὅάλε
1769 4441 1946 4490 Jacob-

393 4506 522 4563 εἰμες
554 4507 794 4557 edebatur
817 4507 980 4556 ἄὸαλε.
1012 4537 1071 4548 -
1109 4509 1157 4556 4.
1187 4509 1356 4570 Γαστρὶ
1378 4508 1629 4570 δυσκόὶπφ
1653 4523 1783 4559 nunc
1816 4514 1950 4560 recte

393 4576 695 4640 interpretari
727 4575 925 4626 videtur
956 4578 1004 4626 ἐν
1041 4582 1108 4640 τῷ
1147 4578 1361 4638 δυστήνῳ
1402 4581 1486 4636 τῆς
1522 4580 1718 4642 γαστρὸς
1756 4579 1949 4640 κόλπῳ,

1515 130 2025 192 ANTHOLOGIAE
2072 127 2473 195 PALATINAE
2568 160 2571 163 ⁴

2042 266 2099 314 ut
2125 278 2282 328 supra
2316 280 2393 330 ep.
2422 272 2533 325 409,
2566 275 2605 329 1,
2627 272 2677 319 et
2700 270 2811 319 alibi
2840 270 3038 334 passim.
3070 274 3255 322 Τελέθει
3282 274 3397 323 cod.
3434 278 3519 325 et
3568 273 3683 323 me

2041 334 2318 386 Planudeus
2352 338 2603 397 Brunckii3
2628 338 2867 389 editiones
2885 344 3063 402 praeter
3090 355 3239 392 unam
3262 342 3369 392 Ald.
3392 347 3671 398 τελέθοι,

2043 403 2215 468 [quod
2241 407 2468 470 exprimit
2490 408 2716 468 Grotius3
2740 412 2786 459 et
2817 413 2980 473 potest
3002 411 3183 475 ambigi
3210 415 3378 463 utrum
3396 415 3679 476 scripse-

2040 483 2159 533 serit
2182 486 2456 551 AgathiasJ.
2483 489 2539 536 In
2564 486 2729 537 verbis
2754 489 2901 549 κούφη
2919 492 3099 555 γαστὴρ
3130 491 3386 553 respicitur
3411 491 3667 543 solem·

2038 552 2115 601 nis
2148 554 2433 605 acclamatio
2475 576 2487 605 ι
2520 558 2599 607 sit
2625 557 2719 607 {ibi
2748 560 2895 608 terra
2921 558 3086 610 levis!
3108 562 3267 610 Mater
3302 562 3671 611 exstinctum

2038 620 2273 673 infantem
2300 624 2351 673 in
2373 627 2517 675 utero
2546 640 2722 689 gerens
2744 627 2851 689 ejus
2878 630 3155 691 sepulcrum
3178 630 3275 681 dici
3302 635 3515 693 poterat
3538 670 3557 691 ‚
3590 633 3673 679 ut

2039 691 2277 755 Thyestes
2297 707 2376 758 ap.
2400 695 2648 746 Sidonium
2666 698 2829 761 Apoll.
2854 712 2900 748 c.
2925 702 3005 759 lx,
3028 714 3078 763 p.
3112 705 3227 761 109,

2146 836 2315 879 Fratris
2326 837 2517 882 crimine
2534 839 2613 893 qui
2636 838 2771 883 miser
2798 841 2977 884 voracis

2146 896 2308 942 Vivum
2328 898 2589 954 pignoribus
2606 897 2692 943 11111
2711 902 2986 957 sepulcrum.

2039 1030 2431 1093 comparandum
2450 1032 2671 1097 inprimis
2697 1034 2996 1099 epitaphium
3020 1048 3273 1099 puerperae
3302 1036 3351 1085 in
3378 1034 3650 1099 Append.

2040 1112 2120 1163 ep.
2142 1104 2253 1163 384,
2288 1115 2337 1149 v.
2364 1108 2414 1164 9,
2444 1109 2519 1153 10.
2550 1124 2571 1147 n
2598 1107 2716 1154 Jac.
2754 1136 2812 1146 —
2844 1111 2873 1156 8
2907 1106 3027 1164 αὑτὴ
3052 1116 3214 1168 apogr.
3242 1110 3349 1155 l’ar.
3377 1110 3429 1155 et
3458 1107 3646 1156 Plan.

2105 1242 2400 1293 DLxxxlv.
2424 1246 2621 1295 Lemma
2658 1266 2671 1295 t
2698 1249 2763 1303 εἰς
2781 1248 2885 1296 τινὰ
2916 1248 3249 1307 ναυαγήσαντα
3270 1248 3351 1295 καὶ
3366 1248 3459 1295 ὑπὸ
3484 1265 3641 1295 ναυ-

2038 1316 2133 1359 τῶν
2149 1311 2204 1360 ἐκ
2230 1318 2312 1369 τῆς
2340 1312 2578 1369 Gothicam
2596 1318 2758 1377 νεκρὸν
2782 1317 3099 1379 ἀναληφθέντα
3117 1318 3195 1365 καὶ
3222 1316 3371 1375 τάφου
3390 1318 3645 1380 εύμοιρῆ-

2040 1397 2188 1430 σαντα
2208 1382 2386 1444 (εὐμυρ.
2413 1381 2577 1444 eod).
2599 1408 2659 1420 —
2688 1389 2729 1434 1.
2764 1388 2941 1448 Σήματι
2962 1392 3119 1449 χῶσαι
3140 1386 3285 1435 etiam
3304 1398 3383 1447 ep.
3412 1392 3527 1445 591,
3566 1392 3639 1443 3,

2039 1450 2091 1497 et
2117 1462 2194 1505 ap.
2224 1450 2393 1513 Eurip.
2426 1453 2509 1501 Or.
2540 1458 2655 1503 1585
2682 1455 2940 1516 εὸἀμαρτος
2962 1458 3097 1504 νέκυν
3120 1456 3247 1511 ὅπως
3272 1456 3425 1517 χώσω
3446 1456 3639 1518 τὰςῳ.

2041 1546 2101 1558 -
2130 1524 2159 1569 3
2183 1522 2301 1583 ῥέξει
2323 1520 2445 1570 Cod.
2472 1548 2533 1557 -—
2570 1526 2599 1571 4
2624 1524 2764 1572 τοίων
2794 1525 2893 1572 ἀντ.
2924 1524 3061 1573 Plan.
3093 1545 3118 1567 ι
3152 1525 3201 1573 Si
3230 1528 3410 1574 τούτων
3430 1538 3639 1573 verum

2042 1592 2146 1650 est,
2180 1590 2449 1655 naufragus
2475 1591 2630 1642 videri
2667 1592 2813 1644 debet
2840 1594 3047 1657 digitum
3082 1596 3333 1645 intendere
3376 1596 3423 1645 in
3454 1594 3595 1645 illud
3618 1632 3639 1653 ,

2040 1672 2138 1721 quo
2160 1660 2264 1723 ipse
2301 1664 2547 1711 mactatus
2578 1662 2764 1726 suerat,
2784 1664 3094 1714 beneficium.
3120 1686 3143 1709 »a
3169 1668 3283 1715 λος.
3314 1668 3378 1715 Et
3408 1669 3489 1715 est
3518 1678 3635 1715 ve—

2039 1728 2316 1791 tissimum
2346 1732 2505 1783 debile
2528 1735 2685 1783 τοίων.

2102 1872 2380 1921 DLxxxv.
2421 1874 2623 1923 Lemma
2651 1894 2663 1921 ι
2696 1874 2759 1929 εἰς
2799 1874 3033 1935 Μύγδωνα
3070 1872 3207 1934 (sic)
3234 1876 3337 1923 τινὰ
3362 1875 3523 1933 ἇὶιὲα,
3556 1876 3633 1923 ὃν

2040 1942 2197 2005 σὺντῇ
2218 1942 2313 2005 ἰδίᾳ
2337 1944 2413 2000 νηῒ
2441 1944 2697 1999 καύσαντες
2729 1946 2919 2007 ἔθαψαν.
2944 1944 3306 1994 conserendum
3334 1958 3413 2008 ep.
3434 1948 3531 1994 381
3562 1948 3633 1993 et

2042 2011 2165 2061 iufra
2198 2018 2307 2064 635.
2334 2020 2433 2064 ·-1
2472 2016 2581 2074 ἦλθε
2614 2014 2734 2065 Cod.
2769 2017 3074 2077 Αύτόστολοε,
3101 2029 3193 2065 sua
3225 2015 3383 2077 ipsius
3409 2016 3627 2077 cymba,

2040 2094 2138 2129 non
2170 2082 2457 2143 Charonta,
2490 2098 2625 2135 usus,
2666 2112 2729 2120 -—
2764 2094 2811 2134 0.
2857 2088 3113 2144 Συλλὴξας,
3151 2088 3209 2134 ut
3248 2084 3313 2133 de
3348 2098 3481 2134 nave
3534 2100 3627 2149 ep.

1994 2133 2000 2223 1
2041 2155 2149 2211 381,
2178 2157 2204 2199 2
2230 2172 2241 2200 ι
2267 2155 2403 2203 κοινὰ
2428 2156 2560 2215 (rum
2580 2153 2803 2208 domino)
2824 2157 3039 2218 λαχοῦσα
3055 2157 3179 2213 τέλη.
3200 2180 3263 2192 ·-
3286 2158 3309 2205 7
3331 2156 3444 2203 πέλε
3466 2154 3624 2203 Plau-

1993 2245 2000 2376 Ι
2040 2247 2101 2255 -
2123 2226 2151 2271 8
2184 2222 2360 2284 μὺγδου
2382 2224 2527 2283 Cod.,
2549 2225 2757 2274 alterum
2784 2225 2919 2273 Plan.

2104 2362 2399 2412 DLxxxvt.
2434 2364 2635 2411 Lemma
2663 2384 2673 2411 :
2706 2364 2770 2419 εἷς
2796 2381 2899 2412 τινα
2928 2364 3131 2425 ἔμπορον
3159 2366 3427 2437 φιλοκερδέα
3454 2382 3621 2413 ναυα-

1993 2455 1999 2538 Υ
2038 2432 2268 2494 γήσαντα.
2292 2460 2353 2468 -
2384 2438 2430 2482 3,
2458 2452 2480 2474 e«
2518 2435 2802 2497 Propertius
2830 2436 2921 2493 111,
2953 2433 3015 2483 el.
3038 2439 3086 2492 5,
3109 2438 3169 2483 70
3202 2455 3213 2482 z

2146 2551 2327 2595 viveret
2342 2553 2447 2595 ante
2466 2562 2571 2595 suos
2599 2550 2747 2595 dulcis
2770 2552 2963 2595 conviva
2992 2554 3202 2602 Penates,

2202 2613 2401 2668 Pauper,
2428 2617 2479 2657 at
2506 2614 2558 2657 ἰιι
2590 2617 2732 2668 terra,
2760 2614 2826 2657 nil
2852 2613 2930 2657 ubi
2962 2612 3067 2658 llere
3088 2616 3250 2669 potest.

2040 2730 2205 2778 Terrae
2246 2732 2295 2778 et
2342 2729 2655 2791 agriculturas
2700 2728 2827 2777 bona
2869 2742 2984 2777 cum
3020 2727 3339 2791 navigationis
3372 2728 3622 2791 perieulis

2039 2799 2285 2863 eleganter
2317 2801 2599 2863 comparata
2624 2799 2775 2849 habes
2814 2800 2864 2847 in
2895 2798 3089 2849 Anthol.
3136 2798 3285 2848 latina
3314 2801 3401 2857 Ill,
3438 2806 3524 2856 02,
3557 2803 3621 2848 et

2039 2881 2119 2933 ap.
2144 2870 2399 2920 Libanium
2423 2871 2519 2921 vol.
2542 2872 2628 2932 lv,
2660 2884 2707 2934 p.
2737 2876 2827 2921 592
2852 2883 2985 2933 seqq.
3023 2891 3046 2912 υ
3080 2872 3197 2920 lac.

2106 3014 2419 3062 DLxxxvll.
2456 3015 2657 3062 Lemma
2688 3033 2699 3061 :
2726 3014 2791 3068 εἰς
2822 3011 3068 3070 Πάμφιλον
3096 3010 3351 3072 φιλόσοφον
3378 3011 3429 3058 ἐν
3453 3027 3613 3058 ναυα-

2039 3086 2132 3148 γίῳ
2147 3085 2503 3142 τελευτήσαντα.
2530 3085 2591 3133 Et
2624 3083 2673 3131 111
2710 3095 2839 3130 nova
2870 3081 3041 3144 pagina
3064 3102 3075 3129 :
3102 3082 3167 3136 εἷς
3190 3082 3431 3142 Πάμφιλον
3459 3097 3617 3136 ναυη-

2038 3157 2141 3217 γὸν.
2178 3160 2233 3206 111
2260 3168 2409 3218 marg.
2438 3155 2557 3217 sigla
2583 3174 2594 3202 ι
2624 3153 2905 3214 σημείωσαι.
2932 3154 3065 3203 Inter
3086 3150 3361 3216 Pamphiles
3381 3151 3609 3214 philoso-

2038 3226 2194 3290 phum
2216 3229 2456 3275 memorat
2474 3225 2665 3274 Suidas.
2689 3251 2752 3260 —
2770 3231 2815 3274 2.
2841 3243 2863 3265 ιι
2890 3227 3053 3279 Θῶκος
3078 3225 3353 3278 Πλούτωνος
3382 3222 3464 3271 luc
3482 3223 3615 3272 nibil

2042 3297 2175 3348 aliud
2213 3300 2291 3346 est
2321 3296 2414 3344 nisi
2441 3295 2745 3357 sepulcrum,
2767 3293 2901 3356 quod
2917 3295 3072 3356 ᾍδης,
3098 3293 3235 3356 ᾍδου
3260 3294 3387 3349 οἶκος
3428 3294 3611 3342 vocari

2038 3366 2182 3416 docte
2224 3365 2421 3428 exponit
2466 3362 2747 3414 Huschkius
2790 3363 3005 3412 Analect.
3032 3363 3139 3412 crit.
3166 3377 3214 3426 p.
3256 3369 3338 3412 124
3381 3377 3523 3426 seqq.
3546 3391 3615 3400 —-

2035 3444 2083 3489 3.
2109 3443 2213 3490 Non
2249 3437 2469 3486 adversae
2498 3437 2700 3486 [οι-11111111
2724 3435 2819 3484 hoc
2848 3432 3163 3484 tribuendum
3180 3471 3195 3494 ,
3221 3433 3351 3497 quod
3375 3433 3427 3483 in
3452 3436 3612 3484 maris

2036 3508 2269 3558 fluctibus
2290 3508 2500 3571 periisti,
2534 3505 2619 3556 sed
2650 3506 2814 3570 potius
2840 3519 2947 3555 eam
2978 3504 3041 3554 ob
3066 3518 3262 3554 causam
3286 3503 3373 3553 tibi
3408 3505 3607 3565 evenit,

2042 3581 2099 3629 ut
2114 3579 2329 3628 omnium
2350 3578 2556 3626 deorum
2576 3577 2733 3640 regnis
2761 3577 2989 3640 (κλήροις,
3010 3574 3232 3639 partibus
3248 3588 3371 3636 quas
3390 3575 3609 3638 quisque

2039 3648 2245 3698 deorum
2276 3647 2327 3697 iu
2358 3645 2607 3696 sortitione
2630 3645 2841 3709 accepit)
2900 3645 2969 3694 sis
2997 3647 3299 3696 ornamento.
3322 3646 3477 3695 »λεια

2102 3789 2444 3838 DLxxxvm.
2483 3789 2683 3836 Lemma
2723 3805 2735 3834 ε
2766 3789 2829 3841 εἰς
2858 3787 3131 3848 Δαμὸχαοιν
3158 3787 3241 3834 τὸν
3278 3787 3607 3846 γραμματικὸν

2044 3859 2123 3908 τὸν
2148 3861 2287 3920 Κῷον
2302 3894 2316 3916 ,
2344 3860 2425 3907 τὸν
2444 3860 2574 3917 φίλον
2596 3860 2675 3906 καὶ
2695 3859 2903 3919 μαθητὴν
2933 3858 3166 3912 Ἀγαθίου.
3191 3859 3248 3905 111
3275 3858 3411 3906 Plan.
3436 3856 3512 3905 bis
3529 3857 3603 3907 le-

2043 3929 2190 3993 gitur.
2217 3955 2278 3966 —
2310 3933 2327 3978 1
2356 3931 2623 3978 ὑπεδύσατο
2654 3934 2794 3990 γαῖαν
2822 3929 2957 3978 Ρ11111.
2986 3927 3149 3991 priore
3178 3928 3302 3978 loco.
3328 3955 3388 3964 --
3410 3935 3435 3974 3
3459 3944 3598 3988 κρου-

2045 4007 2243 4064 ματιιιῆς
2285 3999 2557 4061 corrigebat
2594 3999 2825 4053 casaub..
2871 3999 3069 4047 frustra.
3117 3998 3259 4047 Multi
3296 3997 3601 4061 grammatici

2042 4069 2169 4120 lianc
2190 4069 2537 4134 professionem
2560 4082 2673 4118 cum
2696 4067 2831 4132 poesi
2847 4067 3139 4131 jungebant,
3162 4070 3222 4117 ut
3241 4067 3319 4118 liic
3338 4067 3604 4117 Damocba-

2042 4140 2127 4200 riS,
2148 4141 2289 4202 cujus
2314 4139 2527 4188 carmina
2549 4137 2777 4200 quaedam
2802 4140 3085 4202 supersunt.

2095 4299 2385 4348 mxxxix.
2408 4299 2606 4346 Lemma
2630 4316 2641 4344 :
2663 4299 2727 4354 εἷς
2750 4295 3031 4358 Εὗστὸργιον
3050 4297 3130 4346 τὸν
3147 4296 3403 4360 Ἀντιοχέα,
3440 4297 3593 4359 νόμοις

2039 4369 2320 4428 Ῥωμαϊκοῖς
2361 4369 2688 4430 διαπρέποντα.
2732 4395 2794 4402 -
2834 4372 2853 4416 1
2891 4368 2963 4416 sic
2991 4367 3443 4428 Ρ11111.;σίπαγγείὶει
3470 4368 3597 4418 >aaa

2044 4439 2375 4502 (superposito
2404 4456 2458 4488 εσ
2497 4437 2684 4487 ultimae
2707 4437 2940 4500 syllabae)
2974 4436 3094 4486 Cod.
3120 4463 3181 4475 —-
3214 4443 3267 4488 2.
3308 4438 3599 4494 Κασταὶίης,

2046 4531 2069 4552 «ι
2102 4523 2199 4558 11011
2217 4509 2323 4571 ejus
2354 4507 2505 4558 sontis
2532 4509 2615 4570 qui
2642 4507 2772 4570 apud
2795 4507 3096 4570 antiquiores
3118 4509 3289 4571 poetas
3320 4507 3591 4558 celebraba-

2042 4583 2143 4641 tur,
2182 4579 2271 4628 sed
2302 4579 2429 4628 alius
2450 4591 2599 4641 prope
2633 4577 2966 4632 Antiochiam.
2984 4577 3149 4641 quiex
3170 4580 3337 4628 monte
3366 4581 3596 4628 Parnasso

393 4645 506 4694 olim
535 4648 773 4696 annotans
807 4667 818 4695 ι
857 4666 880 4689 «
923 4647 1183 4710 Epitheton
1217 4648 1444 4698 vitiosam
1491 4648 1617 4698 uteri
1654 4653 1951 4700 structuram
2045 4651 2356 4720 erumpebat3
2394 4649 2526 4712 quod
2564 4649 2733 4699 docuit
2778 4648 3103 4698 casaubonus
3144 4648 3208 4698 ad
3250 4649 3451 4711 Scriptt.
3490 4649 3596 4699 laist.

395 4715 656 4780 significat.
698 4736 722 4758 ι»
760 4747 819 4758 -
850 4725 876 4768 5
919 4719 1042 4775 ἐξότε
1076 4718 1196 4768 cod.
1228 4722 1279 4769 et
1313 4719 1528 4782 optimus
1563 4721 1836 4771 l‘lanudeus
1868 4733 1948 4785 ap.

395 4787 626 4846 Brunck.·,
665 4787 825 4844 ἑΕὸτου
855 4789 1107 4852 pleraeque
1137 4790 1267 4838 Plan·
1295 4815 1356 4825 -
1391 4799 1436 4840 n.
1468 4790 1716 4854 Ἀπρηκτοι
1745 4791 1949 4852 ἐλπίδες,

395 4860 454 4907 ut
485 4858 574 4907 xl!
591 4896 604 4914 ,
642 4869 721 4920 ep.
765 4863 871 4918 145,
905 4865 950 4920 2,
985 4872 1096 4922 quae
1133 4858 1246 4907 alibi
1285 4863 1401 4909 sunt
1434 4859 1677 4918 ἀνήνυτοι,
1715 4861 1862 4908 κεναί.
1890 4886 1951 4895 -

2047 4727 2171 4784 Aug.
2200 4724 2236 4770 t.
2262 4723 2302 4780 Ι,
2332 4733 2380 4782 p.
2416 4726 2465 4784 21
2497 4723 2678 4769 (11324.
2711 4740 2733 4762 n
2765 4723 2883 4767 Jac.
2908 4749 2970 4760 —
2999 4724 3045 4769 8.
3076 4718 3371 4767 Letronnius
3400 4719 3598 4778 ‚Leltres

2054 4791 2180 4840 d’un
2218 4794 2529 4854 antiquaire
2556 4791 2591 4838 ὰ
2619 4803 2694 4839 un
2728 4792 2929 4850 arusie,
2964 4802 3014 4851 p.
3056 4795 3138 4839 251
3173 4808 3186 4837 :
3216 4807 3241 4830 c«
3278 4789 3492 4851 L’usaye
3521 4803 3595 4838 or-

2056 4861 2265 4911 dinaire
2290 4863 2421 4911 elai!
2450 4861 2512 4911 dc
2536 4861 2751 4922 sculptor
2782 4873 2877 4909 sur
2912 4861 2961 4909 le
2994 4862 3306 4909 momtment
3342 4860 3412 4910 les
3440 4873 3600 4910 armes

397 4933 423 4981 7
448 4930 546 4980 ἀντὶ
567 4930 616 4978 δὲ
641 4929 794 4988 κονίης
815 4929 958 4990 Cod„
983 4951 1004 4970 «
1033 4929 1119 4980 sed
1143 4931 1190 4978 δὲ
1215 4933 1398 4981 temere
1417 4943 1444 4978 a
1469 4930 1662 4979 librario
1684 4931 1919 4981 insertum
1936 4969 1949 4994 ,
1992 4917 2002 5002 1
2054 4931 2127 4982 du
2150 4931 2340 4994 defunc
2356 4969 2368 4990 ,
2402 4931 2474 4980 les
2500 4930 2768 4981 ttslense‘les
2790 4930 2857 4980 de
2878 4943 2938 4979 sa
2962 4930 3285 4994 profession,
3309 4928 3357 4978 le
3384 4931 3518 4991 sajet
3544 4929 3601 4978 de
