3829 5747
861 366 1247 458 ssREvls
1311 326 1932 457 ANNoT'ATlo
1998 365 2110 453 IN
2172 364 2520 461 CAPUT
2588 369 2699 457 11.

256 822 622 881 christodorus,
641 819 835 871 Panisci
876 818 1007 869 filius
1020 856 1032 879 ,
1054 820 1148 868 sub
1172 818 1425 869 Anastasio
1452 818 1739 881 imperatore

214 899 326 949 vixit.
354 893 519 945 schol.
546 891 611 941 ad
636 904 685 940 V.
723 894 811 940 402
852 910 881 938 :.
908 891 937 938 ὁ
965 889 1227 950 θαυμαστὸς
1263 888 1395 945 οὗτος
1422 888 1739 951 Χριστόδωρος

206 970 269 1019 iai
286 963 585 1017 Ἁναστασίου
608 962 665 1021 ἡν
699 961 927 1018 βασιλέως
963 964 1045 1008 τοῦ
1080 960 1399 1021 διαδεξαμένου
1423 960 1503 1007 τὸν
1532 959 1736 1017 Ζήνωνα·

206 1043 247 1089 et
270 1036 420 1087 schol.
440 1032 507 1083 ad
524 1034 647 1092 Vll,
677 1043 754 1095 ep.
786 1034 897 1081 698.
927 1028 1175 1079 oriundus
1208 1030 1313 1079 erat
1336 1041 1393 1077 ex
1418 1027 1540 1079 urbe
1564 1030 1737 1090 Copto.

206 1113 308 1167 Qnae
332 1117 491 1169 quum
518 1101 582 1152 ad
614 1112 815 1150 nomum
841 1098 1139 1151 Thebaicum
1164 1098 1449 1161 pertineret,
1477 1096 1641 1147 dictus
1666 1099 1741 1147 est

206 1180 331 1239 poeta
354 1174 561 1233 θηὸαΐος
586 1171 837 1227 Κοπτιτης.
859 1171 917 1221 In
940 1168 1167 1217 lemmate
1191 1166 1295 1219 ood-
1331 1166 1535 1216 Planud.
1564 1166 1740 1228 γυμνά-

211 1266 295 1297 σιον
322 1248 379 1295 τὸ
418 1241 782 1302 ἐπικαλούμενον
818 1240 873 1287 τὸ
914 1238 1245 1292 Ζευξίππουαι
1284 1235 1429 1294 Quod
1453 1235 1741 1299 plerumque

206 1318 375 1379 λονιρον
393 1312 551 1362 audit.
574 1312 740 1367 Quum
765 1312 1085 1359 memorasset
1114 1310 1192 1357 τὸν
1214 1309 1466 1365 Ζεύξιππον
1481 1308 1741 1371 Gregorius

206 1390 298 1435 Naz.
338 1385 476 1433 Orat.
507 1388 587 1439 25,
620 1392 667 1443 p.
702 1384 813 1439 436,
855 1381 1056 1429 annotat
1084 1378 1293 1429 Basilius
1316 1377 1514 1428 scholiis
1548 1377 1742 1427 ineditis

206 1454 332 1505 haee·
350 1456 382 1513 ἢ
402 1454 488 1500 τὸν
518 1450 615 1499 ἐν’
587 1468 628 1510 ῳ
651 1450 756 1505 τοὺς
782 1450 953 1503 ῖππονς
980 1450 1247 1508 ζευγνύουσι
1284 1448 1429 1497 τόπον
1464 1448 1707 1497 αἰνίττεται
1722 1482 1737 1509 ,

204 1527 333 1587 ἤγουν
376 1524 433 1571 τὸ
476 1519 803 1582 ἱπποδρόμιον,
837 1522 869 1578 ἦ
902 1522 959 1568 τὸ
995 1520 1322 1583 θρυλλούμενον
1357 1524 1441 1567 τοῦ
1486 1518 1742 1575 Ζευξίππου

205 1594 385 1655 λοετρόν,
402 1590 461 1639 τὸ
484 1594 563 1646 τῆς
582 1588 879 1650 περιωνύμου
898 1590 1083 1646 Χαλκῆς
1102 1588 1337 1649 ἐγγυτάτω
1350 1621 1367 1648 ,
1380 1588 1525 1637 πάλαι
1552 1588 1635 1649 μὲν
1656 1590 1737 1637 καὶ

209 1662 363 1721 μεγέθει
404 1659 491 1707 καὶ
541 1657 701 1705 κάλλει
759 1659 944 1705 πολλῶν
990 1658 1257 1719 ὑπερφέρον,
1317 1660 1397 1705 νῦν
1441 1658 1490 1705 δὲ
1543 1657 1735 1719 ὀνόματι

207 1730 325 1791 uim
368 1728 722 1793 γνωριζόμενον.
758 1728 947 1777 Multus
996 1730 1072 1777 ost
1112 1726 1175 1777 de
1226 1727 1310 1777 illo
1352 1727 1739 1791 splendidissimo

208 1799 395 1849 aedificio
405 1802 628 1860 Dueang.
657 1798 753 1846 GP.
774 1796 889 1847 Chr.
912 1798 955 1857 I,
972 1810 1021 1859 p.
1044 1803 1120 1847 88.
1144 1817 1167 1839 »»
1190 1798 1249 1846 Β.
1267 1798 1499 1861 zeuxippi
1518 1811 1549 1847 a
1564 1801 1742 1847 Severo

210 1870 367 1919 conditi
404 1866 815 1933 magnificentiam
860 1866 1031 1917 laudat
1072 1866 1321 1917 cedrenus
1334 1905 1347 1928 ,
1392 1880 1518 1917 anno
1570 1868 1743 1930 quinto

206 1940 479 1999 iustiniani,
498 1951 603 2000 quo
636 1950 790 1998 anno,
825 1937 1059 1987 seditione
1096 1940 1230 1997 orta,
1270 1937 1378 2001 igne
1422 1942 1743 2003 consumptus

207 2012 273 2059 est
295 2028 309 2057 ι
334 2011 441 2058 τότε
466 2005 721 2067 ἐνεπρήσθη
744 2008 800 2056 τὸ
821 2007 1065 2068 λεγόμενον
1098 2008 1343 2063 Ζεύξιππος
1362 2044 1377 2069 ,
1396 2008 1443 2056 ἐν
1481 2008 1523 2070 ᾧ
1554 2010 1741 2067 ποικίλη

204 2094 261 2135 τις
292 2078 345 2138 ἦν
380 2078 552 2141 θεωρία
584 2079 665 2126 καὶ
698 2077 961 2138 λαμπρότης
982 2082 1174 2139 τεχνῶν,
1194 2080 1288 2125 τῶν
1308 2094 1359 2125 τε
1383 2078 1632 2141 μαρμαίρων
1662 2081 1743 2127 καὶ

204 2148 325 2197 λίθων
346 2150 426 2197 καὶ
454 2149 667 2211 ψηφίδων
688 2148 767 2195 καὶ
789 2146 979 2195 εἰκόνων
1001 2148 1078 2195 διὰ
1095 2148 1274 2209 χαλκοῦ
1290 2149 1629 2209 πεποιημένων,
1649 2154 1743 2197 τῶν

206 2218 277 2267 ἀπ’
295 2222 460 2274 αἰῶνος
483 2219 660 2281 ἀνδρῶν
686 2218 823 2280 ἔργα,
844 2218 984 2278 μόνον
1002 2218 1056 2267 τὸ
1086 2218 1150 2277 μὴ
1176 2222 1381 2279 παρεῖναι
1404 2218 1561 2273 αὐταῖς
1589 2220 1743 2281 ψυχὰς

202 2294 284 2338 τῶν
324 2292 389 2345 είς
422 2288 501 2343 οὓς
540 2288 765 2348 ἐγένοντο.
810 2285 993 2335 Deinde
1038 2286 1229 2336 addit.
1218 2306 1227 2313 ·
1257 2289 1421 2346 στῆλαι
1457 2288 1506 2337 δὲ
1542 2288 1662 2348 ἦσαν
1691 2289 1745 2336 ἐκ

204 2361 365 2419 χαλκοῦ
404 2358 713 2441 πεποιημέναι
751 2360 845 2405 τῶν
858 2362 1047 2442 ‘captim
1072 2358 1306 2417 ἁπάντων,
1333 2363 1427 2406 τῶν
1454 2359 1643 2421 ὑψηλῶν
1664 2360 1743 2407 καὶ

206 2429 489 2485 ποιητῶνκαὶ
507 2426 731 2491 ῥητόρων,
752 2426 878 2474 zai*
854 2442 957 2475 οσοι
976 2428 1033 2475 ἐπ
1034 2426 1113 2475 ’xa
1116 2427 1246 2488 ὀρείᾳ
1268 2429 1367 2486 ἐγέν
1344 2444 1473 2476 νοντο
1491 2430 1743 2485 διαὸἁητοι.

208 2500 257 2546 ιιι
281 2496 489 2547 carmine
516 2498 685 2546 autem
716 2494 1015 2546 Chi-istodori
1042 2497 1278 2558 (Heynius
1302 2497 1478 2560 inquit)
1509 2511 1606 2546 nou
1644 2500 1747 2547 tam

204 2569 310 2618 artis
342 2567 616 2617 notationes
650 2565 1010 2629 deprehendas,
1038 2580 1189 2629 quam
1218 2568 1382 2629 potius
1406 2566 1748 2619 versificatoris

206 2638 409 2688 studium
442 2636 647 2693 ornandi
677 2637 869 2701 singula
907 2637 1099 2699 poetica
1122 2636 1337 2687 licentia·
1326 2677 1339 2699 ,
1372 2638 1491 2689 ordo
1522 2638 1749 2687 narrandi

206 2710 311 2759 nihil
330 2709 479 2759 habet
495 2712 643 2759 eertae
660 2708 879 2767 rationis;
897 2710 1059 2771 potest
1068 2710 1235 2771 itaque
1251 2708 1406 2757 videri
1429 2708 1749 2759 adumbratus

204 2792 259 2829 ex
274 2780 377 2843 ipso
398 2782 670 2830 statuarum
687 2778 855 2833 ordine
872 2779 920 2827 in
936 2779 1196 2842 Zeuxippo.
1218 2781 1332 2828 Jac.

264 2856 420 2901 1—12.
451 2848 705 2914 Deiphobi
730 2852 921 2910 statua,
949 2850 1002 2898 in
1026 2850 1132 2914 ipso
1169 2850 1373 2900 introitu
1388 2889 1402 2912 ,
1443 2852 1501 2902 ut
1534 2849 1745 2912 videtur,

206 2923 419 2985 Zeuxippi
434 2921 606 2985 posita.
632 2919 752 2970 eod.
783 2921 833 2969 in
858 2933 1008 2984 marg.
1036 2939 1050 2968 τ
1080 2921 1145 2976 εἰς
1178 2921 1232 2969 τὸ
1270 2921 1458 2982 ἄγαλμα
1494 2922 1742 2984 Δηῐφόὃου.

208 2993 323 3040 Tum
345 3011 359 3040 ι
376 2992 504 3048 οὗτος
529 2993 557 3041 ὁ
582 2991 812 3054 Δηΐῆοὸος
837 2990 935 3045 υίὸς
958 2991 1199 3053 Πριάμου,
1219 2991 1405 3052 ἀδελρὸς
1426 2992 1644 3054 Ἕκτορος
1667 2993 1746 3040 καὶ

208 3061 574 3124 Ἀλιξάνῷου.-
596 3065 637 3109 1.
663 3081 687 3102 ιι
716 3062 868 3121 Βωμῷ
886 3057 1073 3108 dictum
1091 3063 1168 3109 est
1184 3073 1272 3123 pro
1300 3061 1453 3123 βάσει.
1478 3064 1619 3111 Ηοιιι.
1650 3060 1741 3110 Οᾱ.

209 3133 253 3190 7,
286 3137 401 3181 10οι
428 3133 663 3191 ἐϋδμήτων
681 3131 756 3178 ἐπὶ
776 3131 950 3192 βωμῶν
974 3131 1241 3178 Ἥστασαν·
1253 3130 1522 3192 861101Ἷὲπὶ
1541 3132 1743 3196 βάσεων.

210 3205 325 3249 -4,
347 3202 493 3262 capta
508 3201 679 3262 Troia,
695 3197 933 3261 Deiphobi
949 3198 1150 3248 domum
1164 3199 1387 3261 myssem
1404 3213 1462 3250 ac
1474 3201 1745 3250 Menelaum

210 3281 385 3318 summa
406 3269 453 3317 ri
478 3269 833 3338 oppuguavisse
848 3267 1156 3318 Demodocus
1180 3269 1309 3318 canit
1327 3269 1501 3332 Odifflss
1524 3277 1570 3332 8,
1592 3275 1731 3320 517.»

212 3342 393 3394 Β..-5
408 3341 623 3390 variavit
648 3339 1147 3389 Ιιοιιιιιιίοιιιιιεῦκατὰ
1170 3340 1364 3401 κόσμον.
1376 3367 1439 3376 -
1457 3347 1505 3391 6.
1522 3342 1742 3405 Δὸχμιος,

214 3412 266 3457 ιιι
298 3413 497 3472 Amycus
532 3423 609 3472 ap.
644 3410 849 3461 Theocr.
886 3416 962 3468 22,
1004 3414 1144 3459 12οι
1182 3410 1351 3473 δοχμὸς
1392 3411 1485 3458 ἀπὸ
1520 3412 1744 3473 προὸοὶῆς

212 3481 403 3535 xit-sotir.
422 3483 487 3527 Ex
509 3479 685 3528 eodem
720 3483 867 3542 poeta
907 3480 1115 3529 fortasse
1148 3479 1401 3542 sequentia
1438 3479 1740 3531 adumbrata.

210 3550 317 3598 lae.
345 3569 367 3592 ιι
392 3553 493 3599 Non
516 3552 651 3599 recte
683 3549 883 3600 Grotius
918 3569 929 3598 ε
970 3549 1183 3614 dorsum
1209 3553 1341 3600 citus
1377 3553 1525 3614 eriqit
1562 3551 1741 3602 ardor.

214 3618 313 3666 lmo
336 3618 635 3669 incurvatum
656 3619 859 3668 dorsum
884 3619 1025 3682 quasi
1055 3619 1396 3680 contrahebat,
1414 3621 1548 3683 quod
1564 3622 1745 3684 saepius

214 3685 383 3737 fatiunt
417 3688 500 3751 qui
537 3691 670 3738 stant
702 3689 755 3737 in
796 3689 1076 3751 procinctu,
1105 3701 1195 3738 nec
1232 3689 1311 3738 vel
1345 3691 1653 3753 progrediens
1691 3705 1745 3742 se

212 3755 429 3818 erigant.
444 3759 543 3807 »B.
548 3760 703 3820 Μανὶῃ
726 3757 910 3807 dictum
923 3759 981 3808 ut
1007 3763 1226 3819 μανικῶς.
1246 3759 1403 3807 --11Ζ
1383 3759 1594 3808 ςλάσσειν
1607 3761 1739 3811 Plan.

275 3830 417 3877 134⁶.
442 3826 718 3879 AEsehines.
748 3829 990 3876 Lemma.
1020 3828 1083 3882 εἰς
1109 3829 1163 3876 τὸ
1196 3827 1381 3890 ἄγαλμα
1406 3828 1629 3892 Αἰσχίνου
1661 3837 1743 3882 τοῦ

212 3895 475 3958 ῥήτορος.
416 3903 549 3948 -13
567 3898 609 3946 δ’
626 3910 684 3946 ex
700 3896 835 3946 Plan.
858 3899 1136 3959 sumptum,
1157 3896 1243 3958 qui
1258 3897 1419 3957 ἄνθεα,
1438 3901 1495 3946 ιιι
1513 3899 1613 3947 Pal.
1623 3895 1755 3959 cod„

216 3965 299 4014 sed
320 3963 395 4014 hic
426 3967 749 4031 superscripto
768 3985 817 4027 μ.
850 3967 1083 4028 «Ἄνθιμα
1102 3979 1215 4015 cum
1245 3965 1471 4016 Jacobsio
1501 3967 1665 4030 (quem
1690 3983 1739 4018 v.

214 4047 262 4095 p.
287 4037 377 4095 24)
400 4050 484 4098 pro
509 4037 718 4098 ἀνάθεμα
746 4035 933 4096 habeo,
962 4038 1019 4085 ut
1044 4036 1151 4098 ipsa
1175 4035 1335 4084 Suada
1352 4037 1591 4085 oratorem
1615 4037 1747 4088 dedi-

214 4107 396 4155 caverit.
410 4108 485 4156 Sic
517 4121 567 4157 ν.
588 4113 681 4157 316
694 4106 811 4157 dicit
824 4110 969 4170 poeta
980 4120 1079 4155 non
1105 4105 1368 4168 artificem,
1388 4105 1477 4156 sed
1492 4105 1649 4170 ipsam
1660 4111 1748 4160 Mi-

218 4188 399 4225 nervam
414 4175 601 4227 finxisse
626 4177 823 4227 Homeri
848 4179 1076 4227 statuam.
1101 4197 1125 4219 »»
1150 4179 1209 4225 Β.

282 4249 417 4295 17·22.
444 4249 751 4298 Aristoteles.
780 4249 979 4297 Lemma
1006 4267 1018 4295 ι
1040 4249 1104 4303 εἰς
1131 4248 1185 4296 τὸ
1210 4247 1395 4308 ἄγαλμα
1412 4247 1745 4310 Ἀριστοτέλους

220 4317 301 4360 τοῦ
332 4315 577 4378 φιλοσόφου.
612 4335 639 4359 α
671 4317 941 4366 Aristotelis
978 4317 1155 4366 stamae
1180 4315 1551 4378 descriptionem
1576 4319 1746 4380 gallice

222 4383 414 4434 vetitet
436 4386 689 4436 illustravit
714 4386 933 4438 visconti
946 4390 1161 4450 Iconogr.
1183 4400 1251 4450 gr.
1269 4389 1305 4435 t.
1328 4389 1367 4446 1,
1388 4399 1430 4434 c.
1452 4391 1499 4448 4,
1519 4401 1567 4450 p.
1592 4396 1691 4440 188.
1718 4411 1741 4434 υ

224 4453 282 4499 Β.
298 4460 428 4504 -21.
446 4457 581 4506 Cous.
603 4457 847 4508 Wernick.
878 4456 942 4506 ad
966 4454 1210 4520 Triphiod.
1243 4461 1349 4507 667.

282 4527 423 4574 ἘΗΜ.
438 4522 811 4577 Demosthenes.
830 4529 1025 4576 Iaemma
1043 4546 1055 4574 τ
1075 4527 1137 4581 εἰς
1152 4527 1205 4574 τὸ
1222 4527 1408 4588 ἄγαλμα
1426 4530 1743 4588 Δημοσθένους

226 4595 305 4638 τοῦ
325 4591 501 4654 μεγάλου
536 4597 725 4662 ῥήτορος
759 4603 845 4646 τοῦ
880 4597 1153 4651 Παιανιέως.
1183 4597 1256 4644 De
1291 4595 1574 4658 metaphora
1608 4599 1744 4649 vocis

226 4660 373 4718 οῶκιξ
402 4663 507 4715 vide
540 4666 693 4716 citata
716 4679 747 4716 a
770 4666 930 4716 Boiss.
954 4663 1019 4714 ad
1048 4665 1258 4715 Psellum
1285 4679 1331 4728 p.
1363 4671 1468 4716 284.
1488 4675 1639 4718 -26,
1656 4671 1743 4718 Βο-

226 4729 351 4782 thius
378 4735 573 4787 malebat
604 4737 663 4794 δὴ
696 4737 924 4800 ἐφαίνετο.
937 4742 1090 4786 -28,
1122 4735 1395 4800 stephanus
1431 4739 1582 4800 Byz.:
1603 4739 1744 4802 ι--Ημοι

231 4801 355 4862 Οἷα,-
407 4809 472 4867 uh
486 4812 568 4858 νῦν
584 4811 866 4860 Μακεδονία.
884 4837 945 4845 -
940 4814 1034 4862 29.
1055 4807 1199 4872 Apud
1212 4810 1477 4858 Homerum
1494 4811 1740 4860 Menelaus

225 4838 496 4938 ωἷοσιόῦην
520 4879 725 4944 ἀγόρευε·

292 4944 420 4997 32-35.
454 4948 741 5012 Euripides.
786 4951 1030 5000 Lemma:
1054 4951 1116 5007 εἰς
1142 4947 1329 5012 ἄγαλμα
1368 4949 1614 5014 Εὐριπίδου
1654 4955 1737 5002 τοῦ

1826 822 2066 881 τραγικοῦ.
2084 845 2148 855 -
2161 822 2239 869 32.
2261 824 2480 885 Δοκεῦω,
2502 836 2552 873 v.
2587 824 2820 875 Thesaur.
2849 848 2910 860 --
2935 826 3012 874 34.
3046 825 3376 889 Διανευμενος,

1825 886 1962 949 quod
1989 888 2116 937 solet
2142 888 2239 937 dici
2255 890 2610 955 διερχόμενοφα
2585 894 2973 957 «Respiciuutur
2995 895 3116 945 casti
3131 892 3376 958 Euripidis

1826 970 2012 1021 mores,
2039 972 2165 1020 quos
2200 959 2249 1007 in
2277 962 2524 1025 tragoediis
2561 963 2666 1013 suis
2690 963 3008 1027 adumbrans,
3036 974 3232 1015 scenam
3266 976 3376 1013 san·

1828 1026 2070 1077 etimoniae
2090 1030 2142 1077 et
2162 1029 2408 1091 pudicitiae
2433 1032 2736 1095 disciplinam
2753 1032 3020 1087 reddidit.
3039 1038 3152 1085 Jac.

1890 1102 1970 1157 36,
1989 1102 2067 1147 37.
2095 1098 2447 1162 Ραῑωρῆατιω.
2482 1103 2724 1152 Lemma.
2753 1105 2814 1158 εἰς
2845 1104 3030 1167 ἄγαλμα
3057 1104 3376 1165 unimodi-ou

1831 1170 1956 1217 «De
1975 1169 2252 1233 Palaephato
2277 1173 2390 1220 vate
2409 1170 2520 1221 vide
2543 1172 2801 1223 editionem
2827 1173 3090 1237 Palaephati
3118 1174 3376 1225 Fischer-ia-

1826 1250 1938 1286 nam
1963 1252 2011 1301 p.
2034 1241 2160 1299 LVI,
2180 1242 2350 1290 Lxul.
2373 1242 2604 1291 Ceterum
2629 1242 2704 1291 vix
2733 1246 2854 1305 puto
2877 1243 3188 1307 ignorabilem
3210 1246 3381 1294 vatem
3413 1262 3416 1264 “

1830 1306 1981 1357 fuisse
2009 1308 2072 1359 ab
2104 1309 2269 1372 aliquo
2301 1310 2543 1373 sculptore
2571 1315 2732 1362 statua
2764 1316 3004 1363 ornatum.
3033 1312 3378 1365 christodorus

1827 1378 1956 1426 vatis
1990 1380 2168 1429 statuoe
2193 1382 2281 1429 aut
2306 1382 2466 1444 poetae
2500 1381 2738 1445 alicujus,
2757 1383 2896 1432 lauro
2931 1384 3146 1434 coronati
3169 1385 3222 1433 et
3255 1396 3382 1433 ano*

1827 1446 1959 1508 nymi
1972 1486 1985 1508 ,
2025 1448 2290 1512 Palaephati
2325 1462 2504 1500 nomen
2542 1453 2818 1515 conjectura
2866 1454 3126 1504 vanissima
3169 1452 3374 1505 dederit.

1828 1516 2063 1579 Ἔπρεπι,
2079 1520 2388 1583 conspicuus
2407 1523 2707 1582 erat,etiam
2723 1536 2772 1573 ν.
2789 1529 2866 1585 88,
2891 1530 2995 1584 121,
3015 1532 3124 1586 265,
3138 1529 3246 1578 382.
3265 1543 3290 1567 ι»
3311 1524 3372 1571 Β.

1816 1591 1958 1649 ,—37
1986 1590 2260 1652 στεφόμενος
2277 1590 2433 1650 Plan„
2418 1607 2431 1620 ·
2457 1593 2734 1655 στεψὸμενος
2751 1606 2913 1657 apogr.
2931 1594 3115 1645 Fabri‘c.
3132 1592 3252 1643 sibl.
3272 1594 3310 1643 t.
3333 1593 3383 1654 1,

1890 1731 2052 1777 3.8-40
2081 1728 2350 1778 Hesiodus.
2376 1731 2613 1779 Lemma·
2641 1732 2704 1787 εἰς
2741 1731 2929 1795 ἄγαλμα
2948 1733 3185 1783 Ἡσιόδου.
3215 1730 3389 1781 Hesio--

1828 1794 1950 1845 dum
1987 1795 2082 1845 sub
2119 1797 2348 1847 Helicone
2385 1812 2534 1861 agnos
2569 1804 2847 1862 pascentem
2879 1802 3194 1865 alloquuntur
3221 1804 3378 1851 Musoe

1829 1865 1877 1913 in
1903 1863 2086 1929 Theog.
2113 1872 2190 1916 23.
2205 1867 2401 1918 -398’
2423 1870 2622 1925 ἐὸιάζετο
2642 1870 2832 1919 Plan.«
2865 1873 2916 1920 et
2943 1884 3103 1935 apogr.
3125 1874 3232 1921 Par.
3253 1870 3386 1921 Vide

1830 1937 1889 1983 W
1893 1934 2070 1984 emick.
2105 1934 2169 1984 ad
2205 1935 2466 1999 Tryphiod.
2495 1941 2603 1988 448.
2631 1938 2736 1988 Alia
2759 1941 2835 1988 est
2865 1940 2988 1990 ratio
3014 1953 3062 1989 ν.
3097 1946 3200 2000 122,
3231 1938 3315 1989 ubi
3339 1936 3382 1989 ὁ·

1830 2004 2031 2061 &rateto
2049 2018 2146 2053 non
2161 2005 2514 2056 mutandum.»
2537 2009 2598 2057 B.

1887 2077 2042 2124 4144.
2067 2073 2329 2137 Polyidus.
2343 2079 2544 2126 Lemma
2563 2096 2576 2126 ι
2593 2078 2656 2133 εις
2674 2076 2859 2139 ἄγαλμα
2883 2078 3153 2128 Πολυείδου.
3176 2096 3200 2121 α
3228 2078 3380 2127 Vates

1829 2143 2062 2205 Polyidus
2087 2144 2136 2192 in
2163 2143 2340 2195 sabulis
2369 2146 2670 2207 celebratus,
2696 2146 2796 2209 iam
2827 2160 2903 2210 ap.
2937 2150 3081 2199 Hom.
3106 2147 3163 2198 ll.
3183 2150 3248 2209 E,
3273 2152 3378 2207 148,

1832 2212 1913 2262 uhi
1940 2227 1988 2261 v.
2021 2215 2174 2275 Heyn.
2209 2217 2259 2264 et
2296 2215 2360 2263 ad
2394 2211 2666 2279 Apollodor.
2704 2230 2752 2279 p.
2787 2220 2876 2267 544
2913 2230 3070 2280 seqq.,
3101 2215 3296 2266 Boeckh.
3317 2216 3381 2267 ad

1830 2280 1969 2331 Pind.
1999 2284 2184 2346 Explic.
2214 2297 2262 2347 p.
2293 2289 2400 2343 218.
2431 2285 2572 2336 conf.
2601 2285 2728 2335 infra
2756 2290 2860 2337 264.
2894 2306 2918 2331 ι»
2952 2288 3012 2335 Β.
3039 2291 3179 2338 -42
3207 2287 3382 2345 τινάξαι

1832 2351 1964 2400 Plan.
1973 2370 1985 2382 ·
1974 2352 2180 2411 ,τινάξας
2208 2354 2308 2404 Pal.

1894 2424 2665 2476 44-49.Simonides.1.emma·
2701 2430 2765 2483 εἰς
2799 2428 2985 2489 ἄγαλμα
3019 2428 3292 2487 Σιμωνίδου.
3318 2453 3382 2465 -

1832 2494 1893 2541 46
1912 2491 1968 2540 οὐ
1994 2492 2221 2556 χερσίν.«
2243 2494 2446 2558 Digitis
2431 2509 2481 2543 ιιι
2497 2495 2650 2557 lyram
2664 2496 2860 2547 intentis
2887 2496 3029 2549 fictus
3044 2511 3154 2547 esse
3169 2497 3382 2559 videtur,

1836 2560 1938 2609 fere
1964 2564 2020 2610 ut
2043 2561 2300 2647 Amphion
2340 2576 2418 2627 ap.
2450 2558 2674 2614 Philostr.
2701 2564 2807 2626 jun.
2844 2568 2976 2617 leon.
3014 2568 3071 2629 x,
3102 2578 3152 2629 p.
3177 2570 3316 2617 778.
3349 2568 3382 2624 ἡ

1834 2632 1967 2692 ἑτέρα
1987 2632 2086 2694 χεὶρ
2101 2632 2239 2681 τείνει
2255 2634 2338 2683 τὸν
2358 2638 2464 2684 νοῦν
2483 2636 2545 2689 εἰς
2567 2636 2650 2693 τὴν
2667 2636 2924 2693 πηκτίδα.»
2925 2638 3070 2685 »..1αο
3095 2661 3160 2671 -
3181 2638 3243 2687 48
3272 2648 3374 2702 seq.

1836 2700 2023 2758 ἀναιδὴς
2045 2702 2342 2764 αὗδόμενος..
2368 2704 2574 2767 ,ἀνήχεε
2599 2703 2777 2763 CodeX,
2796 2707 2871 2753 ter
2887 2705 3022 2768 lapso
3046 2704 3265 2767 libratim
3293 2718 3382 2768 po-

1834 2773 2074 2820 stremum
2098 2774 2244 2822 etiam
2267 2774 2422 2833 Plan„
2441 2788 2472 2823 a
2489 2774 2727 2824 Bruucluo
2752 2778 3038 2825 correctum.

1897 2846 1976 2902 50,
2005 2846 2081 2892 51.
2111 2845 2457 2895 Anaximenes
2488 2843 2730 2908 physicus.
2752 2847 2952 2894 Lemma
2972 2864 2985 2896 ι
3004 2846 3068 2903 εἰς
3098 2844 3286 2908 ἄγαλμα
3305 2844 3376 2898 Ἀ-

1832 2911 2108 2971 ναξιμὲνους.

1896 2987 2052 3037 52-55.
2071 2982 2307 3034 Calchas.
2322 2986 2522 3034 Lemma
2537 3005 2548 3035 ε
2563 2985 2626 3042 εἰς
2644 2985 2830 3048 ἄγαλμα
2847 2986 3252 3048 Κάλχαντος.-52
3271 2984 3312 3033 δ’
3325 2999 3381 3035 cx

1835 3051 1970 3100 Plan.
2001 3055 2164 3113 Θιστ.,
2196 3055 2338 3104 Hom.
2369 3055 2426 3104 ll.
2457 3061 2514 3114 Α,
2536 3059 2758 3106 ose—54.
2776 3074 2799 3098 «ι
2823 3057 3093 3117 Οικτιίρων,
3110 3053 3384 3118 praevidens

1832 3121 2012 3184 quippe
2045 3123 2346 3174 simultatem-
2372 3138 2542 3189 regum
2567 3128 2616 3176 et
2639 3127 2768 3175 mala
2790 3126 2904 3176 inde
2929 3125 3226 3178 imminentia
3255 3138 3385 3176 exer-

1834 3194 1952 3244 citui
1982 3197 2168 3245 Graeco.
2209 3194 2556 3245 Christodorus
2597 3196 2644 3245 ei
2687 3196 2863 3245 silentii
2905 3209 3069 3245 causae
3084 3233 3097 3256 ,
3143 3208 3291 3257 quam
3325 3207 3383 3244 ex

1836 3264 1992 3315 Iliade
2027 3265 2238 3328 sumpsit
2262 3269 2320 3328 A,
2351 3269 2508 3326 78-83,
2532 3271 2620 3316 169
2657 3279 2811 3330 seqq„
2827 3267 3154 3332 gloriosiorem
3183 3266 3383 3322 alteram

1833 3334 2035 3385 addidit.
2059 3355 2084 3378 ι»
2102 3337 2214 3386 Jac.

1894 3413 2048 3457 58-60.
2079 3403 2315 3470 Pyrrhus
2349 3406 2562 3458 Achillis.
2585 3409 2784 3457 Lemma
2818 3427 2830 3456 z
2861 3410 2925 3464 εἰς
2956 3408 3145 3468 ἄγαλμα,
3179 3409 3381 3472 Πύρρου.

1832 3477 1939 3530 Alia
1963 3477 2136 3540 Pyrrhi
2161 3479 2326 3528 statua
2349 3478 2650 3532 describetur
2673 3492 2722 3527 v.
2749 3483 2850 3528 192.
2867 3505 2925 3513 -
2943 3484 3002 3528 58
3033 3479 3091 3526 τὰ
3121 3481 3185 3540 μή
3209 3483 3254 3528 οῖ
3282 3481 3387 3530 Pla-

1832 3550 1949 3600 uud.
1975 3551 2040 3613 (r.
2062 3549 2255 3599 Jacobs.
2278 3550 2418 3614 praef.
2442 3551 2483 3611 1,
2504 3562 2552 3612 p.
2575 3551 2795 3609 xxvln,
2816 3563 2863 3597 n.
2887 3548 2997 3610 39);
3025 3547 3084 3597 τά
3107 3567 3184 3618 μιν
3213 3553 3258 3599 οι
3276 3551 3380 3603 Pal.

1830 3623 1881 3672 et
1897 3634 2060 3684 apogr.
2078 3623 2186 3670 Par.

1894 3695 2056 3742 61-64.
2083 3693 2380 3754 Amymone.
2404 3693 2648 3749 Quattuor
2672 3703 2851 3740 versus.
2869 3689 3034 3741 omissi
3059 3690 3110 3740 in
3137 3691 3244 3740 cod.
3277 3692 3378 3742 Pal.

1830 3789 1889 3798 —
1906 3767 1981 3812 64.
2006 3763 2348 3825 Μελαγχαίτην,
2372 3763 2458 3825 qui
2485 3765 2696 3811 Homero
2719 3762 3049 3824 κυανοχαίτης,
3081 3764 3377 3825 Neptunum.

1893 3838 2055 3884 65458.
2089 3832 2371 3896 Neptunus.
2402 3835 2600 3884 Lemma
2629 3852 2641 3882 ε
2671 3835 2734 3888 εἰς
2763 3834 2952 3896 ἄγαλμα
2985 3834 3292 3888 Ποσειδῶνος.
3321 3860 3383 3870 -

1831 3906 1909 3952 67.
1936 3902 2154 3966 Hyginus
2180 3904 2316 3952 Poet.
2336 3905 2544 3953 Astron:
2572 3907 2625 3952 17
2650 3922 2662 3952 ι
2687 3905 2782 3961 Qui
2819 3902 3055 3965 Neptuno
3090 3902 3380 3953 simulacra

1830 3971 2071 4036 faciunt,
2101 3970 2409 4035 delphinum
2441 3975 2614 4024 autin
2639 3985 2802 4022 manu
2839 3973 2935 4022 aut
2976 3971 3068 4020 aab
3099 3969 3237 4032 pede
3265 3972 3382 4033 ejvs

1832 4045 2146 4092 constituere
2170 4041 2432 4105 videmus,
2458 4042 2596 4108 quod
2620 4045 2862 4106 Neptuno
2891 4042 3246 4104 yratsssimum.
3275 4055 3380 4092 esse

1833 4115 2176 4164 arbitrantur.
2199 4111 2538 4174 «Huiusmodi
2557 4111 2788 4176 imagines
2804 4109 3013 4173 Neptuni
3043 4109 3224 4160 indicat
3243 4111 3382 4161 Wei-

1832 4181 1960 4232 cker.
1983 4181 2045 4232 ad
2071 4183 2294 4233 Philostr.
2319 4185 2466 4246 lmag.
2492 4185 2534 4243 1,
2554 4189 2597 4233 8.
2625 4203 2647 4225 »ι
2669 4184 2729 4230 Β.

1893 4256 2050 4302 69-71.
2073 4251 2310 4316 SapphO..
2321 4254 2522 4305 Lemma
2541 4253 2632 4307 :etc
2650 4251 2836 4313 ἄγαλμα
2855 4250 3064 4311 Σαπφοῦς
3080 4255 3161 4309 τῆς
3178 4251 3377 4315 λυρικῆς.

1830 4349 1892 4357 -
1910 4326 1971 4372 70
1986 4323 2162 4384 ὑφαίνει
2177 4359 2192 4383 ,
2213 4327 2268 4372 71
2291 4323 2586 4387 ἀναψαμένην
2614 4321 2710 4370 Pal.

1892 4396 2049 4442 72-77.
2075 4392 2275 4455 Apono.
2303 4395 2502 4445 Lemma
2523 4413 2534 4440 z
2555 4393 2618 4447 εις
2637 4391 2822 4452 ἄγαλμα
2846 4389 3123 4447 ’Λπόλλωνος
3157 4395 3240 4440 τοῦ
3277 4394 3379 4440 Πυ-

1830 4461 1946 4509 θίου.
1968 4462 2099 4512 Alias
2113 4461 2343 4525 Apollinis
2368 4458 2702 4512 statuas‘duas
2727 4459 2967 4510 describet
2993 4459 3122 4510 infra
3139 4467 3246 4525 266,
3269 4466 3376 4512 283.

1830 4554 1891 4566 -—
1903 4535 1963 4580 75
1982 4531 2107 4580 δίνεα
2134 4531 2232 4580 Pal.
2253 4557 2315 4566 -—-
2331 4535 2390 4581 77
2410 4532 2692 4590 τηλεσκὸπος
2710 4530 2816 4579 'vult
2835 4531 3051 4580 Bothius.

1892 4604 2057 4650 78·81.
2093 4603 2270 4652 Venus.
2295 4603 2495 4649 Lemma
2518 4621 2529 4649 ι
2550 4602 2616 4657 εἰς
2640 4602 2827 4661 ἄγαλμα
2843 4599 3119 4664 Ἀφροδίτης.
3143 4601 3264 4650 Alioe
3289 4603 3382 4651 Ve-

1828 4671 1958 4719 neris
1992 4671 2170 4720 statuae
2198 4669 2311 4718 duae
2341 4669 2675 4720 describentur
2703 4684 2752 4719 ν.
2784 4677 2864 4730 99,
2899 4677 3004 4722 288.
3034 4699 3097 4706 -
3122 4675 3181 4721 78
3216 4671 3376 4720 ilerde.

1831 4739 1960 4788 «Ab
1997 4752 2094 4790 aere
2140 4743 2376 4790 venustas
2432 4739 2690 4790 videbatur
2732 4740 2990 4790 destillare.
3023 4767 3086 4776 -
3115 4747 3190 4790 8ο.
3226 4740 3382 4795 Ἀντυξ

1828 4814 1986 4873 μηρῶν
2023 4823 2150 4860 nove
2182 4809 2374 4859 dictum
2397 4810 2460 4860 de
2487 4810 2754 4860 femoribus
2795 4811 3006 4860 formoso
3043 4813 3237 4860 tumore
3275 4824 3386 4859 sur-¹

1826 4879 2048 4945 gentihus
2070 4883 2121 4929 et
2143 4891 2250 4929 sese
2274 4879 2665 4930 rotundantibus.
2691 4901 2715 4924 »»
2738 4881 2852 4932 Jac.

1888 4955 2041 5001 82·85.
2065 4947 2378 5011 Alcibiades,
2394 4950 2561 5000 Cliniae
2581 4949 2727 5002 filius.
2749 4953 2946 5000 Lemma
2968 4971 2978 4999 :
2998 4949 3061 5005 εἰς
3083 4947 3271 5012 ἄγαλμα
3288 4947 3382 4999 Ἀλ-

1753 5047 1826 5116 ³⁷.
