3829 5747
1266 155 1340 213 IN
1383 153 1629 215 CAPUT
1669 156 1720 213 V
1761 154 2211 216 ANNOTATIO.

1956 36 1990 55 0-

3214 164 3336 225 149

169 284 388 365 τολούοης.
423 284 564 333 Cous.
599 297 676 347 ep.
708 290 815 343 228,
853 292 901 366 6..
920 310 979 319 -
996 287 1025 333 4
1058 284 1302 347 τηλοτὲρωι
1335 284 1456 334 cod.
1480 311 1544 321 —
1569 291 1616 343 5,
1637 270 1684 365 q.
1744 284 1754 365 J
1855 286 2055 336 ceux,
2081 307 2105 329 e·
2135 287 2349 337 Puellam
2376 290 2517 351 poeta
2540 286 2770 337 describit
2792 288 2895 339 sive
2913 290 3158 340 nocturnis
3172 293 3336 355 orgiis,

173 378 188 395 ·
217 358 460 404 Hominum
503 358 704 418 peecata
729 356 776 402 ἐν
812 360 920 410 Διος
955 355 1124 403 δελτων
1165 362 1360 417 πτυχαῖς
1386 355 1542 404 notari
1570 354 1690 404 dint
1747 368 1753 407 ε
1793 356 1896 406 sive
1912 356 2090 406 amoris
2114 360 2165 407 et
2191 356 2469 420 cupiditatis
2498 357 2691 406 flamma
2720 362 3113 408 marcescentem.
3136 361 3338 421 Expres-

171 424 395 487 Euripides
411 424 460 472 in
477 423 767 485 Menalippa}
787 423 955 486 fragm.
981 428 1028 483 3,
1058 426 1108 473 et
1136 437 1212 485 ap.
1245 423 1594 473 Callimachum
1625 426 1686 473 Η.

173 498 213 545 in
229 498 324 543 cer.
343 498 398 542 57
415 493 636 543 Nemesis
659 493 834 555 impias
864 492 1119 542 hominum
1144 506 1290 543 voces
1320 494 1582 556 γράψασθαι
1612 493 1686 541 di-

173 566 292 613 eitur.
313 564 412 613 Alia
425 564 708 612 Valckenar.
741 562 954 611 Diatribe
971 576 1020 625 p.
1049 566 1134 613 184
1159 576 1260 625 seq.
1282 566 1334 613 et
1362 563 1425 612 ad
1459 562 1687 613 Hei-odet.

173 636 223 691 V,
253 647 294 696 p.
331 638 434 682 400.
453 638 564 683 -8
591 634 674 681 σέο
719 633 874 691 Plan.;
898 638 998 681 σεῖο
1034 631 1155 681 Cod.
1194 634 1502 695 Κατασμυξῃ,
1534 636 1690 693 urat,

175 703 336 765 proprie
346 702 404 751 de
415 702 523 765 igne
535 701 778 751 intestino.
796 724 818 745 υ
833 706 949 752 Ιασ.
973 700 1069 751 Sed
1087 714 1172 765 pro
1191 704 1458 765 κατασμήξῃ
1476 702 1690 766 positum

180 784 268 820 esse
285 772 448 820 statuit
462 770 669 819 Lobeck.
687 768 907 820 Rhemat.
931 784 978 833 p.
1000 776 1078 822 69.

225 916 388 965 ccm'.
421 916 619 963 lemma
657 933 670 961 ε
709 913 1060 976 ὰφηγηματικόν
1106 927 1119 960 2
1157 916 1313 961 πᾶσαν
1349 914 1490 973 γέμον
1525 914 1690 975 ἔρωτος

179 986 400 1046 ἀκοσμίαν.
439 984 580 1032 Gens.
619 982 770 1031 Boiss.
808 982 873 1031 ad
905 983 1086 1031 lemma
1113 994 1190 1043 ep.
1213 987 1289 1031 35.
1325 1000 1348 1023 «ι
1381 982 1638 1044 sejunctus
1663 995 1692 1029 a

177 1056 314 1117 puella
329 1066 472 1116 quam
489 1052 766 1115 deperibat,
781 1054 941 1101 arctos
957 1052 1223 1101 amantium
1238 1051 1507 1114 amplexus,
1522 1065 1586 1113 qu
1593 1052 1694 1101 ales
1745 1024 1754 1107 Ι

179 1128 264 1188 isse
283 1123 432 1186 cupit.
467 1122 647 1171 vividis
677 1122 921 1172 coloribus
955 1122 1197 1171 describit.
1223 1142 1248 1165 v·
1276 1125 1386 1171 lac.
1409 1128 1508 1171 —1
1542 1123 1689 1179 ἀπλή-

1747 415 1754 481 ¹.
1793 440 1902 476 sum
1928 440 1989 476 ex
2008 426 2231 490 Meleagri
2244 427 2583 490 epigrammate
2601 440 2748 489 supra
2771 432 2872 486 175,
2890 428 3022 491 quod
3034 428 3162 478 vide.
3180 448 3203 471 ι»
3220 434 3335 479 Jac.

1793 524 1857 534 —
1888 503 1907 547 1
1942 503 2024 547 σεῦ
2049 498 2171 547 eod.
2192 522 2253 533 —
2270 503 2299 547 3
2327 499 2637 560 ἀμαρύγματα
2664 498 2806 559 eod„
2835 498 2983 547 etiam
3008 499 3212 561 append.
3231 502 3341 549 Bar-

1793 567 1894 616 ber.
1927 568 2047 617 «Sic
2094 567 2249 617 Albus
2294 581 2393 617 ora
2429 568 2609 629 pallor
2642 565 2831 630 inficit,
2862 571 3028 618 Horat.
3052 570 3199 632 Epod.
3224 572 3338 631 Vll,

1798 642 1867 686 15.
1891 638 2145 687 Homerica
2170 637 2318 686 verba
2344 638 2400 687 ll.
2426 641 2476 699 Γ,
2498 644 2556 689 35
2585 658 2597 685 2
2624 639 2771 701 ὦχρος
2810 638 2859 686 δέ
2888 655 2964 699 μιν
2997 638 3088 687 εἷλε
3118 640 3308 702 παρειὰς

1793 707 1871 757 hle
1898 721 1929 757 a
1957 709 2107 759 Paulo
2133 710 2363 758 exornata
2390 708 2640 758 habemus
2680 728 2704 751 »ι
2744 704 2972 757 chordo.
2994 734 3056 743 —
3082 712 3110 757 4
3139 710 3339 771 ὑπερπέ-

1792 793 1918 827 τεται
1946 778 2088 837 θοὰ,
2117 792 2231 828 cum
2262 796 2295 827 α
2324 778 2548 827 interlin.
2574 783 2737 837 Quare
2756 777 2990 827 edebatur
3012 782 3337 842 ὑπερπέταται.

1795 847 1962 904 Ὀὶὸος
1982 847 2155 897 Suidas
2171 847 2284 897 hinc
2302 848 2504 897 citatum
2518 848 2711 911 exponit
2737 848 3031 909 εὐδαιμονία,
3053 848 3339 898 Ammonius

1793 930 1841 979 p.
1868 922 1945 978 73,
1978 919 2127 967 τελεία
2170 919 2452 979 εὐδαιμονία.
2482 919 2747 969 Brunckius
2773 919 2897 975 ὅλὸῳ
2922 918 3094 976 πάντας
3135 922 3237 981 im„
3282 933 3341 970 ex

1791 988 2009 1037 salmasii
2030 990 2153 1051 conj.
2180 988 2355 1037 inutili.

1854 1130 2029 1177 CCLX.
2052 1128 2139 1177 His
2159 1128 2334 1178 similia
2349 1128 2398 1177 in
2419 1128 2599 1177 Latinis
2612 1129 2766 1192 poetis
2782 1132 3027 1193 comparat
3044 1132 3167 1189 Jac.‚
3189 1129 3332 1180 ovid.

181 1212 288 1245 στοιο
315 1193 444 1243 malit
471 1192 754 1251 Jacobsius‚
791 1192 1032 1241 simillima
1073 1204 1358 1255 comparans
1383 1205 1432 1255 p.
1469 1198 1579 1249 1113
1606 1192 1692 1245 sed
1795 1202 1894 1249 Art.
1920 1212 2015 1249 am.
2039 1201 2104 1259 11,
2126 1205 2213 1249 295
2234 1199 2573 1260 seqq.‚'1'ibull.
2591 1202 2675 1258 lv,
2693 1200 2754 1249 el.
2779 1206 3008 1262 2‚9seq‚,
3029 1203 3241 1262 Propert.
3268 1203 3334 1259 11,

179 1266 374 1327 seqnitur
401 1265 456 1312 οὐ
479 1264 618 1325 κόρον
656 1263 942 1324 tizam—2.
971 1262 1107 1311 conf.
1138 1276 1212 1324 ep.
1251 1266 1358 1320 232,
1396 1269 1440 1311 2.
1465 1292 1524 1303 -
1552 1266 1580 1311 3
1615 1260 1690 1321 ἀφ’

177 1338 287 1391 ἡδέος
317 1334 452 1393 cod..
484 1346 610 1382 corr.
648 1332 850 1381 Salmas.
871 1336 998 1381 -4.
1035 1335 1164 1382 luter
1195 1344 1254 1381 ea
1292 1346 1403 1394 quae
1429 1334 1532 1381 Jac.
1564 1332 1695 1393 larga

181 1418 304 1453 manu
343 1402 420 1451 hlc
445 1402 658 1465 praebet‚
686 1402 850 1449 confer
873 1400 1109 1464 imprimis
1147 1400 1426 1449 Lucretium
1460 1403 1544 1461 lv,
1577 1406 1693 1449 1106

179 1488 292 1537 seqq.
315 1500 377 1509 —
401 1480 447 1523 5.
485 1492 510 1514 α
545 1474 633 1521 Est
663 1471 871 1533 ἀμφασίη
909 1471 943 1519 i.
990 1485 1038 1533 q.
1083 1472 1346 1535 ἀμηχανία,
1375 1474 1425 1520 et
1463 1470 1694 1532 ἀμφασίης

179 1547 356 1604 ivs-gun,
381 1544 412 1599 ἦ
446 1547 530 1590 τοῦ
577 1540 822 1603 ἀμηχάνου
865 1542 1032 1603 ἔρωτος
1075 1542 1173 1603 βία.
1218 1540 1456 1603 (Append.
1497 1538 1692 1588 Barber.

181 1614 386 1671 ἀριστης.)
408 1612 558 1660 ὀσον
581 1612 711 1670 ὅσον,
743 1610 1167 1674 aliquantillum,
1191 1610 1400 1673 explicat
1432 1611 1692 1658 Hermann.

181 1682 232 1730 ad
253 1682 349 1744 Vig.
378 1694 424 1743 p.
451 1687 542 1731 726
569 1683 690 1731 extr.
711 1708 773 1716 —
792 1688 836 1731 6.
871 1683 1111 1742 Ἀλλήλων,
1141 1680 1318 1743 quippe
1357 1678 1557 1728 mutatis
1587 1678 1705 1727 invi·

183 1766 268 1799 oem
289 1750 516 1801 vestibus.
547 1770 572 1793 υ
590 1754 706 1800 Iac.
731 1776 796 1786 --
819 1756 866 1801 9.
896 1750 1036 1799 Cous.
1075 1750 1228 1813 Apoll.
1259 1750 1350 1799 Rh.
1380 1751 1483 1809 111,
1511 1753 1618 1800 874.
1642 1775 1702 1785 -

187 1828 226 1869 11
253 1821 496 1883 γυιοδῷων
530 1819 653 1869 cod.
689 1822 746 1869 In
771 1819 986 1882 margine
1019 1820 1288 1883 glossator:
1321 1823 1514 1868 τοιαῦτα
1535 1820 1598 1867 τὰ
1621 1824 1701 1877 τῆς

184 1892 373 1951 ἐρωτικῆς
412 1892 698 1953 παλαίστρας
746 1893 1185 1955 μηχανουργήματα.
1216 1916 1278 1926 -
1310 1895 1362 1940 15
1395 1889 1702 1953 ἀντιπόροισιν

183 1962 244 2021 ἀγ.
265 1960 458 2011 Brunek.
477 1964 594 2024 post
617 1960 885 2011 Heiusium.

234 2106 420 2154 cclxi.
459 2124 484 2147 ιι
511 2104 873 2155 contumeliose
891 2118 922 2153 a
937 2104 1098 2167 puella
1113 2106 1351 2153 tractatus
1363 2142 1375 2164 ‚
1391 2101 1706 2152 contumelias

186 2173 392 2224 intellexit
403 2174 584 2223 amoris
605 2175 850 2223 flammam
873 2188 970 2223 non
987 2174 1282 2236 restinguere
1295 2211 1307 2233 ‚
1325 2172 1412 2222 sed
1435 2172 1656 2222 excitare.
1679 2194 1703 2215 n

186 2248 286 2293 loe.
303 2272 362 2281 —
383 2250 400 2294 1
422 2246 622 2304 γαλατια
647 2245 792 2307 cod„
821 2244 1124 2307 superposito
1155 2261 1270 2293 ε.-
1287 2251 1332 2293 2.
1355 2245 1584 2307 Ἕσπερος
1617 2256 1705 2305 pro

186 2316 379 2377 ἐσεερία,
411 2319 470 2365 ut
513 2315 642 2365 infra
682 2328 758 2377 ep.
805 2318 912 2375 279,
955 2322 982 2364 5
1023 2335 1035 2363 :
1066 2316 1308 2375 ἐπώμοσεν
1339 2314 1526 2376 ἕσπερος
1561 2314 1699 2370 ἥξειν.

193 2404 211 2423 ι
236 2383 376 2433 schol.
397 2384 570 2435 Wecb.
603 2404 616 2433 z
651 2386 682 2443 ἢ
715 2386 925 2447 ἑσπέρας.
947 2383 1071 2433 Vide
1095 2386 1194 2432 not.
1221 2382 1284 2431 ad
1308 2396 1386 2445 ep.
1407 2388 1515 2441 202,
1535 2386 1580 2431 4.
1603 2402 1626 2425 ιο
1649 2384 1705 2431 13.

187 2461 294 2503 -3,
313 2457 412 2503 Non
430 2458 546 2504 sunt
573 2454 789 2503 Galateae
815 2455 978 2504 verba.
1010 2458 1120 2516 lpse
1148 2451 1364 2501 meminit
1393 2452 1709 2515 proverbialis

187 2522 433 2586 locutionis,
452 2538 602 2587 quam
622 2538 714 2573 suo
730 2525 950 2586 exemplo
961 2536 1054 2571 non
1067 2535 1174 2571 esse
1186 2534 1350 2570 veram
1366 2520 1550 2571 didicit.
1575 2521 1707 2570 Plan.

191 2596 278 2655 ὅδε,
295 2596 406 2647 cod.
429 2598 458 2645 ὀ
479 2598 530 2645 δὲ
555 2614 608 2659 μ.
624 2623 688 2633 -
707 2599 755 2645 4.
777 2594 997 2645 Catullus
1013 2593 1188 2641 Lxxu
1205 2630 1216 2652 ‚
1239 2596 1264 2641 7
1291 2611 1302 2639 ι

875 2718 1098 2759 amantem
1121 2712 1286 2767 iniuria
1305 2712 1402 2756 talis

279 2779 398 2833 Cogit
413 2790 566 2823 amare
583 2778 746 2833 magis.
768 2776 845 2821 sed
863 2776 977 2820 bene
995 2776 1108 2820 velle
1126 2777 1291 2819 minus.

248 2913 465 2962 cctvtt.
501 2939 566 2948 —
605 2919 644 2960 t.
681 2911 807 2959 Bene
845 2908 1048 2959 vertisse
1077 2911 1372 2970 Opsopoeum
1410 2907 1462 2956 et
1494 2905 1716 2956 Grotium

193 2987 344 3049 probat
367 2987 572 3036 imitatio
601 2985 784 3034 Nicetae
813 2987 995 3046 Eugen.
1025 2985 1119 3042 Vl,
1144 2989 1268 3033 589:

303 3111 387 3158 Καὶ
406 3114 490 3157 τοῦ
511 3107 623 3164 Διὸς
639 3108 692 3156 δὲ
709 3112 788 3155 νῦν
804 3107 1055 3176 κατήγορος
1075 3105 1198 3167 μένω

299 3183 358 3236 ὡς
377 3179 646 3242 ἀνεράστου.
667 3196 694 3220 n
715 3179 774 3226 B.

193 3291 492 3342 Nihilominus
529 3304 648 3341 vera
689 3289 910 3339 habenda
945 3292 1020 3338 est
1061 3286 1270 3336 Jacobsii
1307 3284 1638 3347 interpretatio
1669 3283 1718 3330 in

193 3363 336 3411 latinis
358 3373 600 3425 ειμι-888.
617 3387 678 3400 —-
694 3367 721 3408 2
741 3361 890 3408 ἕνεκεν
909 3359 1042 3407 Plan.
1065 3383 1128 3394 —
1143 3362 1187 3405 3.
1221 3373 1246 3397 α
1276 3357 1429 3404 Vetus
1454 3353 1601 3403 editio
1615 3354 1721 3401 οὔτε

195 3435 371 3489 Aram.
393 3430 540 3488 Quod
579 3429 742 3492 placet
779 3429 880 3478 t'ere
894 3465 908 3488 ‚
937 3427 1058 3476 adeo
1098 3425 1319 3488 displicet
1356 3424 1591 3473 articulus
1620 3428 1720 3481 τῆς.

193 3503 332 3550 Metro
353 3497 732 3551 neotimendum
757 3498 862 3547 erit.
895 3518 916 3539 n
947 3499 1009 3546 B.
1043 3499 1145 3545 lmo
1159 3493 1301 3543 valde
1315 3493 1594 3543 timendum.
1617 3494 1720 3543 Jac.

194 3572 460 3632 mnjieiebat
484 3573 541 3620 οὔ
577 3587 650 3620 τοι
677 3575 755 3629 Δ.,
783 3571 1083 3618 Hennannus
1119 3565 1214 3614 οὔτ’
1232 3565 1330 3624 οὗν,
1354 3563 1441 3613 sed
1471 3563 1589 3613 nibil
1618 3577 1722 3612 mu-

193 3641 402 3690 tandum.

245 3785 498 3834 cctvnl.
535 3801 560 3824 σι
596 3783 653 3830 ln
689 3779 943 3829 mulierem
969 3777 1106 3827 annis
1126 3778 1228 3840 jam
1255 3775 1420 3839 paullo
1447 3773 1720 3838 proveetio-

195 3865 308 3912 rem,
327 3853 412 3902 sed
423 3849 702 3913 iunioribus
713 3845 1070 3911 preferendam.
1093 3865 1118 3889 ι»
1135 3849 1249 3895 lac.
1263 3850 1383 3894 -1-
1407 3864 1431 3886 σι
1451 3841 1724 3892 Lectionem

193 3923 318 3980 ὀπὸς,
350 3933 504 3984 quam
535 3919 688 3968 babet
723 3918 870 3967 etiam
901 3915 1074 3966 suidas
1098 3918 1150 3965 et
1183 3915 1526 3978 interpretatur
1551 3913 1606 3961 τὸ
1633 3915 1726 3960 τῶν

1795 1268 1855 1316 el.
1897 1274 1939 1328 t,
1967 1274 1995 1319 5
2028 1281 2133 1330 sqq.
2159 1294 2221 1303 -—-
2244 1273 2286 1317 1.
2326 1286 2348 1309 σι
2372 1268 2683 1329 Κεκρύφαλοι,
2703 1283 2752 1319 v.
2775 1269 2924 1318 schol.
2949 1268 3011 1317 ad
3042 1282 3117 1332 ep.
3148 1274 3254 1329 270,
3288 1276 3333 1318 2.

1795 1338 1934 1386 Conf.
1964 1339 2049 1397 vt,
2070 1350 2146 1400 ep.
2168 1344 2276 1387 206.
2292 1364 2355 1373 —-
2372 1343 2417 1385 2.
2440 1338 2560 1387 Hinc
2590 1336 2765 1387 Suidas
2786 1358 2798 1386 z
2819 1339 3038 1387 δείκελον·
3068 1340 3179 1399 ἀγα)
3190 1354 3280 1399 μα,
3305 1340 3335 1395 ἢ

1793 1410 2024 1473 ὁμοίωμα.
2046 1436 2109 1445 -
2130 1413 2177 1458 4.
2204 1409 2327 1458 Hinc
2359 1409 2490 1459 idem
2527 1426 2540 1455 ι
2578 1407 2861 1468 ἐξεσόὸησα,
2895 1408 3121 1463 ἐξεδίωξα.
3159 1412 3223 1455 De
3246 1406 3342 1454 hoo

1793 1479 1942 1528 verbo
1970 1480 2119 1541 llgen.
2155 1482 2333 1542 opusc.
2356 1482 2392 1529 t.
2424 1480 2467 1537 1,
2500 1490 2546 1540 p.
2576 1482 2676 1527 151.
2704 1498 2726 1519 υ
2752 1480 2813 1527 Β.
2835 1484 2943 1527 -5
2962 1478 3166 1539 κατήορα
3193 1476 3339 1533 cod..

1791 1562 1886 1597 non
1930 1550 2066 1610 κατῄ.
2100 1550 2267 1598 Crines
2294 1548 2597 1609 defluentes,
2632 1559 2729 1596 non
2762 1548 2983 1608 comptos
3020 1545 3256 1609 intelligit.
3278 1572 3341 1581 —-

1793 1622 1838 1667 7.
1856 1618 1991 1667 Cous.
2012 1619 2301 1681 Meleagrum
2322 1630 2467 1679 supra
2484 1629 2559 1679 ep.
2585 1620 2686 1676 140,
2700 1620 2744 1665 4.
2762 1642 2823 1652 -
2836 1622 2880 1666 8.
2903 1634 2927 1658 σι
2944 1617 3044 1679 Πῦρ
3062 1616 3191 1665 tecm.
3205 1616 3343 1665 conf.

1795 1688 2040 1737 Wernick.
2064 1688 2127 1737 ad
2144 1686 2457 1751 Tryphiodor.
2482 1690 2583 1745 140,
2604 1700 2653 1748 p.
2680 1690 2783 1735 165.
2805 1705 2827 1727 n
2845 1688 2959 1735 lac.

1859 1823 2058 1872 CCLXI.
2096 1842 2119 1863 ‹-
2148 1820 2365 1872 Puellam
2388 1824 2524 1885 rogat
2550 1824 2634 1881 ut,
2663 1822 2704 1871 si
2731 1823 2889 1885 ipsum
2925 1823 3038 1871 vino
3066 1823 3189 1873 bene
3226 1836 3341 1885 pro-

1797 1891 1955 1941 lutum
1984 1890 2147 1941 videre
2170 1890 2315 1951 velit,
2339 1893 2509 1941 oscula
2544 1892 2636 1953 ipsi
2672 1904 2759 1955 per
2784 1892 3013 1955 poculum
3034 1893 3209 1943 mittat.
3236 1896 3342 1944 Fre-

1798 1975 1954 2024 quens
1995 1962 2075 2011 bic
2115 1963 2381 2011 amantium
2422 1964 2589 2022 lusus,
2618 1963 2763 2025 cujus
2806 1963 3013 2025 plurima
3058 1966 3171 2013 sunt
3212 1964 3343 2027 apud

1799 2032 2093 2081 Milesiarum
2123 2032 2397 2081 fabularum
2421 2033 2678 2095 scriptores
2694 2033 2921 2096 exempla.
2954 2036 3113 2082 Unum
3128 2034 3344 2083 sufficiat

1798 2102 2071 2151 Aristaeneti
2086 2140 2098 2162 ‚
2136 2116 2199 2151 ex
2225 2102 2601 2165 antiquioribus,
2640 2105 2696 2152 ut
2720 2103 2883 2152 omnia
2910 2102 3037 2165 apud
3071 2102 3203 2153 hunc
3234 2103 3344 2152 scri·

1798 2174 1985 2234 ptorem
2001 2210 2013 2232 ,
2037 2170 2251 2221 fontibus
2286 2171 2557 2222 derivatum
2574 2209 2587 2231 ,
2612 2174 2654 2233 1,
2674 2178 2732 2223 25
2766 2192 2779 2220 ι
2808 2179 2971 2222 τοῦτον
2989 2174 3045 2231 δὴ
3060 2174 3141 2223 τὸν
3171 2173 3342 2238 τρόπον

1800 2244 1959 2306 ὥσπερ
1992 2244 2045 2290 ἐκ
2062 2242 2305 2303 στομάτων
2334 2244 2629 2305 ὑπερεφίλουν
2662 2242 2881 2300 ἀλλήλους
2894 2280 2908 2305 ,
2931 2244 3256 2299 καταπίνοντες
3280 2244 3341 2291 τὰ.

1800 2313 2055 2373 φιλήματα,
2079 2314 2159 2360 καὶ
2182 2312 2261 2361 τὸν
2289 2313 2413 2361 οἶνον
2440 2317 2536 2367 τοῖς
2571 2312 2745 2375 χείλεσι
2776 2315 3055 2375 κεκραμένον
3090 2316 3171 2363 καὶ
3210 2314 3343 2375 μέχρι

1800 2384 1878 2431 καὶ
1897 2382 2036 2439 αὐτῆς
2054 2388 2133 2439 τῆς
2152 2382 2338 2444 καρδίας
2356 2384 2667 2445 παρέπεμπον.
2682 2400 2708 2424 ν
2727 2386 2843 2432 Iac.
2860 2408 2921 2417 —
2940 2384 3133 2440 Ιίθελησ
3150 2384 3343 2445 μεθῦσαι

1802 2453 1944 2513 Coti„
1965 2456 2015 2503 et
2045 2452 2168 2502 inter
2190 2451 2341 2501 lineas
2377 2453 2427 2501 et
2457 2452 2507 2500 in
2542 2450 2755 2514 margine
2788 2451 3011 2515 suppleto
3033 2468 3105 2513 με.
3128 2452 3337 2501 Bruncli.

1802 2526 2029 2587 μεθύσσαι
2041 2536 2096 2571 ex
2122 2522 2315 2571 duobus
2332 2522 2488 2585 Regiis
2510 2521 2787 2570 Planudeas.
2812 2520 3014 2570 Botbius
3047 2521 3213 2572 scribit
3244 2523 3342 2570 οὔτι

1801 2596 2012 2657 φίλοινος.
2035 2620 2096 2629 --
2115 2600 2158 2643 2.
2185 2594 2410 2653 Γευομὲνη
2426 2628 2440 2652 ,
2464 2591 2564 2641 scil.
2586 2596 2668 2640 τοῦ
2690 2592 2817 2640 οῐνου
2842 2592 2935 2639 ἀπὸ
2954 2597 3033 2649 τῆς
3062 2592 3261 2646 κύλικος.
3282 2617 3344 2625 —-

1802 2670 1850 2715 4.
1883 2664 2109 2727 Οἰνοχὸον
2145 2663 2207 2712 de
2242 2662 2415 2725 poculo
2452 2659 2827 2723 intelligendum.
2875 2660 2997 2709 Male
3028 2659 3232 2709 vertitur
3252 2672 3345 2722 po·

1801 2736 2125 2785 cillatricem.
2146 2758 2209 2768 —
2225 2739 2253 2783 ⁵
2273 2730 2375 2793 ἐμοί
2402 2746 2455 2792 γε
2473 2729 2593 2780 Cod.
2608 2757 2666 2765 —
2688 2738 2736 2779 6.
2762 2731 3079 2791 Ἁπαγγὲὶλει,
3105 2728 3230 2779 conf.
3262 2742 3337 2791 ep.

1810 2810 1912 2865 171,
1948 2810 1985 2853 1.

1865 2945 2095 2995 CCLXIl.
2116 2962 2137 2983 n
2156 2944 2213 2991 ln
2234 2941 2449 2990 vetulam
2473 2937 2736 2999 invehitur,
2756 2951 2871 3001 quie
2898 2939 3071 3000 puellae
3096 2941 3345 3002 aspectum

1805 3015 1848 3064 ei
1877 3012 2140 3062 invidebat.
2166 3011 2304 3060 eous.
2332 3009 2527 3060 Diotimi
2555 3009 2850 3072 epigramma
2876 3021 3023 3070 supra
3054 3013 3153 3058 106.
3178 3027 3201 3052 ν
3226 3011 3342 3058 lac.

1806 3087 1931 3132 —3.
1955 3085 2079 3132 Ante
2112 3080 2242 3130 hunc
2276 3093 2473 3130 versum
2506 3078 2559 3126 in
2596 3077 2773 3128 Codice
2800 3077 3013 3140 scriptus
3040 3080 3144 3127 erat
3174 3077 3347 3126 tertius

1807 3153 2056 3215 sequentis
2087 3148 2440 3215 epigrammatis
2470 3169 2481 3198 :
2510 3150 2599 3196 αἰεὶ
2630 3149 2769 3208 oiim,
2797 3146 2971 3196 deinde
2996 3145 3195 3195 inducta
3224 3147 3349 3195 linea

1806 3223 1997 3272 dele'tus
2023 3222 2075 3271 et
2108 3224 2270 3270 noster
2302 3217 2477 3268 tertius
2512 3217 2783 3280 subjectus,
2821 3229 2933 3265 cum
2968 3217 3081 3264 nota
3101 3221 3184 3276 σζ,
3202 3229 3349 3278 quam

1811 3295 1999 3344 Paulsffi
2040 3294 2241 3357 explicat
2282 3287 2574 3352 συζευκτέος,
2610 3292 2661 3339 et
2702 3301 2852 3352 parva
2893 3301 3005 3336 cum
3037 3288 3231 3348 lacuna,
3269 3290 3349 3338 cui

1810 3365 1951 3412 vetus
1979 3375 2151 3411 manus
2178 3359 2451 3423 inscripsit:
2472 3360 2602 3408 οὐδὲν
2634 3358 2777 3408 λείπει
2808 3359 2927 3415 πλὴν
2950 3357 3021 3406 ὅτι
3040 3359 3065 3405 ὁ
3083 3358 3267 3420 γράφων
3293 3359 3349 3418 ἦν

1809 3433 2016 3490 ἀνόητος.
2038 3430 2159 3480 Cod.
2185 3433 2234 3479 et
2264 3431 2393 3480 Plan.
2416 3431 2671 3492 ἱστάμενοι.
2707 3448 2731 3470 α
2761 3426 2959 3477 Praetuli
2985 3426 3248 3478 variantem
3275 3427 3351 3490 [ex

1809 3515 1964 3565 marg.
1983 3501 2061 3551 ed.
2084 3499 2275 3562 Wech.]
2304 3502 2575 3564 ἱσταμένης,
2600 3498 2725 3548 duce
2754 3496 3018 3555 Bruneki03
3052 3512 3207 3559 quum
3240 3512 3351 3548 mox

1809 3574 1979 3622 ῑστασο
2004 3571 2067 3621 ad
2094 3584 2239 3620 anum
2273 3570 2404 3620 illam
2430 3569 2633 3620 dicatur.
2654 3573 2777 3618 -4,
2802 3568 2927 3617 Hinc
2962 3567 3136 3618 Suidas
3174 3591 3184 3618 :
3218 3574 3355 3620 πολύ·

1811 3643 1995 3704 γληνον,
2031 3643 2374 3702 πολυόμματον.
2415 3638 2759 3690 Constantinus
2800 3640 3043 3688 Manasses
3076 3639 3247 3703 stagm.
3284 3643 3349 3702 ll,

1813 3716 1869 3762 84
1894 3732 1906 3760 ε
1928 3711 2057 3774 ὄμμα
2074 3711 2122 3758 δὲ
2142 3711 2307 3770 Δίκης,

1938 3824 1965 3872 ὃ
1981 3823 2201 3870 πάντοθεν
2224 3821 2431 3881 ἐφίπεται
2460 3819 2540 3868 τὸν
2561 3818 2763 3876 δυσσεθῆ
2782 3818 2967 3878 anemae,

1937 3897 2000 3949 ὡς
2022 3893 2180 3954 Ἀργος
2204 3891 2230 3938 ὁ
2250 3890 2531 3950 πολύγληνος
2545 3889 2629 3945 τὴν
2651 3887 2877 3950 Ἰναχείαν
2894 3887 3051 3950 κόρην.
3080 3907 3105 3932 ιι

195 3993 370 4054 saepem
397 3993 601 4053 δάκρυον
621 3991 702 4038 καὶ
725 3991 780 4038 τὸ
810 3989 1150 4048 ἀποστάλαγμα
1179 3991 1262 4034 τοῦ
1291 3987 1512 4046 Υάλῖατοῧ
1529 4019 1544 4044 ⁹
1567 3982 1729 4030 firma
1817 4013 1982 4061 Boiu,
2002 4037 2063 4046 —
2080 4018 2109 4060 6
2128 4009 2281 4071 ψυχὴν
2305 4007 2434 4058 Plau.

193 4061 324 4111 etiam
343 4061 556 4110 imitatio
577 4059 762 4108 Nicetae
781 4059 958 4120 Eugen.
981 4057 1068 4116 vt,
1091 4060 1180 4105 593
1204 4075 1216 4103 :

301 4189 380 4234 Σοὶ
399 4187 484 4235 καὶ
509 4186 636 4248 ῥυτὶς
661 4184 869 4244 μολοῦσα
889 4185 957 4244 τῷ
979 4179 1134 4243 χρόνῳ
1157 4180 1284 4242 μόλις

299 4257 416 4314 §.fia-,4
444 4255 572 4304 ὀποῦ
595 4252 852 4315 πρόκριτος.
882 4270 905 4291 ιο

197 4379 340 4426 Boin.
367 4376 628 4426 nocherus
643 4410 656 4432 ‚
676 4372 762 4435 qui
780 4385 952 4421 sanum
967 4383 1060 4419 nou
1079 4371 1276 4434 putaret
1293 4371 1322 4426 ἢ
1338 4369 1448 4432 post
1463 4369 1702 4432 πρόκριτος
1718 4405 1731 4424 ,

1879 4152 2140 4202 ccmuu.
2169 4175 2229 4186 —-
2261 4153 2279 4198 1
2312 4149 2499 4212 ἐγείροις
2524 4150 2659 4199 Plan.
2685 4151 2738 4197 el.
2762 4147 2901 4207 cod„
2933 4145 3012 4196 hic
3038 4159 3152 4197 cum
3176 4165 3207 4206 η
3234 4149 3359 4200 inter

1818 4225 1900 4274 lin.
1922 4241 1947 4265 ιι
1969 4219 2127 4270 Verba
2144 4221 2261 4269 sunt
2274 4219 2447 4282 puellae
2461 4232 2659 4282 procum
2676 4217 2995 4280 exspectantis
3012 4217 3076 4268 ad
3090 4218 3353 4269 lucernam.

1819 4293 1943 4342 Hinc
1967 4289 2143 4339 suidas
2174 4289 2354 4350 μύκητα
2368 4305 2380 4317 ·
2398 4290 2479 4337 καὶ
2512 4289 2705 4350 μύκητες
2718 4324 2735 4350 ,
2755 4289 3059 4350 ἀναστήματά
3084 4307 3187 4340 τινα
3219 4309 3362 4354 σπογ-

1819 4363 1976 4426 γοειδῆ
1994 4362 2095 4418 περὶ
2112 4361 2195 4418 τὴν
2214 4359 2471 4424 θρυαλλίδα.
2494 4357 2569 4407 Ad
2594 4361 2815 4407 nostrum
2830 4357 2995 4408 locum
3014 4359 3255 4410 eruditam
3282 4375 3369 4426 ap-

195 4446 398 4496 tentabat
420 4448 600 4504 ἧνοπος
627 4443 758 4500 ῆὸης.
779 4467 842 4478 -
858 4447 884 4490 2
901 4441 1088 4502 ἱμείρων
1107 4439 1227 4488 cod.
1249 4439 1466 4488 Alterum
1493 4436 1639 4487 habet
1656 4451 1736 4501 ap-
1821 4432 1988 4498 posuit
2012 4433 2176 4481 notam
2207 4428 2441 4479 Brodaeus
2472 4442 2519 4492 p.
2556 4435 2675 4488 60ος
2700 4428 2799 4478 vid.
2820 4432 2872 4479 et
2900 4431 3107 4479 Forster.
3136 4429 3201 4480 ad
3227 4435 3344 4482 Arat

195 4517 358 4577 pendix
393 4515 681 4565 Barber.—-
705 4516 750 4563 3.
772 4533 794 4556 ιι
825 4511 948 4560 Hinc
975 4510 1150 4560 Suidas
1187 4529 1199 4558 ι
1233 4510 1479 4572 κόρυμδοι·
1505 4512 1672 4563 κλῶνες
1704 4509 1735 4566 ἣ
1779 4528 1784 4567 l
1824 4509 1931 4554 244.
1952 4499 2107 4550 Hodie
2125 4497 2283 4548 adhuc
2305 4497 2561 4560 ineptiores
2576 4497 2875 4547 mulierculae
2893 4511 2920 4546 e
2945 4499 3101 4560 iungis
3126 4499 3210 4561 qui
3238 4500 3361 4549 circa

195 4587 332 4646 ἄκροι.
351 4587 542 4634 Forsan
555 4585 769 4646 ἅοιρα.-
787 4585 832 4630 4.
853 4583 920 4630 De
937 4579 1161 4628 mammis
1178 4580 1435 4629 stantibus
1450 4578 1561 4628 vide
1591 4583 1738 4640 supra
1779 4570 1786 4654 Ἰ
1823 4570 2119 4634 ellychnium
2148 4571 2461 4618 concrescunt
2486 4566 2697 4630 pluviam
2726 4570 3039 4630 augurantur,
3062 4571 3116 4617 ut
3148 4567 3361 4631 Agathiae

197 4653 250 4703 ad
281 4669 356 4719 ep.
381 4660 457 4704 13.
481 4675 508 4697 ›-
530 4655 592 4702 B.
611 4678 679 4690 -—
707 4659 753 4702 5.
791 4653 896 4700 Hoc
930 4649 1172 4699 distichon
1207 4649 1335 4698 Plan.
1376 4648 1521 4698 lialmt
1553 4647 1735 4704 solum,

1781 4676 1786 4684 ·
1825 4642 2009 4706 puella,
2034 4639 2114 4688 vel
2150 4638 2354 4701 hospitis
2384 4638 2675 4698 adventum,
2717 4637 2827 4687 alia.
2871 4658 2893 4680 ι»
2932 4639 2989 4686 13.
3026 4665 3085 4673 —
3114 4643 3143 4688 :i
3180 4641 3246 4688 ὅτ’
3270 4641 3373 4702 ἠρῶ

197 4725 320 4774 initio
358 4729 610 4774 mutatum
640 4744 652 4772 :
687 4723 756 4772 'li
781 4723 864 4771 σὸν
887 4721 970 4770 ἔτι.
992 4720 1275 4770 Meminerat
1315 4719 1494 4768 Paulus
1522 4717 1738 4767 Archelai
1827 4713 1968 4770 cod..
2011 4711 2070 4759 al.
2100 4711 2227 4774 ἠρώ,
2264 4712 2393 4759 recte
2432 4708 2507 4758 ed.
2556 4708 2775 4771 princeps
2806 4709 2929 4756 Flor.
2970 4735 3029 4744 -
3066 4713 3094 4757 4
3143 4709 3213 4757 ἐᾶι
3246 4707 3359 4764 Cod.

199 4795 450 4843 verborum
494 4793 560 4842 de
601 4791 828 4854 Euripide
856 4790 1153 4853 Agathonem
1192 4789 1281 4846 ἤδη
1319 4792 1562 4848 γενειῶντα
1601 4799 1738 4834 oscu-

201 4867 316 4914 lante
345 4888 358 4915 ι
385 4868 472 4924 Μή
507 4865 804 4926 θαυμάσητε·
833 4867 927 4910 τῶν
965 4862 1052 4922 γὰρ
1078 4861 1232 4908 καλῶν
1272 4859 1348 4907 καὶ
1389 4860 1441 4907 τὸ
1477 4857 1742 4920 μετόπωρον

201 4937 328 4984 καὶόν
347 4937 448 4986 ἐστι
473 4934 630 4996 (Plui.
653 4929 894 4994 Apophth.
917 4943 963 4992 p.
991 4933 1094 4990 177,
1124 4931 1196 4990 A).

1828 4782 2029 4844 Reliqua
2070 4779 2209 4830 effari
2251 4792 2343 4827 non
2386 4777 2562 4838 audet,
2599 4791 2659 4826 ne
2700 4777 2880 4826 malum
2928 4789 3069 4826 omen
3112 4774 3272 4826 saciat.
3311 4803 3339 4812 -

1830 4861 1874 4903 5.
1901 4871 1927 4895 ιι
1944 4849 2135 4899 Scilicet
2157 4849 2314 4903 δοῦλος
2336 4849 2539 4902 τελέθεις.
2562 4846 2814 4910 Euripides
2834 4849 2949 4895 lone
2968 4851 3053 4896 324
3081 4867 3091 4894 :
3118 4849 3283 4900 Λοξίου
3301 4863 3376 4895 κε-

1787 4953 1793 4976 .
1833 4922 2053 4982 κλὴμεθα.
2084 4918 2274 4969 Dixerat
2306 4917 2449 4967 modo
2476 4920 2561 4968 lon
2596 4939 2607 4966 :
2643 4923 2725 4966 τοῦ
2756 4917 2860 4967 Θεοῦ
2892 4918 3121 4977 καλοῦμαι
3150 4915 3323 4970 δοῦλος.
3340 4938 3363 4961 ιι
