3829 5747
442 185 561 243 174
1532 178 2039 240 ANTHOLOGIAE
2085 172 2486 236 PALATINAE

354 344 381 379 ς
442 312 601 372 Ἀλλὰ
630 312 721 371 καὶ
750 312 1111 394 ἀμφίδρυπτον
1140 312 1221 371 ἐὸν
1246 310 1361 370 τόδε
1390 313 1525 390 χειρὶ
1551 311 1821 388 μεναίχμᾳ

521 401 714 470 σώζετο
736 400 1041 482 Νικαγόρᾳ,
1072 404 1203 469 σῶζε
1229 399 1283 458 δὲ
1322 399 1639 480 Νικαγόραν.

436 490 654 565 Θεσμὸν
677 489 766 548 τὸν
788 490 1037 569 Σπάρτας
1064 489 1410 571 μενεφύλοπιν
1443 489 1579 568 ἀμφὶ
1616 486 1759 566 βοείᾳ

518 577 645 649 τῆδέ
671 601 751 643 τις
776 576 992 658 ἀθρήσει
1016 577 1189 637 πάντα
1218 576 1637 657 φυλασσόμενον.

950 726 1046 776 85.
1097 692 1511 777 [IAAAAAAJ

938 856 1171 920 Ἀνάθημα
1188 858 1522 919 πεπαιγμένον.

438 980 546 1039 Τὸν
573 981 672 1052 θώ,
688 981 889 1047 καὶτὰς
909 978 1035 1055 κνή,
1052 979 1147 1039 τάν
1166 984 1213 1038 τ’
1235 980 1435 1040 ἀσπίδα
1456 1025 1473 1053 ,
1490 982 1580 1039 καὶ
1601 980 1741 1060 δόρυ,
1761 985 1853 1039 καὶ
1873 985 1997 1057 κρᾶ,

520 1073 978 1154 Γορδιοπριλάριος
1002 1074 1184 1133 ἄνθετο
1208 1073 1479 1155 Τιμοθέῳ.

478 1226 578 1279 88.
626 1218 1073 1278 ΕΥΤΟΛΜΙΟΥ
1115 1218 1660 1279 ΣΧΟΔΑΣΤΙΚΟΥ
1702 1219 1964 1277 lnam·-

1071 1307 1381 1377 ΣΤΡΙΟΥ,

860 1460 925 1516 εἰς
946 1459 1003 1509 τὸ
1026 1460 1223 1523 παιχθὲν
1248 1461 1343 1509 ὑπὸ
1370 1460 1612 1509 Παλλαδᾶ.

444 1578 741 1653 Κνημῗδας,
764 1578 1013 1659 θώρηκα,
1045 1578 1231 1651 σάκος,
1262 1580 1443 1660 κόρυν,
1473 1581 1628 1661 ἔγχος
1657 1580 1843 1660 Ἀθήνῃ

519 1663 737 1747 Ῥοῦφος
768 1668 1090 1743 Μεμμιάδης
1117 1667 1329 1735 Γέλλιος
1356 1668 1666 1749 ἐκρέμασεν.

1001 1809 1091 1859 87.
1133 1812 1409 1858 ΑΔΗΛΟΝ.

438 1934 647 1997 Ἄνθετο
674 1937 757 1995 σοὶ
782 1937 1004 2019 κορύνην
1029 1938 1121 1997 καὶ
1144 1936 1384 2016 νεὸρίδας
1411 1937 1657 2017 ὑμέτερος
1690 1936 1825 2010 Πὰν,

521 2023 678 2096 Εὗῖε,
700 2023 987 2106 καλλείψας
1017 2024 1107 2083 σὸν
1133 2024 1290 2105 χορὸν
1319 2028 1379 2083 ἐκ
1405 2026 1641 2104 Παφίης.

438 2110 591 2189 Ἠχὼ
620 2111 721 2192 γὰρ
751 2111 943 2194 φιλέει,
975 2111 1065 2170 καὶ
1092 2112 1375 2182 πλάζεται·
1407 2113 1545 2172 ἀλλὰ
1574 2113 1638 2173 σὺ
1656 2160 1672 2186 ,
1699 2116 1909 2195 Βάκχε,

515 2201 657 2259 ἵλαθι
685 2206 761 2283 τῷ
790 2201 942 2272 ξυνὴν
968 2202 1286 2282 ἄμφιέποντι
1312 2202 1499 2283 τύχην.

626 2348 723 2399 88.
773 2340 1272 2401 ΑΝΤΙΦΑΝΟΥΣ
1315 2341 1477 2400 MAI(
1491 2342 1809 2403 ΕΔΟΝΟΣ.

440 2474 585 2549 Αὐτὴ
612 2474 695 2534 σοὶ
726 2474 987 2555 Κυθέρεια
1014 2474 1105 2534 τὸν
1131 2474 1388 2553 ῖμερόεντ’
1419 2476 1524 2534 ἀπὸ
1556 2480 1797 2553 μαστῶν,

518 2561 667 2634 Ἰνὼ,
695 2562 963 2638 λυσαμίνη
993 2564 1177 2623 κεστὸν
1204 2562 1395 2624 ἔδωκεν
1420 2562 1579 2643 ἔχειν,

436 2655 507 2717 ὡς
532 2650 595 2709 ἂν
624 2649 958 2714 θελξινόοισιν
980 2652 1062 2710 ἀεὶ
1093 2651 1356 2731 φίλτροισι
1388 2652 1629 2731 δαμάζῃς

516 2738 728 2819 ἀνέρας·
754 2739 967 2819 ἐχρήσω
996 2738 1042 2797 δ’
1075 2743 1147 2805 εἷς
1176 2738 1271 2815 ἐμὲ
1298 2746 1432 2797 πᾶσι
1460 2739 1637 2815 μόνον.

772 2893 843 2944 89
859 2929 873 2943 .
919 2884 1252 2943 ΜΑΙΚΙΟΥ
1298 2887 1657 2947 ΚΟΙΝΤΟΥ.

437 3017 683 3090 Ἀκταίης
706 3019 913 3088 νησῖδος
946 3019 1291 3094 ἁλιξάντοισι,
1316 3021 1556 3100 Πρίηπε,

517 3107 727 3187 χοιράσι
754 3106 845 3165 καὶ
874 3115 1058 3184 τρηχεῖ
1086 3108 1373 3188 τερπόμενε
1397 3109 1664 3187 σκοπέλῳ,

441 3194 521 3252 σοὶ
551 3193 721 3273 Πάρις
744 3194 1163 3273 ὀστρακόδερμον
1189 3199 1278 3255 ὑπ’
1305 3195 1565 3275 εὖθήροισι
1596 3197 1829 3275 δαμέντα

518 3285 547 3339 ὁ
566 3281 780 3359 γριπεὺς
805 3281 1064 3358 καλάμοις
1086 3282 1321 3362 κάραὸον
1346 3284 1658 3362 ἐκρέμασεν·

441 3370 613 3448 σάρκα
646 3368 740 3447 μὲν
769 3369 999 3450 ἔμπυρον
1029 3370 1179 3438 αὐτὸς
1214 3373 1299 3452 ὑφ’
1324 3371 1627 3451 ἡμίὸρωτον
1658 3371 1842 3432 ὀδόντα

520 3458 621 3526 θεὶς
653 3459 834 3538 μάκαρ
849 3503 867 3536 ,
897 3457 1025 3517 αὐτὸ
1051 3458 1107 3517 δὲ
1132 3461 1213 3519 σοὶ
1235 3464 1389 3519 τοῦτο
1414 3459 1544 3537 πόρε
1576 3459 1857 3520 σκύὸαλον.

438 3673 516 3724 Sic
543 3683 703 3722 tamen
727 3671 948 3722 ambesus
971 3673 1154 3723 domini
1174 3673 1353 3723 virtute
1374 3657 1601 3726 minebat
1618 3713 1633 3737 ,

505 3761 565 3808 Et
581 3756 781 3807 domino
810 3772 1000 3822 semper
1025 3773 1165 3807 eausa
1195 3757 1362 3807 salutis
1381 3768 1502 3808 erat.

439 3844 691 3905 Quotquot
718 3839 903 3890 militiae
924 3841 1095 3905 Sparte
1114 3840 1248 3890 dedit
1272 3839 1471 3892 horrida
1489 3843 1633 3908 leges,

504 3926 723 3973 Servatus
748 3938 915 3972 omnes
937 3923 1093 3972 cernis
1121 3923 1171 3972 in
1190 3921 1283 3973 hoe
1310 3925 1497 3991 clypeo.

1037 4059 1118 4107 85.
1154 4075 1402 4108 rituum.

440 4192 531 4242 Tib
552 4202 604 4242 et
634 4192 720 4242 tho
747 4193 1067 4259 clypeumque
1084 4193 1227 4244 simul
1255 4209 1366 4243 eum
1385 4194 1565 4243 casside
1580 4209 1689 4244 cum
1706 4195 1781 4258 gal

507 4275 911 4340 Gordioprilarius
935 4291 1163 4327 consecro
1188 4275 1465 4327 Timotheo.

680 4408 761 4454 86.
799 4423 1030 4456 zui-onan
1075 4424 1337 4470 ουτοι-ιε,
1366 4411 1464 4458 viri
1492 4409 1707 4470 illustris,

1098 4491 1161 4540 de
1190 4492 1349 4544 simili.

441 4619 637 4678 Ensem,
662 4632 851 4678 ocreas,
873 4617 1114 4683 elypeum,
1145 4620 1347 4685 galeam,
1375 4621 1570 4672 thoraca
1588 4621 1817 4671 Minervae

508 4697 660 4747 Rufus
682 4700 993 4750 Memmiades
1014 4702 1199 4752 Gellius
1237 4703 1317 4754 hic
1348 4705 1524 4771 posuit.

1047 4841 1128 4899 87.
1178 4855 1396 4890 metari.

446 4962 680 5014 Nebridas
699 4972 747 5013 et
772 4965 953 5014 claram
981 4967 1067 5016 tibi
1096 4973 1188 5016 Pan
1218 4969 1361 5032 dicat,
1390 4973 1502 5020 Exie
1522 5007 1534 5031 ,
1570 4973 1748 5036 quipne

2045 332 2055 381 1
2087 310 2268 357 Verum
2293 308 2437 356 etiam
2462 304 2928 354 circum-laceratum
2955 302 3048 352 hoe
3069 316 3217 353 manu
3240 302 3492 353 bellicosa

2149 394 2434 444 servabatur
2457 394 2748 457 a-Nicagora
2761 430 2774 453 ‚
2799 394 2849 441 et
2873 392 3098 442 servabat
3121 392 3433 455 Nicagorum.

2086 486 2264 547 Legem
2296 485 2480 545 Spartae
2507 480 2570 531 ‹le
2595 480 3076 531 resistendo-in-aeie
3105 480 3152 527 in
3180 481 3324 528 scuto

2149 572 2244 621 hoe
2265 570 2439 633 aliquis
2467 568 2652 621 videbit
2673 572 2828 619 totam
2851 567 3176 618 observatam.

2643 729 2721 775 85.
2756 724 3078 773 PALLADAE.

2646 858 2879 903 Dedicatio
2901 856 3094 901 ludicra.

2092 991 2187 1041 Τὸν
2201 990 2267 1037 θώ
2285 989 2544 1049 (loricam)
2563 991 2612 1038 et
2629 989 2711 1042 τὰς
2723 987 2809 1043 κνῆ
2827 982 3100 1047 (oct-eolla)
3115 984 3166 1031 et
3178 984 3375 1031 scutum
3393 981 3452 1029 et
3469 976 3684 1026 hastam

2153 1075 2562 1139 Gordioprilarius
2583 1074 2827 1125 dedicavit
2850 1071 3122 1123 Timotheo.
3197 1070 3268 1133 [et
3289 1073 3380 1131 κρᾱ
3399 1067 3682 1131 (yoleam)

2765 1314 2934 1361 STRIS
2952 1349 2965 1370 ‚

2575 1461 2624 1504 in
2644 1459 2770 1503 illum
2791 1458 2940 1503 lusum
2961 1454 3168 1500 Pauadae.

2095 1594 2336 1655 Κνημῖδας
2351 1628 2366 1654 ,
2393 1592 2611 1655 θώρηκα,
2635 1590 2832 1637 scutum
2847 1626 2859 1647 ‚
2887 1585 3071 1649 galeam
3085 1622 3098 1643 ‚
3121 1583 3314 1632 hastam
3337 1580 3590 1631 Minervae

2155 1680 2317 1731 Rufus
2344 1679 2530 1729 Gellius
2547 1717 2560 1739 ‚
2581 1672 2976 1726 Memmiae-lilius
2993 1711 3006 1733 ,
3035 1670 3290 1735 suspendit

2663 1816 2738 1863 87.
2788 1822 3068 1865 menn.

2092 1957 2346 2008 Dedieavit
2369 1956 2458 2006 tihi
2485 1955 2676 2005 clavam
2707 1956 2758 2003 et
2778 1951 3310 2015 hinnuleorum-pelles
3337 1954 3464 2000 tuus
3493 1953 3600 1999 Pan
3623 1988 3638 2010 ,

2153 2046 2272 2095 Evie
2288 2084 2301 2106 ,
2329 2044 2498 2095 relicto
2525 2042 2674 2093 choro
2697 2044 2786 2091 tuo
2809 2054 2896 2105 per
2924 2040 3154 2104 Paphiam
3180 2059 3192 2088 z

2093 2135 2230 2185 Echo
2248 2132 2379 2183 enim
2398 2133 2530 2181 amat
2544 2169 2558 2191 ‚
2578 2132 2630 2180 et
2645 2131 2878 2193 vagatum
2900 2131 2950 2179 at
2967 2130 3046 2188 tu,
3066 2127 3256 2177 Bacche
3270 2166 3283 2187 ,

2155 2218 2492 2285 propitius-sis
2521 2218 2766 2267 communi
2791 2218 2926 2267 sorte
2955 2216 3146 2267 utenti!

2433 2370 2509 2416 88.
2533 2365 2908 2413 ANTIPHANIS
2933 2363 3316 2413 Macssnoxls.

2096 2503 2207 2563 Ipsa
2235 2498 2323 2549 tibi
2349 2498 2589 2561 Cytherea
2613 2496 2901 2547 deliciosum
2923 2509 2954 2545 a
2975 2495 3202 2546 mammis
3218 2532 3232 2556 ‚

2157 2587 2243 2634 Ino
2258 2622 2272 2643 ‚
2301 2582 2518 2633 solutum
2535 2583 2734 2631 cestum
2761 2579 2900 2629 dedit
2915 2578 3097 2629 habere
3113 2618 3126 2640 ,

2091 2674 2151 2722 ut
2177 2669 2770 2722 animum-delinientibus
2800 2681 2992 2732 semper
3015 2667 3212 2731 philtris
3237 2666 3412 2717 domes

2154 2759 2314 2817 viros3
2351 2772 2440 2808 usa
2469 2771 2587 2808 vero
2613 2771 2667 2807 es
2695 2755 2924 2807 omnibus
2949 2756 3001 2805 in
3025 2770 3105 2806 me
3135 2754 3313 2806 solum.

2577 2897 2656 2942 89.
2691 2891 2896 2940 MAEcn
2927 2891 3169 2947 QUINTI.

2092 3031 2316 3082 Litoralis
2335 3030 2509 3080 insulse
2529 3029 2808 3080 mari—tritis
2821 3067 2834 3090 ‚
2856 3028 3028 3092 Priape
3043 3066 3057 3087 ,

2155 3116 2383 3168 cautibus
2407 3118 2461 3167 et
2485 3129 2658 3180 aspero
2689 3116 2908 3181 gaudens
2933 3117 3134 3179 seopulo
3151 3155 3164 3176 ‚

2090 3206 2181 3257 tibi
2199 3206 2335 3256 Paris
2351 3205 2582 3255 carabum
2603 3204 2934 3268 lapidea—pelle
2956 3203 3051 3254 sub
3072 3203 3298 3254 felicibus

2153 3293 2350 3344 calamis
2376 3293 2630 3344 domatum
2649 3293 2862 3356 piscator
2885 3291 3155 3356 suspendit.

2093 3385 2302 3433 Carnem
2326 3381 2525 3445 quidem
2552 3383 2754 3446 ex-igne
2779 3379 2872 3431 suh
2890 3381 3268 3432 semicorrosum
3299 3380 3500 3431 dentem

2152 3470 2321 3534 posuit
2345 3470 2460 3520 beat
2467 3483 2528 3520 us
2545 3509 2560 3532 ,
2574 3470 2734 3519 solum
2758 3471 2928 3519 autem
2945 3469 3036 3519 tibi
3059 3468 3154 3518 hoe
3169 3467 3383 3532 praebuit
3399 3473 3662 3531 putamen.

2277 1234 2356 1277 86.
2387 1228 2694 1277 EUTOLMH
2722 1223 3130 1275 SCHOLAsTlcl
3161 1222 3327 1271 ILLU·

2156 3675 2346 3724 Deserit
2373 3676 2456 3725 ille
2485 3684 2592 3724 tuos
2623 3682 2790 3741 eaptus
2820 3691 2984 3725 amore
3007 3673 3196 3724 choros.

2095 3757 2225 3807 Echo
2256 3775 2343 3823 per
2365 3773 2616 3808 nemorum
2642 3756 2813 3823 quaerit
2847 3771 2988 3822 vagus
3015 3757 3145 3815 avia,
3165 3755 3382 3814 Bacche,

2159 3844 2249 3889 Ars
2265 3838 2338 3888 illi
2365 3849 2436 3889 est
2461 3839 2626 3888 eadem
2653 3855 2760 3904 quae
2784 3838 2900 3898 tibi,
2924 3839 2986 3888 da
3009 3839 3216 3888 veniam.

2643 3955 2725 4005 88.
2762 3971 3070 4006 inurunt-s.

2094 4086 2180 4131 Ino
2201 4118 2215 4142 ,
2250 4099 2296 4130 ie
2320 4083 2524 4149 propriis
2543 4098 2684 4147 quem
2704 4083 2914 4131 solverat
2937 4083 3039 4149 ipsa
3069 4083 3283 4149 papillis.

2159 4169 2317 4226 Hunc,
2349 4164 2601 4230 Cytherea,
2641 4166 2730 4214 tibi
2751 4173 2912 4216 ceston
2933 4165 3113 4215 habere
3141 4166 3293 4226 dedit,

2096 4249 2252 4299 Multa
2279 4250 2431 4299 virum
2463 4265 2622 4315 posses
2645 4249 2902 4314 flammare]
2921 4259 2970 4298 ut
2991 4259 3184 4315 pectora
3215 4266 3226 4300 ε
3251 4249 3378 4298 solus
3521 4251 3573 4288 ἲ

2159 4331 2248 4381 Sed
2274 4331 2362 4381 tibi
2381 4348 2484 4380 sum
2507 4341 2639 4381 tanta
2662 4331 2831 4380 fraude
2857 4331 3030 4396 petitus
3059 4347 3163 4395 ego.

2734 4449 2816 4510 89.
2847 4462 3022 4494 ουκ-ιι.

2093 4566 2137 4611 Ο
2163 4563 2240 4610 cui
2265 4562 2360 4611 sint
2389 4561 2523 4611 cordi
2542 4562 2846 4627 scopulorum
2873 4577 3003 4620 saxa,
3029 4558 3219 4624 Priape.

2157 4646 2217 4693 Et
2241 4644 2402 4692 brevia
2427 4643 2602 4692 insanis
2620 4659 2726 4709 quae
2750 4659 2884 4693 mare
2907 4643 3034 4693 radit
3063 4642 3220 4707 aquis,

2091 4726 2315 4790 Tegmine
2349 4741 2457 4775 cum
2481 4726 2601 4775 duro
2632 4726 2807 4790 pendet
2831 4725 2918 4774 tibi
2943 4723 3145 4773 carabus
3169 4723 3286 4784 iste,

2157 4811 2312 4872 Quem
2338 4808 2466 4857 Paris
2495 4807 2676 4856 insidiis
2700 4807 2826 4873 cepit
2845 4805 3139 4855 arundineis.

2092 4895 2196 4956 Ipse
2216 4890 2406 4954 quidem
2436 4905 2628 4938 carnem
2655 4905 2834 4937 semeso
2863 4888 3008 4938 dente
3027 4885 3242 4940 voravit,

2161 4975 2290 5023 Felix
2321 4989 2333 5020 t
2371 4973 2562 5022 exuvias
2585 4981 2653 5021 sat
2689 4981 2823 5038 putat
2849 4989 2948 5020 esse
2971 4970 3084 5022 tibi.

2037 3673 2052 5019 *Ἣ
