<?xml version="1.0" encoding="UTF-8"?>
<!DOCTYPE html PUBLIC "-//W3C//DTD XHTML 1.0 Transitional//EN"
    "http://www.w3.org/TR/xhtml1/DTD/xhtml1-transitional.dtd">
<html xmlns="http://www.w3.org/1999/xhtml" xml:lang="en" lang="en">
 <head>
  <title>
</title>
<meta http-equiv="Content-Type" content="text/html;charset=utf-8" />
  <meta name='ocr-system' content='tesseract 3.04.00' />
  <meta name='ocr-capabilities' content='ocr_page ocr_carea ocr_par ocr_line ocrx_word'/>
</head>
<body>
  <div class='ocr_page' id='page_1' title='image "./epigrammatumant00unkngoog_0161.png"; bbox 0 0 3829 5747; ppageno 0'>
   <div class='ocr_carea' id='block_1_1' title="bbox 1273 142 2224 203">
    <p class='ocr_par' dir='ltr' id='par_1_1' title="bbox 1273 142 2224 203">
     <span class='ocr_line' id='line_1_1' title="bbox 1273 142 2224 203; baseline -0.003 0"><span class='ocrx_word' id='word_1_1' title='bbox 1273 144 1348 203; x_wconf 91' lang='lat' dir='ltr'><strong>IN</strong></span> <span class='ocrx_word' id='word_1_2' title='bbox 1392 142 1637 202; x_wconf 84' lang='lat' dir='ltr'>CAPUT</span> <span class='ocrx_word' id='word_1_3' title='bbox 1681 143 1726 199; x_wconf 79' lang='lat' dir='ltr'>V</span> <span class='ocrx_word' id='word_1_4' title='bbox 1777 142 2224 201; x_wconf 67' lang='lat' dir='ltr'><strong>ANNOTA&#39;HO.</strong></span> 
     </span>
    </p>
   </div>
   <div class='ocr_carea' id='block_1_2' title="bbox 159 272 1711 420">
    <p class='ocr_par' dir='ltr' id='par_1_2' title="bbox 159 272 1711 420">
     <span class='ocr_line' id='line_1_2' title="bbox 219 272 1711 339; baseline -0.006 -10"><span class='ocrx_word' id='word_1_5' title='bbox 219 282 352 336; x_wconf 79' lang='lat' dir='ltr'><strong>batur,</strong></span> <span class='ocrx_word' id='word_1_6' title='bbox 387 276 571 339; x_wconf 80' lang='lat' dir='ltr'><strong>conjecit</strong></span> <span class='ocrx_word' id='word_1_7' title='bbox 607 276 802 337; x_wconf 78' lang='grc' dir='ltr'><strong>ὄνοσαι,</strong></span> <span class='ocrx_word' id='word_1_8' title='bbox 839 274 926 323; x_wconf 80' lang='lat' dir='ltr'><strong>sed</strong></span> <span class='ocrx_word' id='word_1_9' title='bbox 978 273 1242 337; x_wconf 86' lang='lat' dir='ltr'><strong>requiritur</strong></span> <span class='ocrx_word' id='word_1_10' title='bbox 1281 274 1388 323; x_wconf 75' lang='lat' dir='ltr'><strong>odii</strong></span> <span class='ocrx_word' id='word_1_11' title='bbox 1426 272 1711 336; x_wconf 83' lang='lat' dir='ltr'><strong>significatio</strong></span> 
     </span>
     <span class='ocr_line' id='line_1_3' title="bbox 159 340 1710 420; baseline -0.006 -22"><span class='ocrx_word' id='word_1_12' title='bbox 159 402 168 420; x_wconf 45' lang='lat'>⁸</span> <span class='ocrx_word' id='word_1_13' title='bbox 217 350 344 398; x_wconf 73' lang='lat' dir='ltr'><strong>aznori</strong></span> <span class='ocrx_word' id='word_1_14' title='bbox 355 348 582 410; x_wconf 81' lang='lat' dir='ltr'><strong>opposita,</strong></span> <span class='ocrx_word' id='word_1_15' title='bbox 609 360 706 395; x_wconf 90' lang='lat' dir='ltr'><strong>non</strong></span> <span class='ocrx_word' id='word_1_16' title='bbox 736 344 1167 409; x_wconf 72' lang='lat' dir='ltr'><strong>reprehaemdenda&#39;,</strong></span> <span class='ocrx_word' id='word_1_17' title='bbox 1199 358 1288 393; x_wconf 89' lang='lat' dir='ltr'><strong>nec</strong></span> <span class='ocrx_word' id='word_1_18' title='bbox 1308 340 1662 404; x_wconf 65' lang='lat' dir='ltr'><strong>vituperandi.</strong></span> <span class='ocrx_word' id='word_1_19' title='bbox 1687 361 1710 383; x_wconf 82' lang='grc' dir='ltr'><strong>υ</strong></span> 
     </span>
    </p>
   </div>
   <div class='ocr_carea' id='block_1_3' title="bbox 214 494 1717 843">
    <p class='ocr_par' dir='ltr' id='par_1_3' title="bbox 214 494 1717 843">
     <span class='ocr_line' id='line_1_4' title="bbox 267 494 1712 565; baseline -0.006 -14"><span class='ocrx_word' id='word_1_20' title='bbox 267 503 414 551; x_wconf 81' lang='lat' dir='ltr'><strong>Lxxx.</strong></span> <span class='ocrx_word' id='word_1_21' title='bbox 443 498 580 561; x_wconf 78' lang='lat' dir='ltr'><strong>Apud</strong></span> <span class='ocrx_word' id='word_1_22' title='bbox 621 498 761 561; x_wconf 78' lang='lat' dir='ltr'><strong>Diog.</strong></span> <span class='ocrx_word' id='word_1_23' title='bbox 801 500 854 547; x_wconf 82' lang='lat'><strong>1..</strong></span> <span class='ocrx_word' id='word_1_24' title='bbox 905 497 1098 547; x_wconf 82' lang='lat' dir='ltr'>ibidem.</span> <span class='ocrx_word' id='word_1_25' title='bbox 1127 499 1190 565; x_wconf 55' lang='lat' dir='ltr'><strong>⁹In</strong></span> <span class='ocrx_word' id='word_1_26' title='bbox 1231 498 1363 547; x_wconf 87' lang='lat' dir='ltr'><strong>I’lan.</strong></span> <span class='ocrx_word' id='word_1_27' title='bbox 1407 494 1712 545; x_wconf 76' lang='lat' dir='ltr'><strong>Philodemo</strong></span> 
     </span>
     <span class='ocr_line' id='line_1_5' title="bbox 215 563 1715 628; baseline -0.007 -7"><span class='ocrx_word' id='word_1_28' title='bbox 215 572 426 621; x_wconf 76' lang='lat' dir='ltr'>tribuitur.</span> <span class='ocrx_word' id='word_1_29' title='bbox 463 588 485 611; x_wconf 75' lang='grc' dir='ltr'><strong>ιι</strong></span> <span class='ocrx_word' id='word_1_30' title='bbox 525 568 720 617; x_wconf 79' lang='lat' dir='ltr'><strong>Gallicis</strong></span> <span class='ocrx_word' id='word_1_31' title='bbox 751 568 976 617; x_wconf 71' lang='lat' dir='ltr'><strong>versibus</strong></span> <span class='ocrx_word' id='word_1_32' title='bbox 1007 567 1214 616; x_wconf 84' lang='lat' dir='ltr'><strong>reddidit</strong></span> <span class='ocrx_word' id='word_1_33' title='bbox 1240 568 1617 628; x_wconf 76' lang='lat' dir='ltr'><strong>Longopetraeus</strong></span> <span class='ocrx_word' id='word_1_34' title='bbox 1651 563 1715 611; x_wconf 88' lang='lat' dir='ltr'><strong>ad</strong></span> 
     </span>
     <span class='ocr_line' id='line_1_6' title="bbox 216 634 1717 702; baseline -0.007 -12"><span class='ocrx_word' id='word_1_35' title='bbox 216 642 386 690; x_wconf 84' lang='lat' dir='ltr'><strong>Theocr.</strong></span> <span class='ocrx_word' id='word_1_36' title='bbox 407 653 450 702; x_wconf 89' lang='lat' dir='ltr'><strong>p.</strong></span> <span class='ocrx_word' id='word_1_37' title='bbox 467 643 570 688; x_wconf 86' lang='grc'><strong>204.</strong></span> <span class='ocrx_word' id='word_1_38' title='bbox 595 660 620 681; x_wconf 74' lang='grc' dir='ltr'><strong>υ</strong></span> <span class='ocrx_word' id='word_1_39' title='bbox 644 639 703 686; x_wconf 81' lang='grc' dir='ltr'><strong>Β.</strong></span> <span class='ocrx_word' id='word_1_40' title='bbox 739 639 922 687; x_wconf 80' lang='lat' dir='ltr'><strong>Malum</strong></span> <span class='ocrx_word' id='word_1_41' title='bbox 953 638 1170 699; x_wconf 90' lang='lat' dir='ltr'><strong>loquitur</strong></span> <span class='ocrx_word' id='word_1_42' title='bbox 1197 636 1258 685; x_wconf 87' lang='lat' dir='ltr'><strong>ab</strong></span> <span class='ocrx_word' id='word_1_43' title='bbox 1293 638 1486 685; x_wconf 84' lang='lat' dir='ltr'><strong>amante</strong></span> <span class='ocrx_word' id='word_1_44' title='bbox 1513 634 1561 682; x_wconf 90' lang='lat' dir='ltr'><strong>in</strong></span> <span class='ocrx_word' id='word_1_45' title='bbox 1598 636 1717 681; x_wconf 83' lang='lat' dir='ltr'><strong>Xan·</strong></span> 
     </span>
     <span class='ocr_line' id='line_1_7' title="bbox 216 703 1716 775; baseline -0.007 -15"><span class='ocrx_word' id='word_1_46' title='bbox 216 712 396 775; x_wconf 80' lang='lat' dir='ltr'><strong>thippam</strong></span> <span class='ocrx_word' id='word_1_47' title='bbox 421 710 632 759; x_wconf 81' lang='lat' dir='ltr'><strong>missum.</strong></span> <span class='ocrx_word' id='word_1_48' title='bbox 654 736 714 744; x_wconf 96' lang='lat'><strong>—</strong></span> <span class='ocrx_word' id='word_1_49' title='bbox 733 716 778 758; x_wconf 83' lang='lat'><strong>2.</strong></span> <span class='ocrx_word' id='word_1_50' title='bbox 807 708 1032 757; x_wconf 82' lang='lat' dir='ltr'><strong>Clemens</strong></span> <span class='ocrx_word' id='word_1_51' title='bbox 1048 708 1186 756; x_wconf 80' lang='lat' dir='ltr'><strong>Alex.</strong></span> <span class='ocrx_word' id='word_1_52' title='bbox 1204 720 1280 768; x_wconf 86' lang='lat' dir='ltr'><strong>ap.</strong></span> <span class='ocrx_word' id='word_1_53' title='bbox 1303 708 1404 753; x_wconf 85' lang='lat' dir='ltr'><strong>Jac.</strong></span> <span class='ocrx_word' id='word_1_54' title='bbox 1429 726 1440 752; x_wconf 92' lang='grc'><strong>·.</strong></span> <span class='ocrx_word' id='word_1_55' title='bbox 1465 706 1602 766; x_wconf 72' lang='grc' dir='ltr'><strong>ἄμφω</strong></span> <span class='ocrx_word' id='word_1_56' title='bbox 1627 703 1716 763; x_wconf 78' lang='grc' dir='ltr'><strong>γὰρ</strong></span> 
     </span>
     <span class='ocr_line' id='line_1_8' title="bbox 214 778 1204 843; baseline -0.004 -15"><span class='ocrx_word' id='word_1_57' title='bbox 214 782 478 843; x_wconf 75' lang='grc' dir='ltr'><strong>μαραίνεσῦον</strong></span> <span class='ocrx_word' id='word_1_58' title='bbox 493 782 574 827; x_wconf 75' lang='grc' dir='ltr'><strong>καὶ</strong></span> <span class='ocrx_word' id='word_1_59' title='bbox 602 781 658 827; x_wconf 88' lang='grc' dir='ltr'><strong>τὸ</strong></span> <span class='ocrx_word' id='word_1_60' title='bbox 679 781 810 835; x_wconf 74' lang='grc' dir='ltr'><strong>ἄνθος</strong></span> <span class='ocrx_word' id='word_1_61' title='bbox 835 782 914 827; x_wconf 73' lang='grc' dir='ltr'><strong>καὶ</strong></span> <span class='ocrx_word' id='word_1_62' title='bbox 936 781 992 827; x_wconf 86' lang='grc' dir='ltr'><strong>τὸ</strong></span> <span class='ocrx_word' id='word_1_63' title='bbox 1022 778 1204 833; x_wconf 59' lang='lat' dir='ltr'><strong>adnue.</strong></span> 
     </span>
    </p>
   </div>
   <div class='ocr_carea' id='block_1_4' title="bbox 213 917 1719 1461">
    <p class='ocr_par' dir='ltr' id='par_1_4' title="bbox 213 917 1719 1461">
     <span class='ocr_line' id='line_1_9' title="bbox 262 917 1718 987; baseline -0.008 -13"><span class='ocrx_word' id='word_1_64' title='bbox 262 927 434 975; x_wconf 70' lang='lat' dir='ltr'><strong>LXXXI.</strong></span> <span class='ocrx_word' id='word_1_65' title='bbox 456 950 514 960; x_wconf 96' lang='lat'><em>-</em></span> <span class='ocrx_word' id='word_1_66' title='bbox 535 931 577 974; x_wconf 83' lang='lat'><strong>1.</strong></span> <span class='ocrx_word' id='word_1_67' title='bbox 596 926 658 973; x_wconf 82' lang='lat' dir='ltr'><strong>‘H</strong></span> <span class='ocrx_word' id='word_1_68' title='bbox 677 926 736 973; x_wconf 79' lang='grc' dir='ltr'><strong>τὰ</strong></span> <span class='ocrx_word' id='word_1_69' title='bbox 759 925 892 987; x_wconf 78' lang='grc' dir='ltr'><strong>ῥόδα,</strong></span> <span class='ocrx_word' id='word_1_70' title='bbox 914 923 1142 985; x_wconf 79' lang='lat' dir='ltr'><strong>supplent</strong></span> <span class='ocrx_word' id='word_1_71' title='bbox 1159 924 1402 978; x_wconf 62' lang='grc' dir='ltr'><strong>πωλοῦσα,</strong></span> <span class='ocrx_word' id='word_1_72' title='bbox 1430 922 1610 969; x_wconf 82' lang='lat' dir='ltr'><strong>rec-tius</strong></span> <span class='ocrx_word' id='word_1_73' title='bbox 1625 917 1718 965; x_wconf 83' lang='lat' dir='ltr'><strong>for·</strong></span> 
     </span>
     <span class='ocr_line' id='line_1_10' title="bbox 215 989 1717 1055; baseline -0.003 -14"><span class='ocrx_word' id='word_1_74' title='bbox 215 998 320 1041; x_wconf 77' lang='lat' dir='ltr'><strong>tasse</strong></span> <span class='ocrx_word' id='word_1_75' title='bbox 347 996 530 1055; x_wconf 78' lang='grc' dir='ltr'><strong>ἔχουσα,</strong></span> <span class='ocrx_word' id='word_1_76' title='bbox 553 995 774 1055; x_wconf 71' lang='grc' dir='ltr'><strong>φέρουσα,</strong></span> <span class='ocrx_word' id='word_1_77' title='bbox 801 992 1010 1055; x_wconf 82' lang='lat' dir='ltr'><strong>eleganti</strong></span> <span class='ocrx_word' id='word_1_78' title='bbox 1037 1006 1130 1041; x_wconf 85' lang='lat' dir='ltr'><strong>usu</strong></span> <span class='ocrx_word' id='word_1_79' title='bbox 1159 989 1425 1040; x_wconf 80' lang='lat' dir='ltr'><strong>accusativi</strong></span> <span class='ocrx_word' id='word_1_80' title='bbox 1459 989 1620 1052; x_wconf 67' lang='lat' dir='ltr'><strong>graeci.</strong></span> <span class='ocrx_word' id='word_1_81' title='bbox 1655 1011 1717 1022; x_wconf 95' lang='lat'><strong>-—</strong></span> 
     </span>
     <span class='ocr_line' id='line_1_11' title="bbox 218 1060 1715 1125; baseline -0.004 -15"><span class='ocrx_word' id='word_1_82' title='bbox 218 1070 237 1110; x_wconf 88' lang='lat'><em>2</em></span> <span class='ocrx_word' id='word_1_83' title='bbox 259 1066 282 1117; x_wconf 82' lang='grc' dir='ltr'><strong>ἦ</strong></span> <span class='ocrx_word' id='word_1_84' title='bbox 305 1066 355 1110; x_wconf 79' lang='grc' dir='ltr'><strong>ιὰ</strong></span> <span class='ocrx_word' id='word_1_85' title='bbox 383 1064 488 1125; x_wconf 76' lang='grc' dir='ltr'><strong>ῥόδ’,</strong></span> <span class='ocrx_word' id='word_1_86' title='bbox 511 1066 541 1121; x_wconf 83' lang='grc' dir='ltr'>ἣ</span> <span class='ocrx_word' id='word_1_87' title='bbox 563 1066 738 1120; x_wconf 74' lang='grc' dir='ltr'><strong>σαυτὴν</strong></span> <span class='ocrx_word' id='word_1_88' title='bbox 769 1064 1103 1121; x_wconf 73' lang='lat' dir='ltr'><strong>Hermannus,</strong></span> <span class='ocrx_word' id='word_1_89' title='bbox 1131 1061 1364 1123; x_wconf 82' lang='lat' dir='ltr'>probante</span> <span class='ocrx_word' id='word_1_90' title='bbox 1401 1063 1504 1109; x_wconf 79' lang='lat' dir='ltr'><strong>Jac.</strong></span> <span class='ocrx_word' id='word_1_91' title='bbox 1529 1077 1552 1101; x_wconf 73' lang='grc' dir='ltr'><strong>«ι</strong></span> <span class='ocrx_word' id='word_1_92' title='bbox 1594 1060 1715 1106; x_wconf 85' lang='lat' dir='ltr'><strong>Pun-</strong></span> 
     </span>
     <span class='ocr_line' id='line_1_12' title="bbox 214 1127 1716 1196; baseline -0.003 -17"><span class='ocrx_word' id='word_1_93' title='bbox 214 1138 322 1180; x_wconf 74' lang='lat' dir='ltr'><strong>ctum</strong></span> <span class='ocrx_word' id='word_1_94' title='bbox 347 1133 476 1194; x_wconf 81' lang='lat' dir='ltr'><strong>posui</strong></span> <span class='ocrx_word' id='word_1_95' title='bbox 501 1136 616 1196; x_wconf 80' lang='lat' dir='ltr'><strong>post</strong></span> <span class='ocrx_word' id='word_1_96' title='bbox 637 1134 698 1181; x_wconf 80' lang='grc' dir='ltr'><strong>τὰ</strong></span> <span class='ocrx_word' id='word_1_97' title='bbox 728 1134 864 1195; x_wconf 73' lang='grc' dir='ltr'><strong>ῥόδα,</strong></span> <span class='ocrx_word' id='word_1_98' title='bbox 891 1136 947 1180; x_wconf 93' lang='lat' dir='ltr'><strong>ut</strong></span> <span class='ocrx_word' id='word_1_99' title='bbox 970 1131 1056 1180; x_wconf 83' lang='lat' dir='ltr'><strong>fiat</strong></span> <span class='ocrx_word' id='word_1_100' title='bbox 1081 1130 1282 1193; x_wconf 81' lang='lat' dir='ltr'><strong>legentis</strong></span> <span class='ocrx_word' id='word_1_101' title='bbox 1307 1142 1457 1178; x_wconf 90' lang='lat' dir='ltr'><strong>mora.</strong></span> <span class='ocrx_word' id='word_1_102' title='bbox 1485 1127 1642 1177; x_wconf 84' lang='lat' dir='ltr'><strong>Verba</strong></span> <span class='ocrx_word' id='word_1_103' title='bbox 1663 1128 1716 1183; x_wconf 81' lang='grc' dir='ltr'><strong>ἠὲ</strong></span> 
     </span>
     <span class='ocr_line' id='line_1_13' title="bbox 215 1196 1718 1267; baseline -0.004 -18"><span class='ocrx_word' id='word_1_104' title='bbox 215 1205 490 1267; x_wconf 62' lang='grc' dir='ltr'><strong>συναμφότερα</strong></span> <span class='ocrx_word' id='word_1_105' title='bbox 507 1203 799 1265; x_wconf 80' lang='lat' dir='ltr'><strong>pronunciat</strong></span> <span class='ocrx_word' id='word_1_106' title='bbox 825 1204 1015 1265; x_wconf 82' lang='lat' dir='ltr'><strong>emptor</strong></span> <span class='ocrx_word' id='word_1_107' title='bbox 1029 1214 1127 1250; x_wconf 87' lang='lat' dir='ltr'><strong>non</strong></span> <span class='ocrx_word' id='word_1_108' title='bbox 1152 1199 1381 1249; x_wconf 91' lang='lat' dir='ltr'><strong>continuo</strong></span> <span class='ocrx_word' id='word_1_109' title='bbox 1395 1236 1408 1258; x_wconf 90' lang='lat'>‚</span> <span class='ocrx_word' id='word_1_110' title='bbox 1440 1198 1526 1247; x_wconf 88' lang='lat' dir='ltr'><strong>sed</strong></span> <span class='ocrx_word' id='word_1_111' title='bbox 1551 1196 1718 1245; x_wconf 87' lang='lat' dir='ltr'><strong>relicto</strong></span> 
     </span>
     <span class='ocr_line' id='line_1_14' title="bbox 213 1266 1717 1334; baseline -0.003 -15"><span class='ocrx_word' id='word_1_112' title='bbox 213 1274 390 1334; x_wconf 76' lang='lat' dir='ltr'><strong>pauxisso</strong></span> <span class='ocrx_word' id='word_1_113' title='bbox 411 1272 681 1321; x_wconf 78' lang='lat' dir='ltr'><strong>intervallo.</strong></span> <span class='ocrx_word' id='word_1_114' title='bbox 719 1272 798 1320; x_wconf 88' lang='lat' dir='ltr'><strong>Sic</strong></span> <span class='ocrx_word' id='word_1_115' title='bbox 823 1271 1036 1320; x_wconf 73' lang='lat' dir='ltr'><strong>brevitas</strong></span> <span class='ocrx_word' id='word_1_116' title='bbox 1063 1269 1260 1332; x_wconf 74' lang='lat' dir='ltr'><strong>syllaboe</strong></span> <span class='ocrx_word' id='word_1_117' title='bbox 1287 1270 1474 1319; x_wconf 74' lang='lat' dir='ltr'><strong>ultimae</strong></span> <span class='ocrx_word' id='word_1_118' title='bbox 1489 1305 1504 1327; x_wconf 88' lang='lat'><em>,</em></span> <span class='ocrx_word' id='word_1_119' title='bbox 1533 1271 1583 1317; x_wconf 86' lang='lat' dir='ltr'><strong>et</strong></span> <span class='ocrx_word' id='word_1_120' title='bbox 1611 1266 1717 1315; x_wconf 88' lang='lat' dir='ltr'><strong>hia·-</strong></span> 
     </span>
     <span class='ocr_line' id='line_1_15' title="bbox 213 1336 1719 1404; baseline -0.002 -15"><span class='ocrx_word' id='word_1_121' title='bbox 213 1348 296 1401; x_wconf 82' lang='lat' dir='ltr'><strong>tus‚</strong></span> <span class='ocrx_word' id='word_1_122' title='bbox 338 1342 460 1404; x_wconf 89' lang='lat' dir='ltr'><strong>quod</strong></span> <span class='ocrx_word' id='word_1_123' title='bbox 511 1342 686 1391; x_wconf 72' lang='lat' dir='ltr'><strong>vitium</strong></span> <span class='ocrx_word' id='word_1_124' title='bbox 746 1341 942 1404; x_wconf 80' lang='lat' dir='ltr'><strong>gravius</strong></span> <span class='ocrx_word' id='word_1_125' title='bbox 1004 1344 1108 1401; x_wconf 82' lang='lat' dir='ltr'><strong>est,</strong></span> <span class='ocrx_word' id='word_1_126' title='bbox 1151 1340 1399 1389; x_wconf 82' lang='lat' dir='ltr'><strong>habebunt</strong></span> <span class='ocrx_word' id='word_1_127' title='bbox 1449 1336 1719 1387; x_wconf 76' lang='lat' dir='ltr'><strong>excusatio-</strong></span> 
     </span>
     <span class='ocr_line' id='line_1_16' title="bbox 213 1416 444 1461; baseline 0.004 -1"><span class='ocrx_word' id='word_1_128' title='bbox 213 1426 316 1460; x_wconf 84' lang='lat' dir='ltr'><strong>nem.</strong></span> <span class='ocrx_word' id='word_1_129' title='bbox 342 1435 363 1455; x_wconf 71' lang='lat' dir='ltr'><strong>u</strong></span> <span class='ocrx_word' id='word_1_130' title='bbox 389 1416 444 1461; x_wconf 89' lang='lat' dir='ltr'><strong>B.</strong></span> 
     </span>
    </p>
   </div>
   <div class='ocr_carea' id='block_1_5' title="bbox 211 1541 1720 1824">
    <p class='ocr_par' dir='ltr' id='par_1_5' title="bbox 211 1541 1720 1824">
     <span class='ocr_line' id='line_1_17' title="bbox 261 1541 1720 1609; baseline -0.003 -12"><span class='ocrx_word' id='word_1_131' title='bbox 261 1551 450 1599; x_wconf 72' lang='lat' dir='ltr'><strong>Lxxxn.</strong></span> <span class='ocrx_word' id='word_1_132' title='bbox 484 1553 688 1599; x_wconf 78' lang='lat' dir='ltr'><strong>Lemma</strong></span> <span class='ocrx_word' id='word_1_133' title='bbox 727 1570 737 1597; x_wconf 73' lang='grc' dir='ltr'><strong>ε</strong></span> <span class='ocrx_word' id='word_1_134' title='bbox 769 1550 1025 1597; x_wconf 79' lang='grc' dir='ltr'><strong>ἀδέσποτον</strong></span> <span class='ocrx_word' id='word_1_135' title='bbox 1052 1549 1115 1603; x_wconf 80' lang='grc' dir='ltr'><strong>εἰς</strong></span> <span class='ocrx_word' id='word_1_136' title='bbox 1157 1548 1460 1609; x_wconf 52' lang='lat' dir='ltr'><strong>§azam-esav.</strong></span> <span class='ocrx_word' id='word_1_137' title='bbox 1488 1541 1593 1593; x_wconf 85' lang='lat' dir='ltr'><strong>Hoc</strong></span> <span class='ocrx_word' id='word_1_138' title='bbox 1618 1543 1720 1606; x_wconf 84' lang='lat' dir='ltr'><strong>epi-</strong></span> 
     </span>
     <span class='ocr_line' id='line_1_18' title="bbox 214 1615 1716 1681; baseline -0.005 -14"><span class='ocrx_word' id='word_1_139' title='bbox 214 1632 392 1679; x_wconf 80' lang='lat' dir='ltr'><strong>gramma</strong></span> <span class='ocrx_word' id='word_1_140' title='bbox 415 1634 524 1669; x_wconf 87' lang='lat' dir='ltr'><strong>cum</strong></span> <span class='ocrx_word' id='word_1_141' title='bbox 554 1618 870 1681; x_wconf 78' lang='lat' dir='ltr'><strong>sequentibus</strong></span> <span class='ocrx_word' id='word_1_142' title='bbox 900 1617 1092 1666; x_wconf 85' lang='lat' dir='ltr'><strong>duobus</strong></span> <span class='ocrx_word' id='word_1_143' title='bbox 1117 1616 1168 1664; x_wconf 91' lang='lat' dir='ltr'><strong>in</strong></span> <span class='ocrx_word' id='word_1_144' title='bbox 1197 1616 1329 1664; x_wconf 84' lang='lat' dir='ltr'><strong>Plan.</strong></span> <span class='ocrx_word' id='word_1_145' title='bbox 1361 1615 1604 1677; x_wconf 74' lang='lat' dir='ltr'><strong>Dionysio</strong></span> <span class='ocrx_word' id='word_1_146' title='bbox 1627 1620 1716 1661; x_wconf 71' lang='lat' dir='ltr'><strong>‚so-</strong></span> 
     </span>
     <span class='ocr_line' id='line_1_19' title="bbox 211 1684 1719 1752; baseline -0.007 -13"><span class='ocrx_word' id='word_1_147' title='bbox 211 1690 364 1752; x_wconf 64' lang='lat' dir='ltr'><strong>planta·</strong></span> <span class='ocrx_word' id='word_1_148' title='bbox 386 1691 681 1740; x_wconf 85' lang='lat' dir='ltr'><strong>tribuuntur.</strong></span> <span class='ocrx_word' id='word_1_149' title='bbox 710 1715 774 1725; x_wconf 91' lang='lat'>—</span> <span class='ocrx_word' id='word_1_150' title='bbox 797 1694 815 1737; x_wconf 83' lang='lat'><em>1</em></span> <span class='ocrx_word' id='word_1_151' title='bbox 841 1690 1012 1746; x_wconf 77' lang='grc' dir='ltr'><strong>δήποτε</strong></span> <span class='ocrx_word' id='word_1_152' title='bbox 1028 1700 1128 1735; x_wconf 89' lang='lat' dir='ltr'><strong>om.</strong></span> <span class='ocrx_word' id='word_1_153' title='bbox 1152 1685 1272 1735; x_wconf 88' lang='lat' dir='ltr'><strong>Cod.</strong></span> <span class='ocrx_word' id='word_1_154' title='bbox 1301 1684 1504 1734; x_wconf 87' lang='lat' dir='ltr'><strong>Bothius</strong></span> <span class='ocrx_word' id='word_1_155' title='bbox 1521 1684 1719 1745; x_wconf 78' lang='grc' dir='ltr'><strong>ἔμπυρα.</strong></span> 
     </span>
     <span class='ocr_line' id='line_1_20' title="bbox 213 1759 738 1824; baseline -0.002 -14"><span class='ocrx_word' id='word_1_156' title='bbox 213 1788 260 1796; x_wconf 93' lang='grc'>-</span> <span class='ocrx_word' id='word_1_157' title='bbox 281 1770 304 1810; x_wconf 82' lang='grc'><strong>2</strong></span> <span class='ocrx_word' id='word_1_158' title='bbox 332 1763 426 1824; x_wconf 77' lang='grc' dir='ltr'><strong>πρὶν</strong></span> <span class='ocrx_word' id='word_1_159' title='bbox 443 1762 481 1810; x_wconf 79' lang='grc' dir='ltr'><strong>δ’</strong></span> <span class='ocrx_word' id='word_1_160' title='bbox 497 1762 584 1809; x_wconf 76' lang='grc' dir='ltr'><strong>ἀπ.</strong></span> <span class='ocrx_word' id='word_1_161' title='bbox 609 1759 738 1809; x_wconf 80' lang='lat' dir='ltr'><strong>Plan.</strong></span> 
     </span>
    </p>
   </div>
   <div class='ocr_carea' id='block_1_6' title="bbox 208 1888 1733 2522">
    <p class='ocr_par' dir='ltr' id='par_1_6' title="bbox 208 1888 1733 2522">
     <span class='ocr_line' id='line_1_21' title="bbox 263 1888 1732 1955; baseline -0.001 -16"><span class='ocrx_word' id='word_1_162' title='bbox 263 1894 482 1941; x_wconf 75' lang='lat' dir='ltr'>LXXXIII.</span> <span class='ocrx_word' id='word_1_163' title='bbox 511 1894 720 1941; x_wconf 83' lang='lat' dir='ltr'><strong>Lemma</strong></span> <span class='ocrx_word' id='word_1_164' title='bbox 750 1908 763 1939; x_wconf 72' lang='grc' dir='ltr'><strong>ι</strong></span> <span class='ocrx_word' id='word_1_165' title='bbox 786 1892 1043 1940; x_wconf 72' lang='grc' dir='ltr'><strong>ἀδέσποτον</strong></span> <span class='ocrx_word' id='word_1_166' title='bbox 1075 1893 1140 1946; x_wconf 79' lang='grc' dir='ltr'><strong>εἰς</strong></span> <span class='ocrx_word' id='word_1_167' title='bbox 1160 1890 1408 1955; x_wconf 81' lang='grc' dir='ltr'><strong>ἐρωμένην.</strong></span> <span class='ocrx_word' id='word_1_168' title='bbox 1433 1918 1494 1926; x_wconf 93' lang='grc'><strong>-</strong></span> <span class='ocrx_word' id='word_1_169' title='bbox 1517 1894 1537 1939; x_wconf 87' lang='grc'><strong>1</strong></span> <span class='ocrx_word' id='word_1_170' title='bbox 1569 1892 1625 1947; x_wconf 80' lang='grc' dir='ltr'><strong>δὴ</strong></span> <span class='ocrx_word' id='word_1_171' title='bbox 1645 1888 1732 1939; x_wconf 86' lang='lat' dir='ltr'><strong>ad·</strong></span> 
     </span>
     <span class='ocr_line' id='line_1_22' title="bbox 211 1962 1733 2024; baseline 0 -13"><span class='ocrx_word' id='word_1_172' title='bbox 211 1964 314 2013; x_wconf 82' lang='lat' dir='ltr'>didit</span> <span class='ocrx_word' id='word_1_173' title='bbox 345 1966 460 2022; x_wconf 83' lang='lat' dir='ltr'><strong>Jac.;</strong></span> <span class='ocrx_word' id='word_1_174' title='bbox 510 1966 576 2013; x_wconf 81' lang='grc' dir='ltr'><strong>σὺ</strong></span> <span class='ocrx_word' id='word_1_175' title='bbox 625 1964 674 2012; x_wconf 78' lang='grc' dir='ltr'><strong>δέ</strong></span> <span class='ocrx_word' id='word_1_176' title='bbox 720 1978 775 2024; x_wconf 77' lang='grc' dir='ltr'><strong>γε</strong></span> <span class='ocrx_word' id='word_1_177' title='bbox 819 1963 972 2019; x_wconf 76' lang='lat' dir='ltr'><strong>Plan.;</strong></span> <span class='ocrx_word' id='word_1_178' title='bbox 1018 1964 1100 2012; x_wconf 74' lang='grc' dir='ltr'><strong>καὶ</strong></span> <span class='ocrx_word' id='word_1_179' title='bbox 1147 1964 1208 2011; x_wconf 78' lang='grc' dir='ltr'><strong>σὺ</strong></span> <span class='ocrx_word' id='word_1_180' title='bbox 1243 1979 1320 2012; x_wconf 83' lang='grc' dir='ltr'><strong>στ.</strong></span> <span class='ocrx_word' id='word_1_181' title='bbox 1365 1962 1516 2012; x_wconf 80' lang='lat' dir='ltr'><strong>schol.</strong></span> <span class='ocrx_word' id='word_1_182' title='bbox 1565 1962 1733 2011; x_wconf 89' lang='lat' dir='ltr'><strong>Dionis</strong></span> 
     </span>
     <span class='ocr_line' id='line_1_23' title="bbox 209 2040 1723 2106; baseline -0.003 -15"><span class='ocrx_word' id='word_1_183' title='bbox 209 2044 352 2104; x_wconf 68' lang='lat' dir='ltr'><strong>Chrys.</strong></span> <span class='ocrx_word' id='word_1_184' title='bbox 379 2045 440 2103; x_wconf 86' lang='lat'><strong>11,</strong></span> <span class='ocrx_word' id='word_1_185' title='bbox 467 2058 514 2106; x_wconf 90' lang='lat' dir='ltr'><strong>p.</strong></span> <span class='ocrx_word' id='word_1_186' title='bbox 543 2052 642 2094; x_wconf 78' lang='lat'><strong>556</strong></span> <span class='ocrx_word' id='word_1_187' title='bbox 673 2043 830 2092; x_wconf 84' lang='lat' dir='ltr'><strong>Reisk.</strong></span> <span class='ocrx_word' id='word_1_188' title='bbox 857 2042 1039 2091; x_wconf 86' lang='lat' dir='ltr'><strong>Deinde</strong></span> <span class='ocrx_word' id='word_1_189' title='bbox 1067 2054 1236 2090; x_wconf 85' lang='lat' dir='ltr'><strong>omnes</strong></span> <span class='ocrx_word' id='word_1_190' title='bbox 1263 2042 1369 2102; x_wconf 80' lang='grc' dir='ltr'><strong>παρ’</strong></span> <span class='ocrx_word' id='word_1_191' title='bbox 1395 2040 1536 2100; x_wconf 78' lang='grc' dir='ltr'><strong>αὐγάς</strong></span> <span class='ocrx_word' id='word_1_192' title='bbox 1552 2076 1564 2099; x_wconf 93' lang='grc'><strong>,</strong></span> <span class='ocrx_word' id='word_1_193' title='bbox 1590 2040 1723 2100; x_wconf 88' lang='lat' dir='ltr'><strong>quod</strong></span> 
     </span>
     <span class='ocr_line' id='line_1_24' title="bbox 211 2109 1720 2174; baseline -0.003 -13"><span class='ocrx_word' id='word_1_194' title='bbox 211 2118 488 2163; x_wconf 73' lang='lat' dir='ltr'><strong>correxerunt</strong></span> <span class='ocrx_word' id='word_1_195' title='bbox 525 2114 930 2163; x_wconf 78' lang='lat' dir='ltr'><strong>Schneidewinus</strong></span> <span class='ocrx_word' id='word_1_196' title='bbox 966 2116 1015 2161; x_wconf 91' lang='lat' dir='ltr'><strong>et</strong></span> <span class='ocrx_word' id='word_1_197' title='bbox 1055 2114 1299 2174; x_wconf 73' lang='lat' dir='ltr'><strong>Ungerus3</strong></span> <span class='ocrx_word' id='word_1_198' title='bbox 1335 2109 1447 2159; x_wconf 78' lang='lat' dir='ltr'><strong>vide</strong></span> <span class='ocrx_word' id='word_1_199' title='bbox 1490 2109 1634 2157; x_wconf 85' lang='lat' dir='ltr'><strong>Thes.</strong></span> <span class='ocrx_word' id='word_1_200' title='bbox 1672 2111 1720 2167; x_wconf 86' lang='lat'><strong>1,</strong></span> 
     </span>
     <span class='ocr_line' id='line_1_25' title="bbox 211 2174 1721 2243; baseline -0.004 -11"><span class='ocrx_word' id='word_1_201' title='bbox 211 2196 246 2243; x_wconf 76' lang='grc' dir='ltr'><strong>[ι.</strong></span> <span class='ocrx_word' id='word_1_202' title='bbox 277 2190 482 2233; x_wconf 83' lang='grc'><strong>289-90.</strong></span> <span class='ocrx_word' id='word_1_203' title='bbox 525 2174 794 2233; x_wconf 69' lang='lat' dir='ltr'><strong>Praeiverat</strong></span> <span class='ocrx_word' id='word_1_204' title='bbox 838 2182 1104 2231; x_wconf 79' lang='lat' dir='ltr'><strong>Meinekius</strong></span> <span class='ocrx_word' id='word_1_205' title='bbox 1143 2196 1191 2243; x_wconf 91' lang='lat' dir='ltr'><strong>p.</strong></span> <span class='ocrx_word' id='word_1_206' title='bbox 1240 2186 1348 2240; x_wconf 83' lang='lat'><strong>229,</strong></span> <span class='ocrx_word' id='word_1_207' title='bbox 1395 2179 1505 2243; x_wconf 86' lang='grc' dir='ltr'><strong>παρ’</strong></span> <span class='ocrx_word' id='word_1_208' title='bbox 1542 2179 1721 2235; x_wconf 79' lang='grc' dir='ltr'><strong>ἀκτάς</strong></span> 
     </span>
     <span class='ocr_line' id='line_1_26' title="bbox 209 2249 1722 2314; baseline -0.003 -14"><span class='ocrx_word' id='word_1_209' title='bbox 209 2254 412 2314; x_wconf 78' lang='lat' dir='ltr'><strong>scribens,</strong></span> <span class='ocrx_word' id='word_1_210' title='bbox 441 2274 464 2295; x_wconf 75' lang='grc' dir='ltr'><strong>ιι</strong></span> <span class='ocrx_word' id='word_1_211' title='bbox 495 2254 546 2303; x_wconf 89' lang='lat' dir='ltr'><strong>in</strong></span> <span class='ocrx_word' id='word_1_212' title='bbox 571 2254 741 2303; x_wconf 85' lang='lat' dir='ltr'><strong>littore</strong></span> <span class='ocrx_word' id='word_1_213' title='bbox 781 2252 933 2301; x_wconf 86' lang='lat' dir='ltr'><strong>maris</strong></span> <span class='ocrx_word' id='word_1_214' title='bbox 976 2250 1292 2301; x_wconf 76' lang='lat' dir='ltr'><strong>obambulans</strong></span> <span class='ocrx_word' id='word_1_215' title='bbox 1327 2253 1378 2299; x_wconf 92' lang='lat' dir='ltr'><strong>et</strong></span> <span class='ocrx_word' id='word_1_216' title='bbox 1419 2249 1608 2312; x_wconf 77' lang='lat' dir='ltr'><strong>frigoris</strong></span> <span class='ocrx_word' id='word_1_217' title='bbox 1638 2262 1722 2297; x_wconf 90' lang='lat' dir='ltr'><strong>ca-</strong></span> 
     </span>
     <span class='ocr_line' id='line_1_27' title="bbox 208 2319 1717 2387; baseline -0.005 -13"><span class='ocrx_word' id='word_1_218' title='bbox 208 2324 346 2383; x_wconf 71' lang='lat' dir='ltr'><strong>ptandi</strong></span> <span class='ocrx_word' id='word_1_219' title='bbox 381 2326 528 2387; x_wconf 77' lang='lat' dir='ltr'><strong>gratia</strong></span> <span class='ocrx_word' id='word_1_220' title='bbox 556 2324 722 2373; x_wconf 79' lang='lat' dir='ltr'><strong>sinum</strong></span> <span class='ocrx_word' id='word_1_221' title='bbox 747 2336 880 2371; x_wconf 81' lang='lat' dir='ltr'><strong>aurae</strong></span> <span class='ocrx_word' id='word_1_222' title='bbox 919 2320 1206 2384; x_wconf 67' lang='lat' dir='ltr'><strong>recipiendae</strong></span> <span class='ocrx_word' id='word_1_223' title='bbox 1240 2319 1511 2370; x_wconf 61' lang='lat' dir='ltr'><strong>denudans„</strong></span> <span class='ocrx_word' id='word_1_224' title='bbox 1541 2339 1565 2362; x_wconf 78' lang='grc' dir='ltr'><strong>ν</strong></span> <span class='ocrx_word' id='word_1_225' title='bbox 1595 2320 1717 2367; x_wconf 85' lang='lat' dir='ltr'><strong>Iler-</strong></span> 
     </span>
     <span class='ocr_line' id='line_1_28' title="bbox 209 2388 1717 2456; baseline -0.003 -15"><span class='ocrx_word' id='word_1_226' title='bbox 209 2406 382 2443; x_wconf 80' lang='lat' dir='ltr'><strong>manuus</strong></span> <span class='ocrx_word' id='word_1_227' title='bbox 415 2393 706 2456; x_wconf 77' lang='lat' dir='ltr'><strong>conjiciebat</strong></span> <span class='ocrx_word' id='word_1_228' title='bbox 730 2394 844 2455; x_wconf 75' lang='grc' dir='ltr'><strong>πρὸς</strong></span> <span class='ocrx_word' id='word_1_229' title='bbox 871 2392 1039 2449; x_wconf 79' lang='grc' dir='ltr'><strong>αὐγάς,</strong></span> <span class='ocrx_word' id='word_1_230' title='bbox 1074 2390 1184 2439; x_wconf 85' lang='lat' dir='ltr'><strong>coll.</strong></span> <span class='ocrx_word' id='word_1_231' title='bbox 1205 2392 1320 2454; x_wconf 83' lang='grc' dir='ltr'><strong>πρὸς</strong></span> <span class='ocrx_word' id='word_1_232' title='bbox 1348 2395 1441 2452; x_wconf 81' lang='grc' dir='ltr'><strong>φῶς</strong></span> <span class='ocrx_word' id='word_1_233' title='bbox 1457 2390 1528 2437; x_wconf 73' lang='lat' dir='ltr'><strong>Its</strong></span> <span class='ocrx_word' id='word_1_234' title='bbox 1555 2388 1717 2437; x_wconf 80' lang='lat' dir='ltr'><strong>AEsch.</strong></span> 
     </span>
     <span class='ocr_line' id='line_1_29' title="bbox 209 2459 1378 2522; baseline -0.002 -12"><span class='ocrx_word' id='word_1_235' title='bbox 209 2464 324 2511; x_wconf 78' lang='lat' dir='ltr'><strong>Eum.</strong></span> <span class='ocrx_word' id='word_1_236' title='bbox 343 2468 441 2515; x_wconf 84' lang='grc'><strong>991.</strong></span> <span class='ocrx_word' id='word_1_237' title='bbox 461 2490 522 2501; x_wconf 83' lang='lat'>-</span> <span class='ocrx_word' id='word_1_238' title='bbox 551 2470 582 2512; x_wconf 86' lang='grc'><strong>2</strong></span> <span class='ocrx_word' id='word_1_239' title='bbox 608 2464 824 2510; x_wconf 79' lang='grc' dir='ltr'><strong>πνείοντα</strong></span> <span class='ocrx_word' id='word_1_240' title='bbox 851 2460 994 2522; x_wconf 68' lang='lat' dir='ltr'><strong>cod„</strong></span> <span class='ocrx_word' id='word_1_241' title='bbox 1014 2459 1220 2509; x_wconf 85' lang='lat' dir='ltr'><strong>alterum</strong></span> <span class='ocrx_word' id='word_1_242' title='bbox 1244 2460 1378 2509; x_wconf 87' lang='lat' dir='ltr'><strong>Plan.</strong></span> 
     </span>
    </p>
   </div>
   <div class='ocr_carea' id='block_1_7' title="bbox 203 2608 1721 2811">
    <p class='ocr_par' dir='ltr' id='par_1_7' title="bbox 203 2608 1721 2811">
     <span class='ocr_line' id='line_1_30' title="bbox 253 2608 1721 2670; baseline -0.003 -11"><span class='ocrx_word' id='word_1_243' title='bbox 253 2610 472 2660; x_wconf 77' lang='lat' dir='ltr'>LXXXIV.</span> <span class='ocrx_word' id='word_1_244' title='bbox 501 2614 710 2660; x_wconf 78' lang='lat' dir='ltr'><strong>Lemma</strong></span> <span class='ocrx_word' id='word_1_245' title='bbox 756 2630 769 2657; x_wconf 75' lang='lat' dir='ltr'><strong>t</strong></span> <span class='ocrx_word' id='word_1_246' title='bbox 803 2610 1062 2657; x_wconf 74' lang='grc' dir='ltr'><strong>ἀδέσποτον</strong></span> <span class='ocrx_word' id='word_1_247' title='bbox 1101 2608 1290 2669; x_wconf 79' lang='grc' dir='ltr'><strong>ὁμοίως.</strong></span> <span class='ocrx_word' id='word_1_248' title='bbox 1337 2634 1398 2644; x_wconf 91' lang='grc'>-</span> <span class='ocrx_word' id='word_1_249' title='bbox 1443 2614 1472 2657; x_wconf 85' lang='lat'><strong>2</strong></span> <span class='ocrx_word' id='word_1_250' title='bbox 1517 2608 1721 2670; x_wconf 77' lang='grc' dir='ltr'><strong>ἀραμένη</strong></span> 
     </span>
     <span class='ocr_line' id='line_1_31' title="bbox 207 2676 1718 2741; baseline -0.003 -11"><span class='ocrx_word' id='word_1_251' title='bbox 207 2681 315 2730; x_wconf 82' lang='lat' dir='ltr'><strong>Plan.</strong></span> <span class='ocrx_word' id='word_1_252' title='bbox 338 2686 382 2730; x_wconf 89' lang='lat' dir='ltr'><strong>et</strong></span> <span class='ocrx_word' id='word_1_253' title='bbox 407 2680 560 2730; x_wconf 80' lang='lat' dir='ltr'><strong>schol.</strong></span> <span class='ocrx_word' id='word_1_254' title='bbox 595 2678 814 2741; x_wconf 70' lang='lat' dir='ltr'><strong>Dionysii</strong></span> <span class='ocrx_word' id='word_1_255' title='bbox 847 2678 880 2727; x_wconf 89' lang='lat'><strong>1.</strong></span> <span class='ocrx_word' id='word_1_256' title='bbox 915 2692 955 2727; x_wconf 89' lang='lat' dir='ltr'><strong>c.</strong></span> <span class='ocrx_word' id='word_1_257' title='bbox 987 2704 1050 2713; x_wconf 92' lang='lat'><strong>·—-—</strong></span> <span class='ocrx_word' id='word_1_258' title='bbox 1068 2680 1128 2727; x_wconf 88' lang='lat' dir='ltr'><strong>In</strong></span> <span class='ocrx_word' id='word_1_259' title='bbox 1159 2676 1402 2727; x_wconf 87' lang='lat' dir='ltr'><strong>Grotianis</strong></span> <span class='ocrx_word' id='word_1_260' title='bbox 1429 2676 1718 2740; x_wconf 82' lang='lat' dir='ltr'><strong>adjunctum</strong></span> 
     </span>
     <span class='ocr_line' id='line_1_32' title="bbox 203 2748 865 2811; baseline 0.003 -16"><span class='ocrx_word' id='word_1_261' title='bbox 203 2751 463 2811; x_wconf 78' lang='lat' dir='ltr'><strong>epigramma</strong></span> <span class='ocrx_word' id='word_1_262' title='bbox 486 2755 546 2801; x_wconf 81' lang='lat'><strong>35</strong></span> <span class='ocrx_word' id='word_1_263' title='bbox 569 2748 749 2811; x_wconf 82' lang='lat' dir='ltr'><strong>capitis</strong></span> <span class='ocrx_word' id='word_1_264' title='bbox 766 2750 865 2797; x_wconf 75' lang='lat' dir='ltr'><strong>xv.</strong></span> 
     </span>
    </p>
   </div>
   <div class='ocr_carea' id='block_1_8' title="bbox 205 2887 1719 3024">
    <p class='ocr_par' dir='ltr' id='par_1_8' title="bbox 205 2887 1719 3024">
     <span class='ocr_line' id='line_1_33' title="bbox 253 2887 1719 2950; baseline -0.003 -9"><span class='ocrx_word' id='word_1_265' title='bbox 253 2893 447 2940; x_wconf 67' lang='lat' dir='ltr'><strong>mxxv,</strong></span> <span class='ocrx_word' id='word_1_266' title='bbox 473 2893 682 2940; x_wconf 79' lang='lat' dir='ltr'><strong>Lemma</strong></span> <span class='ocrx_word' id='word_1_267' title='bbox 706 2909 717 2937; x_wconf 87' lang='lat'>:</span> <span class='ocrx_word' id='word_1_268' title='bbox 747 2889 811 2941; x_wconf 79' lang='grc' dir='ltr'><strong>εἰς</strong></span> <span class='ocrx_word' id='word_1_269' title='bbox 838 2887 942 2935; x_wconf 75' lang='grc' dir='ltr'><strong>τινὰ</strong></span> <span class='ocrx_word' id='word_1_270' title='bbox 965 2887 1190 2948; x_wconf 75' lang='grc' dir='ltr'><strong>παρθένον</strong></span> <span class='ocrx_word' id='word_1_271' title='bbox 1202 2888 1266 2949; x_wconf 79' lang='grc' dir='ltr'><strong>’μὴ</strong></span> <span class='ocrx_word' id='word_1_272' title='bbox 1286 2888 1572 2950; x_wconf 80' lang='grc' dir='ltr'><strong>πειθομένην.</strong></span> <span class='ocrx_word' id='word_1_273' title='bbox 1597 2887 1719 2936; x_wconf 77' lang='lat' dir='ltr'><strong>Ade-</strong></span> 
     </span>
     <span class='ocr_line' id='line_1_34' title="bbox 205 2955 1116 3024; baseline -0.007 -13"><span class='ocrx_word' id='word_1_274' title='bbox 205 2965 348 3022; x_wconf 77' lang='lat' dir='ltr'><strong>spoton</strong></span> <span class='ocrx_word' id='word_1_275' title='bbox 369 2975 443 3024; x_wconf 84' lang='lat' dir='ltr'><strong>ap.</strong></span> <span class='ocrx_word' id='word_1_276' title='bbox 466 2958 680 3009; x_wconf 84' lang='lat' dir='ltr'><strong>Plannd.</strong></span> <span class='ocrx_word' id='word_1_277' title='bbox 704 2985 763 2994; x_wconf 91' lang='lat'><strong>—-</strong></span> <span class='ocrx_word' id='word_1_278' title='bbox 780 2961 810 3006; x_wconf 82' lang='grc'><strong>4</strong></span> <span class='ocrx_word' id='word_1_279' title='bbox 830 2959 970 3006; x_wconf 65' lang='grc' dir='ltr'><strong>ὀστέα</strong></span> <span class='ocrx_word' id='word_1_280' title='bbox 998 2955 1116 3006; x_wconf 85' lang='lat' dir='ltr'><strong>Cod.</strong></span> 
     </span>
    </p>
   </div>
   <div class='ocr_carea' id='block_1_9' title="bbox 203 3094 1724 3454">
    <p class='ocr_par' dir='ltr' id='par_1_9' title="bbox 203 3094 1724 3454">
     <span class='ocr_line' id='line_1_35' title="bbox 253 3094 1724 3164; baseline -0.002 -17"><span class='ocrx_word' id='word_1_281' title='bbox 253 3101 476 3149; x_wconf 68' lang='lat' dir='ltr'><strong>lxxxvi.</strong></span> <span class='ocrx_word' id='word_1_282' title='bbox 510 3126 574 3135; x_wconf 92' lang='lat'>—</span> <span class='ocrx_word' id='word_1_283' title='bbox 617 3105 662 3147; x_wconf 83' lang='lat'><strong>2.</strong></span> <span class='ocrx_word' id='word_1_284' title='bbox 695 3094 962 3164; x_wconf 74' lang='lat' dir='ltr'><strong>Fer-endam</strong></span> <span class='ocrx_word' id='word_1_285' title='bbox 996 3097 1116 3158; x_wconf 86' lang='lat' dir='ltr'><strong>puto</strong></span> <span class='ocrx_word' id='word_1_286' title='bbox 1140 3095 1477 3158; x_wconf 77' lang='lat' dir='ltr'><strong>repetitionem</strong></span> <span class='ocrx_word' id='word_1_287' title='bbox 1502 3097 1724 3159; x_wconf 51' lang='lat' dir='ltr'><strong>praeposi*</strong></span> 
     </span>
     <span class='ocr_line' id='line_1_36' title="bbox 205 3165 1723 3231; baseline 0.001 -18"><span class='ocrx_word' id='word_1_288' title='bbox 205 3169 346 3228; x_wconf 77' lang='lat' dir='ltr'><strong>tionis,</strong></span> <span class='ocrx_word' id='word_1_289' title='bbox 363 3169 550 3231; x_wconf 79' lang='lat' dir='ltr'><strong>abipso</strong></span> <span class='ocrx_word' id='word_1_290' title='bbox 583 3168 750 3216; x_wconf 75' lang='lat' dir='ltr'><strong>forsan</strong></span> <span class='ocrx_word' id='word_1_291' title='bbox 773 3168 919 3228; x_wconf 87' lang='lat' dir='ltr'><strong>poeta</strong></span> <span class='ocrx_word' id='word_1_292' title='bbox 945 3165 1216 3227; x_wconf 61' lang='lat' dir='ltr'><strong>quaesitam.</strong></span> <span class='ocrx_word' id='word_1_293' title='bbox 1245 3165 1397 3214; x_wconf 86' lang='lat' dir='ltr'><strong>Boiss.</strong></span> <span class='ocrx_word' id='word_1_294' title='bbox 1433 3185 1444 3213; x_wconf 71' lang='grc' dir='ltr'><strong>ι</strong></span> <span class='ocrx_word' id='word_1_295' title='bbox 1468 3185 1491 3207; x_wconf 75' lang='grc' dir='ltr'><strong>«ι</strong></span> <span class='ocrx_word' id='word_1_296' title='bbox 1521 3167 1612 3215; x_wconf 87' lang='lat' dir='ltr'><strong>Cui</strong></span> <span class='ocrx_word' id='word_1_297' title='bbox 1629 3179 1723 3214; x_wconf 90' lang='lat' dir='ltr'><strong>non</strong></span> 
     </span>
     <span class='ocr_line' id='line_1_37' title="bbox 203 3235 1722 3302; baseline -0.001 -16"><span class='ocrx_word' id='word_1_298' title='bbox 203 3239 439 3302; x_wconf 76' lang='lat' dir='ltr'><strong>displicebit</strong></span> <span class='ocrx_word' id='word_1_299' title='bbox 451 3237 664 3302; x_wconf 85' lang='lat' dir='ltr'><strong>repetita</strong></span> <span class='ocrx_word' id='word_1_300' title='bbox 689 3235 996 3300; x_wconf 69' lang='lat' dir='ltr'><strong>praepositio?</strong></span> <span class='ocrx_word' id='word_1_301' title='bbox 1011 3238 1234 3285; x_wconf 75' lang='lat' dir='ltr'><strong>Fortasse</strong></span> <span class='ocrx_word' id='word_1_302' title='bbox 1253 3237 1332 3284; x_wconf 82' lang='grc' dir='ltr'><strong>ἀπ’</strong></span> <span class='ocrx_word' id='word_1_303' title='bbox 1350 3238 1567 3298; x_wconf 69' lang='grc' dir='ltr'><strong>Ἔρωτος,</strong></span> <span class='ocrx_word' id='word_1_304' title='bbox 1593 3237 1722 3297; x_wconf 81' lang='lat' dir='ltr'><strong>quod</strong></span> 
     </span>
     <span class='ocr_line' id='line_1_38' title="bbox 206 3305 1721 3370; baseline -0.004 -14"><span class='ocrx_word' id='word_1_305' title='bbox 206 3311 396 3370; x_wconf 76' lang='lat' dir='ltr'><strong>proposui</strong></span> <span class='ocrx_word' id='word_1_306' title='bbox 431 3309 494 3358; x_wconf 85' lang='lat' dir='ltr'><strong>ad</strong></span> <span class='ocrx_word' id='word_1_307' title='bbox 521 3308 762 3358; x_wconf 81' lang='lat' dir='ltr'><strong>Psellum.</strong></span> <span class='ocrx_word' id='word_1_308' title='bbox 795 3305 1026 3354; x_wconf 81' lang='lat' dir='ltr'><strong>Heinsius</strong></span> <span class='ocrx_word' id='word_1_309' title='bbox 1057 3306 1162 3368; x_wconf 75' lang='lat' dir='ltr'><strong>(vel</strong></span> <span class='ocrx_word' id='word_1_310' title='bbox 1204 3305 1448 3368; x_wconf 70' lang='lat' dir='ltr'><strong>Allatius)</strong></span> <span class='ocrx_word' id='word_1_311' title='bbox 1485 3309 1556 3355; x_wconf 75' lang='grc' dir='ltr'><strong>ἐπ’</strong></span> <span class='ocrx_word' id='word_1_312' title='bbox 1597 3307 1721 3370; x_wconf 79' lang='grc' dir='ltr'><strong>Ἐρ.,</strong></span> 
     </span>
     <span class='ocr_line' id='line_1_39' title="bbox 207 3378 927 3454; baseline -0.006 -28"><span class='ocrx_word' id='word_1_313' title='bbox 207 3383 330 3440; x_wconf 70' lang='lat' dir='ltr'><strong>pejus.</strong></span> <span class='ocrx_word' id='word_1_314' title='bbox 355 3401 376 3422; x_wconf 72' lang='grc' dir='ltr'><strong>ν</strong></span> <span class='ocrx_word' id='word_1_315' title='bbox 403 3378 676 3454; x_wconf 65' lang='lat' dir='ltr'><strong>Brund-iius</strong></span> <span class='ocrx_word' id='word_1_316' title='bbox 701 3378 748 3424; x_wconf 76' lang='grc' dir='ltr'><strong>ἐν</strong></span> <span class='ocrx_word' id='word_1_317' title='bbox 773 3378 927 3425; x_wconf 62' lang='lat' dir='ltr'><strong>dinun-</strong></span> 
     </span>
    </p>
   </div>
   <div class='ocr_carea' id='block_1_10' title="bbox 198 3515 1724 4561">
    <p class='ocr_par' dir='ltr' id='par_1_10' title="bbox 198 3515 1724 4561">
     <span class='ocr_line' id='line_1_40' title="bbox 253 3515 1724 3580; baseline 0.001 -12"><span class='ocrx_word' id='word_1_318' title='bbox 253 3521 498 3570; x_wconf 68' lang='lat' dir='ltr'><strong>anwl.</strong></span> <span class='ocrx_word' id='word_1_319' title='bbox 535 3523 745 3569; x_wconf 78' lang='lat' dir='ltr'><strong>Lemma</strong></span> <span class='ocrx_word' id='word_1_320' title='bbox 771 3537 784 3565; x_wconf 78' lang='grc' dir='ltr'><strong>ι</strong></span> <span class='ocrx_word' id='word_1_321' title='bbox 815 3518 880 3570; x_wconf 70' lang='grc' dir='ltr'><strong>εἷς</strong></span> <span class='ocrx_word' id='word_1_322' title='bbox 915 3516 1174 3566; x_wconf 58' lang='lat' dir='ltr'><strong>immolam</strong></span> <span class='ocrx_word' id='word_1_323' title='bbox 1200 3515 1308 3578; x_wconf 82' lang='lat' dir='ltr'><strong>(sic)</strong></span> <span class='ocrx_word' id='word_1_324' title='bbox 1336 3516 1418 3572; x_wconf 85' lang='grc' dir='ltr'><strong>τήν</strong></span> <span class='ocrx_word' id='word_1_325' title='bbox 1438 3517 1636 3580; x_wconf 81' lang='grc' dir='ltr'><strong>ἑταίραν.</strong></span> <span class='ocrx_word' id='word_1_326' title='bbox 1667 3520 1724 3568; x_wconf 84' lang='lat' dir='ltr'><strong>In</strong></span> 
     </span>
     <span class='ocr_line' id='line_1_41' title="bbox 205 3587 1718 3652; baseline 0.001 -14"><span class='ocrx_word' id='word_1_327' title='bbox 205 3591 382 3652; x_wconf 79' lang='lat' dir='ltr'><strong>puellam</strong></span> <span class='ocrx_word' id='word_1_328' title='bbox 409 3589 636 3640; x_wconf 82' lang='lat' dir='ltr'><strong>flammas</strong></span> <span class='ocrx_word' id='word_1_329' title='bbox 665 3591 866 3652; x_wconf 84' lang='lat' dir='ltr'><strong>pectore</strong></span> <span class='ocrx_word' id='word_1_330' title='bbox 896 3590 1156 3650; x_wconf 84' lang='lat' dir='ltr'><strong>conceptas</strong></span> <span class='ocrx_word' id='word_1_331' title='bbox 1180 3587 1305 3635; x_wconf 86' lang='lat' dir='ltr'><strong>male</strong></span> <span class='ocrx_word' id='word_1_332' title='bbox 1333 3587 1587 3637; x_wconf 84' lang='lat' dir='ltr'><strong>celantem.</strong></span> <span class='ocrx_word' id='word_1_333' title='bbox 1615 3615 1678 3625; x_wconf 92' lang='lat'>—</span> <span class='ocrx_word' id='word_1_334' title='bbox 1702 3597 1718 3639; x_wconf 88' lang='grc'><strong>1</strong></span> 
     </span>
     <span class='ocr_line' id='line_1_42' title="bbox 203 3656 1724 3721; baseline 0 -11"><span class='ocrx_word' id='word_1_335' title='bbox 203 3661 426 3718; x_wconf 53' lang='lat' dir='ltr'><strong>{izimo-tiu</strong></span> <span class='ocrx_word' id='word_1_336' title='bbox 451 3663 613 3718; x_wconf 61' lang='lat' dir='ltr'><strong>Plan:</strong></span> <span class='ocrx_word' id='word_1_337' title='bbox 645 3661 868 3721; x_wconf 77' lang='grc' dir='ltr'><strong>μελησιόις</strong></span> <span class='ocrx_word' id='word_1_338' title='bbox 896 3657 1018 3706; x_wconf 83' lang='lat' dir='ltr'><strong>cod.</strong></span> <span class='ocrx_word' id='word_1_339' title='bbox 1041 3683 1098 3692; x_wconf 90' lang='lat'>—</span> <span class='ocrx_word' id='word_1_340' title='bbox 1119 3663 1148 3705; x_wconf 81' lang='lat'><strong>2</strong></span> <span class='ocrx_word' id='word_1_341' title='bbox 1179 3656 1369 3720; x_wconf 78' lang='grc' dir='ltr'><strong>κέκραγ’</strong></span> <span class='ocrx_word' id='word_1_342' title='bbox 1393 3657 1651 3708; x_wconf 79' lang='lat' dir='ltr'><strong>Blomfield</strong></span> <span class='ocrx_word' id='word_1_343' title='bbox 1677 3660 1724 3710; x_wconf 91' lang='lat' dir='ltr'><strong>in</strong></span> 
     </span>
     <span class='ocr_line' id='line_1_43' title="bbox 203 3725 1721 3790; baseline -0.001 -10"><span class='ocrx_word' id='word_1_344' title='bbox 203 3733 335 3782; x_wconf 72' lang='lat' dir='ltr'><strong>cluss.</strong></span> <span class='ocrx_word' id='word_1_345' title='bbox 365 3735 424 3782; x_wconf 81' lang='lat' dir='ltr'><strong>ad</strong></span> <span class='ocrx_word' id='word_1_346' title='bbox 453 3733 622 3781; x_wconf 74' lang='lat' dir='ltr'><strong>AEsch.</strong></span> <span class='ocrx_word' id='word_1_347' title='bbox 655 3733 825 3778; x_wconf 87' lang='lat' dir='ltr'><strong>Prom.</strong></span> <span class='ocrx_word' id='word_1_348' title='bbox 858 3731 967 3786; x_wconf 79' lang='lat'><strong>768,</strong></span> <span class='ocrx_word' id='word_1_349' title='bbox 995 3731 1046 3776; x_wconf 91' lang='lat' dir='ltr'><strong>et</strong></span> <span class='ocrx_word' id='word_1_350' title='bbox 1071 3725 1180 3782; x_wconf 87' lang='lat' dir='ltr'><strong>alii;</strong></span> <span class='ocrx_word' id='word_1_351' title='bbox 1201 3729 1422 3790; x_wconf 76' lang='grc' dir='ltr'><strong>κέκραγεν</strong></span> <span class='ocrx_word' id='word_1_352' title='bbox 1442 3727 1564 3777; x_wconf 88' lang='lat' dir='ltr'><strong>libri.</strong></span> <span class='ocrx_word' id='word_1_353' title='bbox 1587 3754 1645 3764; x_wconf 89' lang='lat'><em>—</em></span> <span class='ocrx_word' id='word_1_354' title='bbox 1675 3736 1721 3779; x_wconf 87' lang='grc'><strong>3.</strong></span> 
     </span>
     <span class='ocr_line' id='line_1_44' title="bbox 206 3791 1722 3864; baseline -0.002 -13"><span class='ocrx_word' id='word_1_355' title='bbox 206 3820 226 3840; x_wconf 84' lang='grc'>·</span> <span class='ocrx_word' id='word_1_356' title='bbox 255 3802 486 3864; x_wconf 79' lang='lat' dir='ltr'><strong>Displicuit</strong></span> <span class='ocrx_word' id='word_1_357' title='bbox 513 3791 762 3849; x_wconf 73' lang='lat' dir='ltr'><strong>Bruuckio</strong></span> <span class='ocrx_word' id='word_1_358' title='bbox 793 3799 990 3853; x_wconf 80' lang='grc' dir='ltr'><strong>ἀστατος</strong></span> <span class='ocrx_word' id='word_1_359' title='bbox 1030 3799 1142 3859; x_wconf 87' lang='lat' dir='ltr'><strong>post</strong></span> <span class='ocrx_word' id='word_1_360' title='bbox 1171 3796 1374 3844; x_wconf 73' lang='lat' dir='ltr'><strong>verbum</strong></span> <span class='ocrx_word' id='word_1_361' title='bbox 1410 3797 1722 3848; x_wconf 76' lang='grc' dir='ltr'><strong>ἀστατέουσα.</strong></span> 
     </span>
     <span class='ocr_line' id='line_1_45' title="bbox 203 3865 1720 3929; baseline -0.003 -11"><span class='ocrx_word' id='word_1_362' title='bbox 203 3871 326 3918; x_wconf 72' lang='lat' dir='ltr'><strong>Miror</strong></span> <span class='ocrx_word' id='word_1_363' title='bbox 345 3871 556 3920; x_wconf 80' lang='lat' dir='ltr'><strong>tacuisse</strong></span> <span class='ocrx_word' id='word_1_364' title='bbox 609 3869 676 3917; x_wconf 86' lang='lat' dir='ltr'><strong>de</strong></span> <span class='ocrx_word' id='word_1_365' title='bbox 715 3865 912 3915; x_wconf 87' lang='lat' dir='ltr'><strong>nomine</strong></span> <span class='ocrx_word' id='word_1_366' title='bbox 953 3866 1156 3928; x_wconf 84' lang='lat' dir='ltr'><strong>repetito</strong></span> <span class='ocrx_word' id='word_1_367' title='bbox 1191 3867 1345 3929; x_wconf 81' lang='grc' dir='ltr'><strong>βάσις,</strong></span> <span class='ocrx_word' id='word_1_368' title='bbox 1391 3868 1563 3928; x_wconf 76' lang='grc' dir='ltr'><strong>βάσιες.</strong></span> <span class='ocrx_word' id='word_1_369' title='bbox 1602 3889 1624 3912; x_wconf 71' lang='grc' dir='ltr'><strong>ν</strong></span> <span class='ocrx_word' id='word_1_370' title='bbox 1665 3873 1720 3918; x_wconf 81' lang='grc' dir='ltr'><strong>Β,</strong></span> 
     </span>
     <span class='ocr_line' id='line_1_46' title="bbox 203 3936 1721 4003; baseline -0.001 -15"><span class='ocrx_word' id='word_1_371' title='bbox 203 3941 372 3990; x_wconf 82' lang='lat' dir='ltr'><strong>Botbius</strong></span> <span class='ocrx_word' id='word_1_372' title='bbox 389 3941 599 4003; x_wconf 75' lang='lat' dir='ltr'><strong>ponebat.</strong></span> <span class='ocrx_word' id='word_1_373' title='bbox 617 3939 930 3999; x_wconf 75' lang='grc' dir='ltr'><strong>ἀκρατὲούσοι.</strong></span> <span class='ocrx_word' id='word_1_374' title='bbox 954 3955 977 3978; x_wconf 83' lang='lat'>«</span> <span class='ocrx_word' id='word_1_375' title='bbox 998 3937 1168 3985; x_wconf 81' lang='lat' dir='ltr'><strong>Sensui</strong></span> <span class='ocrx_word' id='word_1_376' title='bbox 1185 3936 1488 3999; x_wconf 77' lang='lat' dir='ltr'><strong>aptissimum</strong></span> <span class='ocrx_word' id='word_1_377' title='bbox 1507 3939 1721 3993; x_wconf 78' lang='grc' dir='ltr'><strong>ἅστοιτος.</strong></span> 
     </span>
     <span class='ocr_line' id='line_1_47' title="bbox 201 4005 1724 4073; baseline 0.001 -17"><span class='ocrx_word' id='word_1_378' title='bbox 201 4009 334 4058; x_wconf 81' lang='lat' dir='ltr'><strong>Dutta</strong></span> <span class='ocrx_word' id='word_1_379' title='bbox 375 4011 532 4073; x_wconf 83' lang='lat' dir='ltr'><strong>imago</strong></span> <span class='ocrx_word' id='word_1_380' title='bbox 564 4019 598 4058; x_wconf 85' lang='lat' dir='ltr'><strong>a</strong></span> <span class='ocrx_word' id='word_1_381' title='bbox 625 4007 790 4056; x_wconf 86' lang='lat' dir='ltr'><strong>ventis</strong></span> <span class='ocrx_word' id='word_1_382' title='bbox 818 4008 1067 4067; x_wconf 75' lang='grc' dir='ltr'><strong>ἀστάτοις,</strong></span> <span class='ocrx_word' id='word_1_383' title='bbox 1098 4017 1213 4067; x_wconf 77' lang='lat' dir='ltr'><strong>quae</strong></span> <span class='ocrx_word' id='word_1_384' title='bbox 1245 4005 1310 4054; x_wconf 88' lang='lat' dir='ltr'><strong>ad</strong></span> <span class='ocrx_word' id='word_1_385' title='bbox 1348 4005 1549 4054; x_wconf 91' lang='lat' dir='ltr'><strong>dubium</strong></span> <span class='ocrx_word' id='word_1_386' title='bbox 1579 4009 1724 4057; x_wconf 84' lang='lat' dir='ltr'><strong>animi</strong></span> 
     </span>
     <span class='ocr_line' id='line_1_48' title="bbox 200 4075 1719 4144; baseline 0 -16"><span class='ocrx_word' id='word_1_387' title='bbox 200 4083 354 4129; x_wconf 80' lang='lat' dir='ltr'><strong>statum</strong></span> <span class='ocrx_word' id='word_1_388' title='bbox 377 4078 756 4144; x_wconf 79' lang='lat' dir='ltr'><strong>significandum</strong></span> <span class='ocrx_word' id='word_1_389' title='bbox 787 4075 1044 4126; x_wconf 84' lang='lat' dir='ltr'><strong>adhibetur</strong></span> <span class='ocrx_word' id='word_1_390' title='bbox 1075 4089 1154 4138; x_wconf 82' lang='lat' dir='ltr'><strong>ap.</strong></span> <span class='ocrx_word' id='word_1_391' title='bbox 1178 4075 1425 4124; x_wconf 83' lang='lat' dir='ltr'><strong>Philonem</strong></span> <span class='ocrx_word' id='word_1_392' title='bbox 1457 4090 1506 4138; x_wconf 91' lang='lat' dir='ltr'><strong>p.</strong></span> <span class='ocrx_word' id='word_1_393' title='bbox 1529 4081 1606 4137; x_wconf 87' lang='grc'><strong>54,</strong></span> <span class='ocrx_word' id='word_1_394' title='bbox 1637 4086 1676 4126; x_wconf 78' lang='lat' dir='ltr'>A</span> <span class='ocrx_word' id='word_1_395' title='bbox 1707 4100 1719 4128; x_wconf 76' lang='grc' dir='ltr'><strong>ι</strong></span> 
     </span>
     <span class='ocr_line' id='line_1_49' title="bbox 201 4146 1724 4209; baseline 0.001 -15"><span class='ocrx_word' id='word_1_396' title='bbox 201 4153 378 4198; x_wconf 67' lang='lat' dir='ltr'><strong>exitum</strong></span> <span class='ocrx_word' id='word_1_397' title='bbox 405 4153 487 4198; x_wconf 78' lang='grc' dir='ltr'><strong>ιιὶ</strong></span> <span class='ocrx_word' id='word_1_398' title='bbox 507 4149 818 4209; x_wconf 69' lang='grc' dir='ltr'><strong>κλονούμενος</strong></span> <span class='ocrx_word' id='word_1_399' title='bbox 844 4148 914 4194; x_wconf 75' lang='grc' dir='ltr'><strong>ἀεὶ</strong></span> <span class='ocrx_word' id='word_1_400' title='bbox 941 4149 1019 4194; x_wconf 77' lang='grc' dir='ltr'><strong>καὶ</strong></span> <span class='ocrx_word' id='word_1_401' title='bbox 1051 4146 1307 4206; x_wconf 81' lang='grc' dir='ltr'><strong>πνεύματος</strong></span> <span class='ocrx_word' id='word_1_402' title='bbox 1333 4147 1500 4208; x_wconf 78' lang='grc' dir='ltr'><strong>τρόπον</strong></span> <span class='ocrx_word' id='word_1_403' title='bbox 1521 4149 1724 4196; x_wconf 76' lang='grc' dir='ltr'><strong>ἀστάτου</strong></span> 
     </span>
     <span class='ocr_line' id='line_1_50' title="bbox 198 4214 1724 4285; baseline -0.003 -17"><span class='ocrx_word' id='word_1_404' title='bbox 198 4223 538 4285; x_wconf 52' lang='lat' dir='ltr'><strong>&amp;napo-spem.</strong></span> <span class='ocrx_word' id='word_1_405' title='bbox 581 4239 610 4262; x_wconf 72' lang='grc' dir='ltr'>ι</span> <span class='ocrx_word' id='word_1_406' title='bbox 640 4221 758 4267; x_wconf 84' lang='lat' dir='ltr'><strong>Jac.</strong></span> <span class='ocrx_word' id='word_1_407' title='bbox 793 4245 848 4257; x_wconf 88' lang='lat'>—</span> <span class='ocrx_word' id='word_1_408' title='bbox 869 4222 916 4265; x_wconf 87' lang='grc'><strong>4.</strong></span> <span class='ocrx_word' id='word_1_409' title='bbox 941 4235 964 4258; x_wconf 74' lang='grc' dir='ltr'><strong>α</strong></span> <span class='ocrx_word' id='word_1_410' title='bbox 995 4217 1214 4270; x_wconf 76' lang='grc' dir='ltr'><strong>Ἰοτυτιείς</strong></span> <span class='ocrx_word' id='word_1_411' title='bbox 1243 4227 1358 4264; x_wconf 82' lang='lat' dir='ltr'><strong>vere</strong></span> <span class='ocrx_word' id='word_1_412' title='bbox 1383 4214 1573 4264; x_wconf 86' lang='lat' dir='ltr'><strong>dictum</strong></span> <span class='ocrx_word' id='word_1_413' title='bbox 1601 4229 1612 4256; x_wconf 71' lang='grc' dir='ltr'><strong>τ</strong></span> <span class='ocrx_word' id='word_1_414' title='bbox 1644 4228 1724 4265; x_wconf 85' lang='lat' dir='ltr'><strong>cu·</strong></span> 
     </span>
     <span class='ocr_line' id='line_1_51' title="bbox 199 4286 1720 4355; baseline -0.004 -15"><span class='ocrx_word' id='word_1_415' title='bbox 199 4291 250 4339; x_wconf 85' lang='lat' dir='ltr'><strong>tis</strong></span> <span class='ocrx_word' id='word_1_416' title='bbox 271 4293 386 4340; x_wconf 85' lang='lat' dir='ltr'><strong>enim</strong></span> <span class='ocrx_word' id='word_1_417' title='bbox 411 4289 666 4355; x_wconf 62' lang='lat' dir='ltr'><strong>palpebra</strong></span> <span class='ocrx_word' id='word_1_418' title='bbox 705 4289 948 4337; x_wconf 82' lang='lat' dir='ltr'><strong>inferioris</strong></span> <span class='ocrx_word' id='word_1_419' title='bbox 964 4324 978 4346; x_wconf 84' lang='lat'>,</span> <span class='ocrx_word' id='word_1_420' title='bbox 996 4286 1267 4348; x_wconf 82' lang='lat' dir='ltr'><strong>praesertim</strong></span> <span class='ocrx_word' id='word_1_421' title='bbox 1294 4287 1424 4335; x_wconf 64' lang='lat' dir='ltr'><strong>‘circa</strong></span> <span class='ocrx_word' id='word_1_422' title='bbox 1462 4286 1692 4335; x_wconf 85' lang='lat' dir='ltr'><strong>canthum</strong></span> <span class='ocrx_word' id='word_1_423' title='bbox 1707 4325 1720 4346; x_wconf 83' lang='lat'><strong>‚</strong></span> 
     </span>
     <span class='ocr_line' id='line_1_52' title="bbox 203 4355 1720 4427; baseline 0 -19"><span class='ocrx_word' id='word_1_424' title='bbox 203 4362 314 4410; x_wconf 78' lang='lat' dir='ltr'><strong>sulco</strong></span> <span class='ocrx_word' id='word_1_425' title='bbox 329 4363 596 4427; x_wconf 81' lang='lat' dir='ltr'><strong>nigricante</strong></span> <span class='ocrx_word' id='word_1_426' title='bbox 631 4361 684 4410; x_wconf 85' lang='lat' dir='ltr'><strong>et</strong></span> <span class='ocrx_word' id='word_1_427' title='bbox 707 4359 924 4408; x_wconf 80' lang='lat' dir='ltr'><strong>violaceo</strong></span> <span class='ocrx_word' id='word_1_428' title='bbox 941 4357 1242 4420; x_wconf 86' lang='lat' dir='ltr'><strong>deprimitur.</strong></span> <span class='ocrx_word' id='word_1_429' title='bbox 1259 4355 1540 4419; x_wconf 69' lang='lat' dir='ltr'><strong>metaphora</strong></span> <span class='ocrx_word' id='word_1_430' title='bbox 1565 4359 1720 4408; x_wconf 80' lang='lat' dir='ltr'><strong>nomi·</strong></span> 
     </span>
     <span class='ocr_line' id='line_1_53' title="bbox 201 4427 1724 4492; baseline -0.001 -13"><span class='ocrx_word' id='word_1_431' title='bbox 201 4433 262 4480; x_wconf 80' lang='lat' dir='ltr'><strong>nis</strong></span> <span class='ocrx_word' id='word_1_432' title='bbox 281 4437 424 4484; x_wconf 72' lang='grc' dir='ltr'><strong>τνιιείς</strong></span> <span class='ocrx_word' id='word_1_433' title='bbox 453 4432 648 4482; x_wconf 85' lang='lat' dir='ltr'><strong>utimur</strong></span> <span class='ocrx_word' id='word_1_434' title='bbox 673 4430 762 4492; x_wconf 89' lang='lat' dir='ltr'><strong>qui</strong></span> <span class='ocrx_word' id='word_1_435' title='bbox 785 4428 994 4478; x_wconf 75' lang='lat' dir='ltr'><strong>dicimus</strong></span> <span class='ocrx_word' id='word_1_436' title='bbox 1019 4427 1105 4476; x_wconf 66' lang='lat' dir='ltr'><strong>des</strong></span> <span class='ocrx_word' id='word_1_437' title='bbox 1137 4439 1274 4490; x_wconf 74' lang='lat' dir='ltr'><strong>yeuz·</strong></span> <span class='ocrx_word' id='word_1_438' title='bbox 1293 4427 1482 4476; x_wconf 69' lang='lat' dir='ltr'><strong>batim.</strong></span> <span class='ocrx_word' id='word_1_439' title='bbox 1515 4447 1540 4470; x_wconf 67' lang='grc' dir='ltr'><strong>ν</strong></span> <span class='ocrx_word' id='word_1_440' title='bbox 1578 4429 1640 4476; x_wconf 85' lang='grc' dir='ltr'><strong>Β.</strong></span> <span class='ocrx_word' id='word_1_441' title='bbox 1669 4431 1724 4478; x_wconf 91' lang='lat' dir='ltr'><strong>ln</strong></span> 
     </span>
     <span class='ocr_line' id='line_1_54' title="bbox 201 4496 1354 4561; baseline -0.006 -12"><span class='ocrx_word' id='word_1_442' title='bbox 201 4501 334 4550; x_wconf 79' lang='lat' dir='ltr'><strong>latinis</strong></span> <span class='ocrx_word' id='word_1_443' title='bbox 357 4502 508 4552; x_wconf 75' lang='lat' dir='ltr'><strong>habes</strong></span> <span class='ocrx_word' id='word_1_444' title='bbox 537 4501 602 4548; x_wconf 78' lang='grc' dir='ltr'><strong>Η.</strong></span> <span class='ocrx_word' id='word_1_445' title='bbox 635 4497 862 4561; x_wconf 86' lang='lat' dir='ltr'><strong>Stephani</strong></span> <span class='ocrx_word' id='word_1_446' title='bbox 897 4496 1354 4560; x_wconf 82' lang='lat' dir='ltr'><strong>interpretationem.</strong></span> 
     </span>
    </p>
   </div>
   <div class='ocr_carea' id='block_1_11' title="bbox 197 4637 1724 4776">
    <p class='ocr_par' dir='ltr' id='par_1_11' title="bbox 197 4637 1724 4776">
     <span class='ocr_line' id='line_1_55' title="bbox 243 4637 1724 4701; baseline -0.005 -6"><span class='ocrx_word' id='word_1_447' title='bbox 243 4641 523 4694; x_wconf 73' lang='lat' dir='ltr'><strong>Lxxxvm.</strong></span> <span class='ocrx_word' id='word_1_448' title='bbox 555 4668 626 4678; x_wconf 89' lang='lat'><em>-</em></span> <span class='ocrx_word' id='word_1_449' title='bbox 649 4641 694 4690; x_wconf 78' lang='grc'><strong>’2.</strong></span> <span class='ocrx_word' id='word_1_450' title='bbox 724 4643 754 4700; x_wconf 81' lang='grc' dir='ltr'>ἢ</span> <span class='ocrx_word' id='word_1_451' title='bbox 775 4640 893 4689; x_wconf 84' lang='grc' dir='ltr'><strong>σάου</strong></span> <span class='ocrx_word' id='word_1_452' title='bbox 925 4642 956 4698; x_wconf 84' lang='grc' dir='ltr'>ἢ</span> <span class='ocrx_word' id='word_1_453' title='bbox 986 4657 1035 4701; x_wconf 87' lang='grc' dir='ltr'><strong>μ.</strong></span> <span class='ocrx_word' id='word_1_454' title='bbox 1076 4638 1210 4686; x_wconf 88' lang='lat' dir='ltr'><strong>Plan.</strong></span> <span class='ocrx_word' id='word_1_455' title='bbox 1235 4637 1458 4686; x_wconf 86' lang='lat' dir='ltr'><strong>Imitatur</strong></span> <span class='ocrx_word' id='word_1_456' title='bbox 1484 4637 1724 4687; x_wconf 81' lang='lat' dir='ltr'><strong>Ausotiius</strong></span> 
     </span>
     <span class='ocr_line' id='line_1_56' title="bbox 197 4715 456 4776; baseline -0.019 -16"><span class='ocrx_word' id='word_1_457' title='bbox 197 4715 330 4776; x_wconf 72' lang='lat' dir='ltr'><strong>Epigr.</strong></span> <span class='ocrx_word' id='word_1_458' title='bbox 359 4715 418 4764; x_wconf 71' lang='grc'><strong>80</strong></span> <span class='ocrx_word' id='word_1_459' title='bbox 443 4728 456 4755; x_wconf 91' lang='lat'>:</span> 
     </span>
    </p>
   </div>
   <div class='ocr_carea' id='block_1_12' title="bbox 331 4843 1538 4960">
    <p class='ocr_par' dir='ltr' id='par_1_12' title="bbox 331 4843 1538 4960">
     <span class='ocr_line' id='line_1_57' title="bbox 331 4843 1508 4901; baseline -0.005 -7"><span class='ocrx_word' id='word_1_460' title='bbox 331 4856 414 4894; x_wconf 72' lang='lat' dir='ltr'><strong>Aut</strong></span> <span class='ocrx_word' id='word_1_461' title='bbox 433 4848 676 4900; x_wconf 71' lang='lat' dir='ltr'><strong>restingue</strong></span> <span class='ocrx_word' id='word_1_462' title='bbox 693 4846 844 4900; x_wconf 78' lang='lat' dir='ltr'><strong>ignem</strong></span> <span class='ocrx_word' id='word_1_463' title='bbox 865 4856 966 4901; x_wconf 84' lang='lat' dir='ltr'><strong>quo.</strong></span> <span class='ocrx_word' id='word_1_464' title='bbox 977 4849 1172 4898; x_wconf 85' lang='lat' dir='ltr'><strong>torreor,</strong></span> <span class='ocrx_word' id='word_1_465' title='bbox 1191 4843 1306 4887; x_wconf 85' lang='lat' dir='ltr'><strong>alme</strong></span> <span class='ocrx_word' id='word_1_466' title='bbox 1335 4843 1478 4888; x_wconf 82' lang='lat' dir='ltr'><strong>Dione</strong></span> <span class='ocrx_word' id='word_1_467' title='bbox 1495 4877 1508 4894; x_wconf 92' lang='lat'>‚</span> 
     </span>
     <span class='ocr_line' id='line_1_58' title="bbox 381 4903 1538 4960; baseline -0.008 -5"><span class='ocrx_word' id='word_1_468' title='bbox 381 4913 472 4954; x_wconf 70' lang='lat' dir='ltr'><strong>Aut</strong></span> <span class='ocrx_word' id='word_1_469' title='bbox 495 4905 694 4952; x_wconf 72' lang='lat' dir='ltr'><strong>transire</strong></span> <span class='ocrx_word' id='word_1_470' title='bbox 705 4907 820 4960; x_wconf 73' lang='lat' dir='ltr'><strong>jube</strong></span> <span class='ocrx_word' id='word_1_471' title='bbox 840 4921 853 4948; x_wconf 77' lang='grc' dir='ltr'><strong>ι</strong></span> <span class='ocrx_word' id='word_1_472' title='bbox 873 4907 946 4950; x_wconf 65' lang='grc' dir='ltr'><strong>τοι</strong></span> <span class='ocrx_word' id='word_1_473' title='bbox 972 4903 1070 4950; x_wconf 74' lang='lat' dir='ltr'><strong>lace</strong></span> <span class='ocrx_word' id='word_1_474' title='bbox 1097 4907 1340 4959; x_wconf 84' lang='lat' dir='ltr'><strong>utrumque</strong></span> <span class='ocrx_word' id='word_1_475' title='bbox 1368 4915 1538 4960; x_wconf 85' lang='lat' dir='ltr'><strong>parem.</strong></span> 
     </span>
    </p>
   </div>
   <div class='ocr_carea' id='block_1_13' title="bbox 381 4989 768 5034">
    <p class='ocr_par' dir='ltr' id='par_1_13' title="bbox 381 4989 768 5034">
     <span class='ocr_line' id='line_1_59' title="bbox 381 4989 768 5034; baseline -0.013 0"><span class='ocrx_word' id='word_1_476' title='bbox 381 4995 703 5034; x_wconf 60' lang='lat' dir='ltr'><strong>antomon.</strong></span> <span class='ocrx_word' id='word_1_477' title='bbox 732 4989 768 5029; x_wconf 67' lang='grc'><strong>11</strong></span> 
     </span>
    </p>
   </div>
   <div class='ocr_carea' id='block_1_14' title="bbox 3234 148 3345 208">
    <p class='ocr_par' dir='ltr' id='par_1_14' title="bbox 3234 148 3345 208">
     <span class='ocr_line' id='line_1_60' title="bbox 3234 148 3345 208; baseline 0.027 -3"><span class='ocrx_word' id='word_1_478' title='bbox 3234 148 3345 208; x_wconf 71' lang='lat'><strong>129</strong></span> 
     </span>
    </p>
   </div>
   <div class='ocr_carea' id='block_1_15' title="bbox 1801 272 3352 546">
    <p class='ocr_par' dir='ltr' id='par_1_15' title="bbox 1801 272 3352 546">
     <span class='ocr_line' id='line_1_61' title="bbox 1863 272 3351 337; baseline 0.005 -17"><span class='ocrx_word' id='word_1_479' title='bbox 1863 274 2101 322; x_wconf 78' lang='lat' dir='ltr'>LXXXIX.</span> <span class='ocrx_word' id='word_1_480' title='bbox 2129 274 2361 321; x_wconf 77' lang='lat' dir='ltr'><strong>Lemma:</strong></span> <span class='ocrx_word' id='word_1_481' title='bbox 2384 274 2682 333; x_wconf 79' lang='grc' dir='ltr'><strong>ἐρωτομανές.</strong></span> <span class='ocrx_word' id='word_1_482' title='bbox 2715 277 2769 322; x_wconf 85' lang='lat' dir='ltr'><strong>In</strong></span> <span class='ocrx_word' id='word_1_483' title='bbox 2804 272 2937 323; x_wconf 75' lang='lat' dir='ltr'><strong>Plan.</strong></span> <span class='ocrx_word' id='word_1_484' title='bbox 2967 272 3153 337; x_wconf 64' lang='lat' dir='ltr'><strong>Rufino</strong></span> <span class='ocrx_word' id='word_1_485' title='bbox 3184 276 3351 327; x_wconf 72' lang='lat' dir='ltr'><strong>inscri-</strong></span> 
     </span>
     <span class='ocr_line' id='line_1_62' title="bbox 1801 342 3351 407; baseline 0.005 -18"><span class='ocrx_word' id='word_1_486' title='bbox 1801 342 1957 405; x_wconf 89' lang='lat' dir='ltr'><strong>ptum.</strong></span> <span class='ocrx_word' id='word_1_487' title='bbox 1992 362 2015 384; x_wconf 87' lang='lat'>«</span> <span class='ocrx_word' id='word_1_488' title='bbox 2048 345 2228 391; x_wconf 83' lang='lat' dir='ltr'><strong>Verum</strong></span> <span class='ocrx_word' id='word_1_489' title='bbox 2262 354 2475 391; x_wconf 90' lang='lat' dir='ltr'><strong>amorem</strong></span> <span class='ocrx_word' id='word_1_490' title='bbox 2508 342 2558 391; x_wconf 90' lang='lat' dir='ltr'><strong>in</strong></span> <span class='ocrx_word' id='word_1_491' title='bbox 2588 342 2877 392; x_wconf 75' lang='lat' dir='ltr'><strong>deformium</strong></span> <span class='ocrx_word' id='word_1_492' title='bbox 2925 345 3199 407; x_wconf 85' lang='lat' dir='ltr'><strong>puellarum</strong></span> <span class='ocrx_word' id='word_1_493' title='bbox 3226 346 3351 395; x_wconf 80' lang='lat' dir='ltr'><strong>desi—</strong></span> 
     </span>
     <span class='ocr_line' id='line_1_63' title="bbox 1801 411 3352 476; baseline 0.004 -17"><span class='ocrx_word' id='word_1_494' title='bbox 1801 411 1937 459; x_wconf 90' lang='lat' dir='ltr'><strong>derio</strong></span> <span class='ocrx_word' id='word_1_495' title='bbox 1971 411 2104 459; x_wconf 83' lang='lat' dir='ltr'><strong>cerni</strong></span> <span class='ocrx_word' id='word_1_496' title='bbox 2144 413 2298 460; x_wconf 79' lang='lat' dir='ltr'><strong>facete</strong></span> <span class='ocrx_word' id='word_1_497' title='bbox 2329 411 2487 461; x_wconf 87' lang='lat' dir='ltr'><strong>docet.</strong></span> <span class='ocrx_word' id='word_1_498' title='bbox 2518 438 2582 447; x_wconf 94' lang='lat'><strong>—</strong></span> <span class='ocrx_word' id='word_1_499' title='bbox 2610 417 2639 462; x_wconf 88' lang='grc'>3</span> <span class='ocrx_word' id='word_1_500' title='bbox 2667 413 2839 475; x_wconf 77' lang='grc' dir='ltr'><strong>οἴστρῳ</strong></span> <span class='ocrx_word' id='word_1_501' title='bbox 2860 414 3017 471; x_wconf 77' lang='lat' dir='ltr'><strong>Plan..</strong></span> <span class='ocrx_word' id='word_1_502' title='bbox 3042 415 3175 476; x_wconf 89' lang='lat' dir='ltr'><strong>quod</strong></span> <span class='ocrx_word' id='word_1_503' title='bbox 3206 417 3352 465; x_wconf 74' lang='lat' dir='ltr'><strong>verbo</strong></span> 
     </span>
     <span class='ocr_line' id='line_1_64' title="bbox 1803 482 2767 546; baseline 0 -15"><span class='ocrx_word' id='word_1_504' title='bbox 1803 486 2107 546; x_wconf 72' lang='grc' dir='ltr'><strong>πεφορημένος</strong></span> <span class='ocrx_word' id='word_1_505' title='bbox 2130 482 2303 530; x_wconf 84' lang='lat' dir='ltr'><strong>melius</strong></span> <span class='ocrx_word' id='word_1_506' title='bbox 2333 482 2570 531; x_wconf 75' lang='lat' dir='ltr'><strong>conventt.</strong></span> <span class='ocrx_word' id='word_1_507' title='bbox 2598 502 2620 525; x_wconf 81' lang='grc'><strong><em>»</em></strong></span> <span class='ocrx_word' id='word_1_508' title='bbox 2649 486 2767 533; x_wconf 70' lang='grc' dir='ltr'><strong>Ιπ.</strong></span> 
     </span>
    </p>
   </div>
   <div class='ocr_carea' id='block_1_16' title="bbox 1803 638 3355 979">
    <p class='ocr_par' dir='ltr' id='par_1_16' title="bbox 1803 638 3355 979">
     <span class='ocr_line' id='line_1_65' title="bbox 1865 638 3348 703; baseline 0.002 -16"><span class='ocrx_word' id='word_1_509' title='bbox 1865 641 1961 687; x_wconf 86' lang='lat' dir='ltr'><strong>XC.</strong></span> <span class='ocrx_word' id='word_1_510' title='bbox 1999 660 2020 679; x_wconf 73' lang='grc' dir='ltr'><strong>«ι</strong></span> <span class='ocrx_word' id='word_1_511' title='bbox 2042 638 2236 687; x_wconf 89' lang='lat' dir='ltr'><strong>Gallicis</strong></span> <span class='ocrx_word' id='word_1_512' title='bbox 2254 639 2477 687; x_wconf 79' lang='lat' dir='ltr'><strong>versibus</strong></span> <span class='ocrx_word' id='word_1_513' title='bbox 2512 638 2721 687; x_wconf 87' lang='lat' dir='ltr'><strong>reddidit</strong></span> <span class='ocrx_word' id='word_1_514' title='bbox 2756 642 3132 703; x_wconf 80' lang='lat' dir='ltr'><strong>Longopetroeus</strong></span> <span class='ocrx_word' id='word_1_515' title='bbox 3161 644 3211 690; x_wconf 88' lang='lat' dir='ltr'><strong>et</strong></span> <span class='ocrx_word' id='word_1_516' title='bbox 3236 640 3348 690; x_wconf 90' lang='lat' dir='ltr'><strong>illu-</strong></span> 
     </span>
     <span class='ocr_line' id='line_1_66' title="bbox 1804 704 3355 768; baseline 0.002 -13"><span class='ocrx_word' id='word_1_517' title='bbox 1804 706 1976 755; x_wconf 76' lang='lat' dir='ltr'><strong>stravit</strong></span> <span class='ocrx_word' id='word_1_518' title='bbox 2008 706 2069 753; x_wconf 83' lang='lat' dir='ltr'><strong>ad</strong></span> <span class='ocrx_word' id='word_1_519' title='bbox 2097 706 2228 754; x_wconf 85' lang='lat' dir='ltr'><strong>Bion.</strong></span> <span class='ocrx_word' id='word_1_520' title='bbox 2252 720 2298 768; x_wconf 95' lang='lat' dir='ltr'><strong>p.</strong></span> <span class='ocrx_word' id='word_1_521' title='bbox 2336 704 2569 757; x_wconf 81' lang='lat'><strong>365=30.</strong></span> <span class='ocrx_word' id='word_1_522' title='bbox 2596 726 2619 749; x_wconf 79' lang='grc' dir='ltr'><strong>υ</strong></span> <span class='ocrx_word' id='word_1_523' title='bbox 2653 708 2713 755; x_wconf 84' lang='grc' dir='ltr'><strong>Β.</strong></span> <span class='ocrx_word' id='word_1_524' title='bbox 2731 733 2794 742; x_wconf 92' lang='grc'>-</span> <span class='ocrx_word' id='word_1_525' title='bbox 2817 712 2858 756; x_wconf 95' lang='grc'><strong>1.</strong></span> <span class='ocrx_word' id='word_1_526' title='bbox 2892 728 2914 749; x_wconf 74' lang='grc' dir='ltr'><strong>«ι</strong></span> <span class='ocrx_word' id='word_1_527' title='bbox 2952 711 3110 757; x_wconf 76' lang='lat' dir='ltr'><strong>Lusus</strong></span> <span class='ocrx_word' id='word_1_528' title='bbox 3136 707 3215 757; x_wconf 88' lang='lat' dir='ltr'><strong>hic</strong></span> <span class='ocrx_word' id='word_1_529' title='bbox 3242 708 3355 758; x_wconf 86' lang='lat' dir='ltr'><strong>inde</strong></span> 
     </span>
     <span class='ocr_line' id='line_1_67' title="bbox 1804 774 3352 839; baseline 0.003 -16"><span class='ocrx_word' id='word_1_530' title='bbox 1804 776 1982 839; x_wconf 80' lang='lat' dir='ltr'><strong>pendet</strong></span> <span class='ocrx_word' id='word_1_531' title='bbox 1996 813 2007 833; x_wconf 86' lang='lat'>‚</span> <span class='ocrx_word' id='word_1_532' title='bbox 2030 775 2162 836; x_wconf 84' lang='lat' dir='ltr'><strong>quod</strong></span> <span class='ocrx_word' id='word_1_533' title='bbox 2179 776 2468 825; x_wconf 85' lang='lat' dir='ltr'><strong>vocabulum</strong></span> <span class='ocrx_word' id='word_1_534' title='bbox 2488 782 2627 838; x_wconf 67' lang='lat' dir='ltr'><strong>popo-e</strong></span> <span class='ocrx_word' id='word_1_535' title='bbox 2659 774 2783 825; x_wconf 89' lang='lat' dir='ltr'><strong>inter</strong></span> <span class='ocrx_word' id='word_1_536' title='bbox 2800 776 3059 825; x_wconf 79' lang='lat' dir='ltr'><strong>blanditias</strong></span> <span class='ocrx_word' id='word_1_537' title='bbox 3086 780 3352 828; x_wconf 87' lang='lat' dir='ltr'><strong>amantium</strong></span> 
     </span>
     <span class='ocr_line' id='line_1_68' title="bbox 1803 844 3355 911; baseline 0.003 -20"><span class='ocrx_word' id='word_1_538' title='bbox 1803 847 1898 893; x_wconf 86' lang='lat' dir='ltr'><strong>est.</strong></span> <span class='ocrx_word' id='word_1_539' title='bbox 1940 844 2063 893; x_wconf 68' lang='lat' dir='ltr'><strong>vide</strong></span> <span class='ocrx_word' id='word_1_540' title='bbox 2099 845 2219 893; x_wconf 78' lang='lat' dir='ltr'><strong>infra</strong></span> <span class='ocrx_word' id='word_1_541' title='bbox 2262 860 2338 908; x_wconf 76' lang='lat' dir='ltr'><strong>ep.</strong></span> <span class='ocrx_word' id='word_1_542' title='bbox 2394 849 2503 905; x_wconf 81' lang='grc'><strong>113,</strong></span> <span class='ocrx_word' id='word_1_543' title='bbox 2535 850 2581 895; x_wconf 88' lang='grc'><strong>3.</strong></span> <span class='ocrx_word' id='word_1_544' title='bbox 2610 847 2742 895; x_wconf 86' lang='lat' dir='ltr'><strong>Bion.</strong></span> <span class='ocrx_word' id='word_1_545' title='bbox 2777 849 2824 904; x_wconf 85' lang='lat'><strong>1,</strong></span> <span class='ocrx_word' id='word_1_546' title='bbox 2857 850 2916 896; x_wconf 88' lang='grc'><strong>78</strong></span> <span class='ocrx_word' id='word_1_547' title='bbox 2946 860 2957 889; x_wconf 88' lang='lat'>:</span> <span class='ocrx_word' id='word_1_548' title='bbox 2994 848 3202 895; x_wconf 60' lang='lat' dir='ltr'><strong>bosio-000</strong></span> <span class='ocrx_word' id='word_1_549' title='bbox 3236 850 3355 911; x_wconf 75' lang='grc' dir='ltr'><strong>μύρα</strong></span> 
     </span>
     <span class='ocr_line' id='line_1_69' title="bbox 1804 914 2919 979; baseline 0.003 -17"><span class='ocrx_word' id='word_1_550' title='bbox 1804 914 1982 963; x_wconf 82' lang='grc' dir='ltr'><strong>πάντα·</strong></span> <span class='ocrx_word' id='word_1_551' title='bbox 2004 916 2055 963; x_wconf 89' lang='grc' dir='ltr'><strong>τὸ</strong></span> <span class='ocrx_word' id='word_1_552' title='bbox 2080 932 2162 963; x_wconf 89' lang='grc' dir='ltr'><strong>σον</strong></span> <span class='ocrx_word' id='word_1_553' title='bbox 2190 918 2329 979; x_wconf 79' lang='grc' dir='ltr'><strong>μύρον</strong></span> <span class='ocrx_word' id='word_1_554' title='bbox 2354 916 2485 965; x_wconf 79' lang='grc' dir='ltr'><strong>ὤλετ’</strong></span> <span class='ocrx_word' id='word_1_555' title='bbox 2512 917 2713 972; x_wconf 76' lang='grc' dir='ltr'><strong>Ἄδωνις.</strong></span> <span class='ocrx_word' id='word_1_556' title='bbox 2746 937 2767 958; x_wconf 78' lang='grc' dir='ltr'><strong>υ</strong></span> <span class='ocrx_word' id='word_1_557' title='bbox 2804 919 2919 965; x_wconf 81' lang='lat' dir='ltr'><strong>J&#39;ac.</strong></span> 
     </span>
    </p>
   </div>
   <div class='ocr_carea' id='block_1_17' title="bbox 1803 1064 3355 1267">
    <p class='ocr_par' dir='ltr' id='par_1_17' title="bbox 1803 1064 3355 1267">
     <span class='ocr_line' id='line_1_70' title="bbox 1865 1064 3355 1129; baseline 0.001 -16"><span class='ocrx_word' id='word_1_558' title='bbox 1865 1066 1988 1113; x_wconf 65' lang='lat' dir='ltr'><strong>xci.</strong></span> <span class='ocrx_word' id='word_1_559' title='bbox 2013 1085 2035 1106; x_wconf 76' lang='grc' dir='ltr'><strong>α</strong></span> <span class='ocrx_word' id='word_1_560' title='bbox 2056 1064 2283 1114; x_wconf 86' lang='lat' dir='ltr'><strong>Similiter</strong></span> <span class='ocrx_word' id='word_1_561' title='bbox 2300 1066 2471 1128; x_wconf 89' lang='lat' dir='ltr'><strong>ineptit</strong></span> <span class='ocrx_word' id='word_1_562' title='bbox 2497 1064 2819 1114; x_wconf 81' lang='lat' dir='ltr'><strong>Philostratus</strong></span> <span class='ocrx_word' id='word_1_563' title='bbox 2840 1065 2994 1129; x_wconf 87' lang='lat' dir='ltr'><strong>Epist.</strong></span> <span class='ocrx_word' id='word_1_564' title='bbox 3017 1072 3077 1115; x_wconf 84' lang='lat'><strong>30</strong></span> <span class='ocrx_word' id='word_1_565' title='bbox 3100 1086 3110 1113; x_wconf 91' lang='lat'><strong>:</strong></span> <span class='ocrx_word' id='word_1_566' title='bbox 3136 1068 3355 1129; x_wconf 68' lang='grc' dir='ltr'><strong>πέπομοά</strong></span> 
     </span>
     <span class='ocr_line' id='line_1_71' title="bbox 1803 1136 3355 1205; baseline 0.001 -23"><span class='ocrx_word' id='word_1_567' title='bbox 1803 1150 1879 1182; x_wconf 78' lang='grc' dir='ltr'><strong>σοι</strong></span> <span class='ocrx_word' id='word_1_568' title='bbox 1920 1136 2143 1193; x_wconf 59' lang='grc' dir='ltr'><strong>στέφανον</strong></span> <span class='ocrx_word' id='word_1_569' title='bbox 2178 1136 2325 1197; x_wconf 80' lang='grc' dir='ltr'><strong>ῥόδων</strong></span> <span class='ocrx_word' id='word_1_570' title='bbox 2342 1171 2356 1196; x_wconf 93' lang='grc'><strong>,</strong></span> <span class='ocrx_word' id='word_1_571' title='bbox 2381 1139 2434 1183; x_wconf 84' lang='grc' dir='ltr'><strong>οὐ</strong></span> <span class='ocrx_word' id='word_1_572' title='bbox 2464 1137 2517 1184; x_wconf 86' lang='grc' dir='ltr'><strong>σὲ</strong></span> <span class='ocrx_word' id='word_1_573' title='bbox 2547 1142 2721 1205; x_wconf 79' lang='grc' dir='ltr'><strong>τιμῶν,</strong></span> <span class='ocrx_word' id='word_1_574' title='bbox 2746 1136 2827 1183; x_wconf 72' lang='grc' dir='ltr'><strong>καὶ</strong></span> <span class='ocrx_word' id='word_1_575' title='bbox 2849 1138 2986 1183; x_wconf 76' lang='grc' dir='ltr'><strong>τοῦτο</strong></span> <span class='ocrx_word' id='word_1_576' title='bbox 3022 1137 3102 1195; x_wconf 84' lang='grc' dir='ltr'><strong>μὲν</strong></span> <span class='ocrx_word' id='word_1_577' title='bbox 3127 1136 3231 1198; x_wconf 69' lang='grc' dir='ltr'><strong>γάρ,</strong></span> <span class='ocrx_word' id='word_1_578' title='bbox 3256 1136 3355 1184; x_wconf 78' lang='grc' dir='ltr'><strong>ἀλλ’</strong></span> 
     </span>
     <span class='ocr_line' id='line_1_72' title="bbox 1805 1204 2863 1267; baseline 0.001 -17"><span class='ocrx_word' id='word_1_579' title='bbox 1805 1204 1959 1259; x_wconf 76' lang='grc' dir='ltr'><strong>αὐτοῖς</strong></span> <span class='ocrx_word' id='word_1_580' title='bbox 1987 1221 2033 1252; x_wconf 80' lang='grc' dir='ltr'><strong>τι</strong></span> <span class='ocrx_word' id='word_1_581' title='bbox 2065 1204 2356 1267; x_wconf 74' lang='grc' dir='ltr'><strong>χαριζόμενος</strong></span> <span class='ocrx_word' id='word_1_582' title='bbox 2379 1211 2471 1259; x_wconf 84' lang='grc' dir='ltr'><strong>τοῖς</strong></span> <span class='ocrx_word' id='word_1_583' title='bbox 2496 1205 2662 1267; x_wconf 81' lang='grc' dir='ltr'><strong>ῥόδοις.</strong></span> <span class='ocrx_word' id='word_1_584' title='bbox 2693 1225 2715 1247; x_wconf 75' lang='grc' dir='ltr'><strong>»ι</strong></span> <span class='ocrx_word' id='word_1_585' title='bbox 2748 1206 2863 1253; x_wconf 84' lang='lat' dir='ltr'><strong>Jac.</strong></span> 
     </span>
    </p>
   </div>
   <div class='ocr_carea' id='block_1_18' title="bbox 1805 1359 3364 2257">
    <p class='ocr_par' dir='ltr' id='par_1_18' title="bbox 1805 1359 3364 2257">
     <span class='ocr_line' id='line_1_73' title="bbox 1867 1359 3357 1427; baseline 0.001 -21"><span class='ocrx_word' id='word_1_586' title='bbox 1867 1359 2011 1407; x_wconf 84' lang='lat' dir='ltr'><strong>XCII.</strong></span> <span class='ocrx_word' id='word_1_587' title='bbox 2037 1361 2235 1408; x_wconf 86' lang='lat' dir='ltr'><strong>Lemma</strong></span> <span class='ocrx_word' id='word_1_588' title='bbox 2258 1380 2271 1407; x_wconf 88' lang='lat'><strong>:</strong></span> <span class='ocrx_word' id='word_1_589' title='bbox 2298 1362 2361 1415; x_wconf 80' lang='grc' dir='ltr'><strong>εἰς</strong></span> <span class='ocrx_word' id='word_1_590' title='bbox 2384 1360 2609 1418; x_wconf 83' lang='grc' dir='ltr'><strong>Ῥοδόπην</strong></span> <span class='ocrx_word' id='word_1_591' title='bbox 2635 1362 2717 1419; x_wconf 78' lang='grc' dir='ltr'><strong>τὴν</strong></span> <span class='ocrx_word' id='word_1_592' title='bbox 2749 1361 2949 1421; x_wconf 73' lang='grc' dir='ltr'><strong>ἑταίραν.</strong></span> <span class='ocrx_word' id='word_1_593' title='bbox 2987 1380 3009 1401; x_wconf 74' lang='grc' dir='ltr'><strong>α</strong></span> <span class='ocrx_word' id='word_1_594' title='bbox 3041 1360 3223 1427; x_wconf 84' lang='lat' dir='ltr'><strong>Gallice</strong></span> <span class='ocrx_word' id='word_1_595' title='bbox 3254 1374 3357 1409; x_wconf 72' lang='lat' dir='ltr'><strong>ver-</strong></span> 
     </span>
     <span class='ocr_line' id='line_1_74' title="bbox 1805 1426 3351 1493; baseline 0.004 -19"><span class='ocrx_word' id='word_1_596' title='bbox 1805 1426 1866 1479; x_wconf 86' lang='lat' dir='ltr'><strong>tit</strong></span> <span class='ocrx_word' id='word_1_597' title='bbox 1897 1429 2274 1491; x_wconf 81' lang='lat' dir='ltr'><strong>Longopetraeus</strong></span> <span class='ocrx_word' id='word_1_598' title='bbox 2291 1429 2355 1479; x_wconf 85' lang='lat' dir='ltr'><strong>ad</strong></span> <span class='ocrx_word' id='word_1_599' title='bbox 2376 1430 2577 1479; x_wconf 85' lang='lat' dir='ltr'><strong>Theocr.</strong></span> <span class='ocrx_word' id='word_1_600' title='bbox 2606 1444 2656 1493; x_wconf 90' lang='lat' dir='ltr'><strong>p.</strong></span> <span class='ocrx_word' id='word_1_601' title='bbox 2684 1434 2785 1480; x_wconf 89' lang='grc'><strong>117.</strong></span> <span class='ocrx_word' id='word_1_602' title='bbox 2809 1450 2834 1473; x_wconf 74' lang='grc' dir='ltr'><strong>ν</strong></span> <span class='ocrx_word' id='word_1_603' title='bbox 2855 1434 2914 1480; x_wconf 84' lang='lat' dir='ltr'><strong>B.</strong></span> <span class='ocrx_word' id='word_1_604' title='bbox 2941 1461 2999 1474; x_wconf 84' lang='lat'><strong>.-</strong></span> <span class='ocrx_word' id='word_1_605' title='bbox 3018 1438 3063 1479; x_wconf 86' lang='lat'><strong>2.</strong></span> <span class='ocrx_word' id='word_1_606' title='bbox 3092 1448 3113 1471; x_wconf 77' lang='grc' dir='ltr'><strong>α</strong></span> <span class='ocrx_word' id='word_1_607' title='bbox 3136 1428 3351 1493; x_wconf 85' lang='lat' dir='ltr'><strong>Salutem</strong></span> 
     </span>
     <span class='ocr_line' id='line_1_75' title="bbox 1807 1494 3356 1562; baseline 0.005 -20"><span class='ocrx_word' id='word_1_608' title='bbox 1807 1494 1993 1555; x_wconf 87' lang='lat' dir='ltr'><strong>reddit,</strong></span> <span class='ocrx_word' id='word_1_609' title='bbox 2030 1510 2125 1545; x_wconf 86' lang='lat' dir='ltr'><strong>nun</strong></span> <span class='ocrx_word' id='word_1_610' title='bbox 2151 1498 2313 1547; x_wconf 81' lang='lat' dir='ltr'><strong>verbis</strong></span> <span class='ocrx_word' id='word_1_611' title='bbox 2330 1536 2343 1559; x_wconf 95' lang='lat'>,</span> <span class='ocrx_word' id='word_1_612' title='bbox 2372 1498 2457 1547; x_wconf 87' lang='lat' dir='ltr'><strong>sed</strong></span> <span class='ocrx_word' id='word_1_613' title='bbox 2496 1499 2770 1562; x_wconf 83' lang='lat' dir='ltr'><strong>superciliis</strong></span> <span class='ocrx_word' id='word_1_614' title='bbox 2804 1498 2949 1547; x_wconf 87' lang='lat' dir='ltr'><strong>altius</strong></span> <span class='ocrx_word' id='word_1_615' title='bbox 2975 1500 3026 1547; x_wconf 89' lang='lat' dir='ltr'><strong>et</strong></span> <span class='ocrx_word' id='word_1_616' title='bbox 3072 1511 3185 1547; x_wconf 90' lang='lat' dir='ltr'><strong>cum</strong></span> <span class='ocrx_word' id='word_1_617' title='bbox 3227 1498 3356 1553; x_wconf 76' lang='lat' dir='ltr'><strong>fastu</strong></span> 
     </span>
     <span class='ocr_line' id='line_1_76' title="bbox 1808 1566 3358 1631; baseline 0.003 -18"><span class='ocrx_word' id='word_1_618' title='bbox 1808 1566 1997 1614; x_wconf 75' lang='lat' dir='ltr'><strong>erectiS.</strong></span> <span class='ocrx_word' id='word_1_619' title='bbox 2029 1569 2116 1616; x_wconf 87' lang='lat' dir='ltr'><strong>Est</strong></span> <span class='ocrx_word' id='word_1_620' title='bbox 2139 1568 2269 1616; x_wconf 87' lang='lat' dir='ltr'><strong>enim</strong></span> <span class='ocrx_word' id='word_1_621' title='bbox 2300 1568 2349 1617; x_wconf 91' lang='lat' dir='ltr'><strong>in</strong></span> <span class='ocrx_word' id='word_1_622' title='bbox 2368 1582 2490 1618; x_wconf 79' lang='lat' dir='ltr'><strong>voce</strong></span> <span class='ocrx_word' id='word_1_623' title='bbox 2511 1569 2668 1631; x_wconf 73' lang='grc' dir='ltr'><strong>ὀρρύες</strong></span> <span class='ocrx_word' id='word_1_624' title='bbox 2702 1568 2941 1631; x_wconf 66' lang='lat' dir='ltr'><strong>superbiai</strong></span> <span class='ocrx_word' id='word_1_625' title='bbox 2974 1567 3274 1630; x_wconf 80' lang='lat' dir='ltr'><strong>significatio.</strong></span> <span class='ocrx_word' id='word_1_626' title='bbox 3296 1594 3358 1604; x_wconf 93' lang='lat'><strong>——</strong></span> 
     </span>
     <span class='ocr_line' id='line_1_77' title="bbox 1808 1638 3357 1701; baseline 0.003 -18"><span class='ocrx_word' id='word_1_627' title='bbox 1808 1640 1837 1683; x_wconf 81' lang='lat'><strong>3</strong></span> <span class='ocrx_word' id='word_1_628' title='bbox 1873 1638 2109 1701; x_wconf 79' lang='grc' dir='ltr'><strong>προθυρῶν</strong></span> <span class='ocrx_word' id='word_1_629' title='bbox 2158 1642 2399 1701; x_wconf 77' lang='grc' dir='ltr'><strong>ὓπερεκκρ.</strong></span> <span class='ocrx_word' id='word_1_630' title='bbox 2438 1638 2579 1698; x_wconf 86' lang='lat' dir='ltr'><strong>c0d.-‚</strong></span> <span class='ocrx_word' id='word_1_631' title='bbox 2618 1640 2707 1701; x_wconf 84' lang='grc' dir='ltr'><strong>πρὸ</strong></span> <span class='ocrx_word' id='word_1_632' title='bbox 2746 1642 2890 1699; x_wconf 81' lang='grc' dir='ltr'><strong>θυρῶν</strong></span> <span class='ocrx_word' id='word_1_633' title='bbox 2933 1640 3175 1699; x_wconf 73' lang='grc' dir='ltr'><strong>ὑπερεκκρ.</strong></span> <span class='ocrx_word' id='word_1_634' title='bbox 3220 1640 3357 1687; x_wconf 74' lang='lat' dir='ltr'><strong>Plan.</strong></span> 
     </span>
     <span class='ocr_line' id='line_1_78' title="bbox 1809 1704 3357 1769; baseline 0.004 -18"><span class='ocrx_word' id='word_1_635' title='bbox 1809 1704 1986 1765; x_wconf 86' lang='lat' dir='ltr'><strong>Scripsi</strong></span> <span class='ocrx_word' id='word_1_636' title='bbox 2014 1707 2143 1768; x_wconf 77' lang='grc' dir='ltr'><strong>ὕπερ,</strong></span> <span class='ocrx_word' id='word_1_637' title='bbox 2166 1709 2363 1769; x_wconf 74' lang='lat' dir='ltr'><strong>propter</strong></span> <span class='ocrx_word' id='word_1_638' title='bbox 2386 1705 2673 1769; x_wconf 80' lang='lat' dir='ltr'><strong>rhythmum</strong></span> <span class='ocrx_word' id='word_1_639' title='bbox 2711 1705 3000 1755; x_wconf 81' lang='lat' dir='ltr'><strong>bucolicum.</strong></span> <span class='ocrx_word' id='word_1_640' title='bbox 3026 1726 3047 1747; x_wconf 77' lang='grc' dir='ltr'><strong>υ</strong></span> <span class='ocrx_word' id='word_1_641' title='bbox 3075 1710 3189 1756; x_wconf 75' lang='lat' dir='ltr'><strong>lac.</strong></span> <span class='ocrx_word' id='word_1_642' title='bbox 3217 1738 3276 1748; x_wconf 93' lang='lat'><strong>—</strong></span> <span class='ocrx_word' id='word_1_643' title='bbox 3312 1716 3357 1757; x_wconf 79' lang='lat' dir='ltr'><strong>o.</strong></span> 
     </span>
     <span class='ocr_line' id='line_1_79' title="bbox 1813 1776 3364 1840; baseline 0.003 -17"><span class='ocrx_word' id='word_1_644' title='bbox 1813 1794 1834 1815; x_wconf 77' lang='grc' dir='ltr'>α</span> <span class='ocrx_word' id='word_1_645' title='bbox 1859 1778 1958 1823; x_wconf 80' lang='grc' dir='ltr'><strong>Κάν</strong></span> <span class='ocrx_word' id='word_1_646' title='bbox 1977 1779 2130 1837; x_wconf 76' lang='grc' dir='ltr'><strong>ὑμεῖς,</strong></span> <span class='ocrx_word' id='word_1_647' title='bbox 2152 1779 2195 1824; x_wconf 76' lang='lat' dir='ltr'><strong>ec</strong></span> <span class='ocrx_word' id='word_1_648' title='bbox 2220 1790 2309 1825; x_wconf 82' lang='lat' dir='ltr'><strong>vos</strong></span> <span class='ocrx_word' id='word_1_649' title='bbox 2321 1777 2525 1826; x_wconf 78' lang='lat' dir='ltr'><strong>saltem..</strong></span> <span class='ocrx_word' id='word_1_650' title='bbox 2547 1782 2657 1835; x_wconf 92' lang='lat' dir='ltr'><strong>Quo</strong></span> <span class='ocrx_word' id='word_1_651' title='bbox 2673 1790 2817 1826; x_wconf 84' lang='lat' dir='ltr'><strong>sensu</strong></span> <span class='ocrx_word' id='word_1_652' title='bbox 2835 1776 3013 1838; x_wconf 82' lang='lat' dir='ltr'><strong>saepius</strong></span> <span class='ocrx_word' id='word_1_653' title='bbox 3030 1778 3115 1824; x_wconf 80' lang='grc' dir='ltr'><strong>κᾶν</strong></span> <span class='ocrx_word' id='word_1_654' title='bbox 3140 1776 3269 1840; x_wconf 87' lang='lat' dir='ltr'><strong>apud</strong></span> <span class='ocrx_word' id='word_1_655' title='bbox 3291 1790 3364 1827; x_wconf 87' lang='lat' dir='ltr'><strong>re·</strong></span> 
     </span>
     <span class='ocr_line' id='line_1_80' title="bbox 1810 1844 3352 1910; baseline 0.004 -19"><span class='ocrx_word' id='word_1_656' title='bbox 1810 1844 2048 1893; x_wconf 83' lang='lat' dir='ltr'><strong>centiores</strong></span> <span class='ocrx_word' id='word_1_657' title='bbox 2068 1846 2352 1907; x_wconf 64' lang='lat' dir='ltr'><strong>praesertim.</strong></span> <span class='ocrx_word' id='word_1_658' title='bbox 2384 1847 2527 1895; x_wconf 85' lang='lat' dir='ltr'><strong>Cont&#39;.</strong></span> <span class='ocrx_word' id='word_1_659' title='bbox 2564 1858 2639 1909; x_wconf 86' lang='lat' dir='ltr'><strong>ep.</strong></span> <span class='ocrx_word' id='word_1_660' title='bbox 2682 1851 2789 1896; x_wconf 87' lang='grc'><strong>304.</strong></span> <span class='ocrx_word' id='word_1_661' title='bbox 2824 1849 2881 1895; x_wconf 88' lang='lat' dir='ltr'><strong>ln</strong></span> <span class='ocrx_word' id='word_1_662' title='bbox 2910 1845 3099 1895; x_wconf 89' lang='lat' dir='ltr'><strong>Solonis</strong></span> <span class='ocrx_word' id='word_1_663' title='bbox 3135 1846 3309 1910; x_wconf 78' lang='lat' dir='ltr'><strong>fragm.</strong></span> <span class='ocrx_word' id='word_1_664' title='bbox 3337 1854 3352 1897; x_wconf 88' lang='grc'><strong>1</strong></span> 
     </span>
     <span class='ocr_line' id='line_1_81' title="bbox 1810 1914 3351 1996; baseline 0.001 -33"><span class='ocrx_word' id='word_1_665' title='bbox 1810 1919 1896 1963; x_wconf 70' lang='grc' dir='ltr'><strong>κᾶν</strong></span> <span class='ocrx_word' id='word_1_666' title='bbox 1927 1916 1995 1963; x_wconf 90' lang='lat' dir='ltr'><strong>sic</strong></span> <span class='ocrx_word' id='word_1_667' title='bbox 2024 1917 2238 1996; x_wconf 79' lang='lat' dir='ltr'><strong>positum</strong></span> <span class='ocrx_word' id='word_1_668' title='bbox 2283 1916 2501 1967; x_wconf 70' lang='lat' dir='ltr'><strong>vindicat</strong></span> <span class='ocrx_word' id='word_1_669' title='bbox 2545 1919 2808 1966; x_wconf 83' lang='lat' dir='ltr'><strong>Hermann.</strong></span> <span class='ocrx_word' id='word_1_670' title='bbox 2841 1914 2904 1964; x_wconf 89' lang='lat' dir='ltr'><strong>ad</strong></span> <span class='ocrx_word' id='word_1_671' title='bbox 2945 1916 3103 1979; x_wconf 76' lang='lat' dir='ltr'><strong>Viget.</strong></span> <span class='ocrx_word' id='word_1_672' title='bbox 3148 1930 3195 1980; x_wconf 88' lang='lat' dir='ltr'><strong>p.</strong></span> <span class='ocrx_word' id='word_1_673' title='bbox 3242 1924 3351 1969; x_wconf 75' lang='lat'><strong>924:</strong></span> 
     </span>
     <span class='ocr_line' id='line_1_82' title="bbox 1811 1984 3363 2049; baseline 0.003 -18"><span class='ocrx_word' id='word_1_674' title='bbox 1811 1984 2004 2034; x_wconf 85' lang='lat' dir='ltr'><strong>abunde</strong></span> <span class='ocrx_word' id='word_1_675' title='bbox 2036 1987 2246 2035; x_wconf 74' lang='lat' dir='ltr'><strong>illustrat</strong></span> <span class='ocrx_word' id='word_1_676' title='bbox 2273 1987 2481 2037; x_wconf 84' lang='lat' dir='ltr'><strong>Meinek.</strong></span> <span class='ocrx_word' id='word_1_677' title='bbox 2513 1987 2575 2037; x_wconf 81' lang='lat' dir='ltr'><strong>ad</strong></span> <span class='ocrx_word' id='word_1_678' title='bbox 2607 1986 2899 2036; x_wconf 82' lang='lat' dir='ltr'><strong>Menandrea</strong></span> <span class='ocrx_word' id='word_1_679' title='bbox 2926 2000 2975 2049; x_wconf 89' lang='lat' dir='ltr'><strong>p.</strong></span> <span class='ocrx_word' id='word_1_680' title='bbox 3010 1992 3090 2037; x_wconf 85' lang='grc'><strong>121</strong></span> <span class='ocrx_word' id='word_1_681' title='bbox 3126 2000 3139 2028; x_wconf 82' lang='lat'>2</span> <span class='ocrx_word' id='word_1_682' title='bbox 3170 1988 3363 2037; x_wconf 65' lang='grc' dir='ltr'><strong>Εἷσελὴε</strong></span> 
     </span>
     <span class='ocr_line' id='line_1_83' title="bbox 1809 2054 3361 2118; baseline 0.005 -18"><span class='ocrx_word' id='word_1_683' title='bbox 1809 2055 1895 2100; x_wconf 72' lang='grc' dir='ltr'><strong>κᾶν</strong></span> <span class='ocrx_word' id='word_1_684' title='bbox 1920 2060 2015 2102; x_wconf 81' lang='grc' dir='ltr'><strong>νῦν.</strong></span> <span class='ocrx_word' id='word_1_685' title='bbox 2060 2074 2083 2097; x_wconf 70' lang='grc' dir='ltr'><strong>ν</strong></span> <span class='ocrx_word' id='word_1_686' title='bbox 2119 2057 2300 2116; x_wconf 62' lang='lat' dir='ltr'><strong>Boias„</strong></span> <span class='ocrx_word' id='word_1_687' title='bbox 2334 2058 2438 2117; x_wconf 84' lang='lat' dir='ltr'><strong>ipse</strong></span> <span class='ocrx_word' id='word_1_688' title='bbox 2466 2055 2647 2105; x_wconf 87' lang='lat' dir='ltr'><strong>nubem</strong></span> <span class='ocrx_word' id='word_1_689' title='bbox 2675 2054 3007 2117; x_wconf 83' lang='lat' dir='ltr'><strong>exemplorum</strong></span> <span class='ocrx_word' id='word_1_690' title='bbox 3042 2054 3271 2118; x_wconf 81' lang='lat' dir='ltr'><strong>colligens</strong></span> <span class='ocrx_word' id='word_1_691' title='bbox 3299 2056 3361 2109; x_wconf 79' lang='lat' dir='ltr'><strong>ad</strong></span> 
     </span>
     <span class='ocr_line' id='line_1_84' title="bbox 1810 2115 3357 2187; baseline 0.003 -16"><span class='ocrx_word' id='word_1_692' title='bbox 1810 2115 2036 2173; x_wconf 84' lang='lat' dir='ltr'><strong>Philostr.</strong></span> <span class='ocrx_word' id='word_1_693' title='bbox 2068 2124 2219 2187; x_wconf 84' lang='lat' dir='ltr'><strong>Epist.</strong></span> <span class='ocrx_word' id='word_1_694' title='bbox 2243 2139 2293 2187; x_wconf 90' lang='lat' dir='ltr'><strong>p.</strong></span> <span class='ocrx_word' id='word_1_695' title='bbox 2331 2130 2407 2175; x_wconf 83' lang='grc'><strong>97.</strong></span> <span class='ocrx_word' id='word_1_696' title='bbox 2438 2124 2643 2175; x_wconf 84' lang='lat' dir='ltr'><strong>Bothius</strong></span> <span class='ocrx_word' id='word_1_697' title='bbox 2672 2125 2881 2185; x_wconf 70' lang='grc' dir='ltr'><strong>πείσετε,</strong></span> <span class='ocrx_word' id='word_1_698' title='bbox 2900 2123 2963 2173; x_wconf 88' lang='lat' dir='ltr'><strong>de</strong></span> <span class='ocrx_word' id='word_1_699' title='bbox 2989 2138 3087 2186; x_wconf 87' lang='lat' dir='ltr'><strong>quo</strong></span> <span class='ocrx_word' id='word_1_700' title='bbox 3101 2124 3249 2175; x_wconf 80' lang='lat' dir='ltr'><strong>etiam</strong></span> <span class='ocrx_word' id='word_1_701' title='bbox 3275 2129 3357 2175; x_wconf 81' lang='lat' dir='ltr'><strong>Ja-</strong></span> 
     </span>
     <span class='ocr_line' id='line_1_85' title="bbox 1809 2194 2399 2257; baseline 0.005 -16"><span class='ocrx_word' id='word_1_702' title='bbox 1809 2194 1941 2244; x_wconf 82' lang='lat' dir='ltr'><strong>cobs.</strong></span> <span class='ocrx_word' id='word_1_703' title='bbox 1962 2194 2270 2257; x_wconf 81' lang='lat' dir='ltr'><strong>cogitaverat.</strong></span> <span class='ocrx_word' id='word_1_704' title='bbox 2396 2218 2399 2223; x_wconf 97' lang='lat'>·</span> 
     </span>
    </p>
   </div>
   <div class='ocr_carea' id='block_1_19' title="bbox 1808 2344 3365 3041">
    <p class='ocr_par' dir='ltr' id='par_1_19' title="bbox 1808 2344 3365 3041">
     <span class='ocr_line' id='line_1_86' title="bbox 1871 2344 3363 2417; baseline 0.001 -18"><span class='ocrx_word' id='word_1_705' title='bbox 1871 2352 2045 2400; x_wconf 85' lang='lat' dir='ltr'><strong>XCIII.</strong></span> <span class='ocrx_word' id='word_1_706' title='bbox 2080 2353 2275 2401; x_wconf 76' lang='lat' dir='ltr'><strong>Lemma</strong></span> <span class='ocrx_word' id='word_1_707' title='bbox 2312 2373 2323 2400; x_wconf 91' lang='lat'>:</span> <span class='ocrx_word' id='word_1_708' title='bbox 2349 2353 2462 2415; x_wconf 81' lang='grc' dir='ltr'><strong>πρὸς</strong></span> <span class='ocrx_word' id='word_1_709' title='bbox 2480 2344 2684 2415; x_wconf 79' lang='grc' dir='ltr'><strong>Ἔρωτα.</strong></span> <span class='ocrx_word' id='word_1_710' title='bbox 2713 2378 2777 2387; x_wconf 95' lang='grc'><strong>-</strong></span> <span class='ocrx_word' id='word_1_711' title='bbox 2809 2344 2850 2401; x_wconf 82' lang='grc'><strong>1.</strong></span> <span class='ocrx_word' id='word_1_712' title='bbox 2880 2372 2904 2395; x_wconf 84' lang='lat'>«</span> <span class='ocrx_word' id='word_1_713' title='bbox 2939 2344 3205 2417; x_wconf 62' lang='grc' dir='ltr'><strong>Ὦπὶισμᾷᾳι</strong></span> <span class='ocrx_word' id='word_1_714' title='bbox 3234 2358 3363 2417; x_wconf 62' lang='lat' dir='ltr'><strong>hyr.-</strong></span> 
     </span>
     <span class='ocr_line' id='line_1_87' title="bbox 1809 2421 3365 2485; baseline 0.004 -18"><span class='ocrx_word' id='word_1_715' title='bbox 1809 2422 1957 2483; x_wconf 72' lang='grc' dir='ltr'><strong>σμὸν,</strong></span> <span class='ocrx_word' id='word_1_716' title='bbox 1989 2421 2173 2470; x_wconf 88' lang='lat' dir='ltr'><strong>ratione</strong></span> <span class='ocrx_word' id='word_1_717' title='bbox 2204 2424 2443 2483; x_wconf 82' lang='lat' dir='ltr'><strong>tanquam</strong></span> <span class='ocrx_word' id='word_1_718' title='bbox 2462 2427 2603 2471; x_wconf 89' lang='lat' dir='ltr'><strong>scuto</strong></span> <span class='ocrx_word' id='word_1_719' title='bbox 2619 2424 2779 2485; x_wconf 65' lang='grc' dir='ltr'><strong>,ὅπλῳ</strong></span> <span class='ocrx_word' id='word_1_720' title='bbox 2797 2458 2811 2480; x_wconf 91' lang='grc'><strong>,</strong></span> <span class='ocrx_word' id='word_1_721' title='bbox 2836 2437 2916 2473; x_wconf 90' lang='lat' dir='ltr'><strong>me</strong></span> <span class='ocrx_word' id='word_1_722' title='bbox 2942 2426 3099 2472; x_wconf 90' lang='lat' dir='ltr'><strong>tueor.</strong></span> <span class='ocrx_word' id='word_1_723' title='bbox 3116 2452 3179 2465; x_wconf 89' lang='lat'><em>-</em></span> <span class='ocrx_word' id='word_1_724' title='bbox 3205 2432 3251 2473; x_wconf 72' lang='grc'><strong>2.</strong></span> <span class='ocrx_word' id='word_1_725' title='bbox 3274 2428 3365 2473; x_wconf 76' lang='lat' dir='ltr'><strong>Pro</strong></span> 
     </span>
     <span class='ocr_line' id='line_1_88' title="bbox 1809 2490 3359 2559; baseline 0.003 -21"><span class='ocrx_word' id='word_1_726' title='bbox 1809 2491 1998 2554; x_wconf 82' lang='lat' dir='ltr'><strong>vulgari</strong></span> <span class='ocrx_word' id='word_1_727' title='bbox 2019 2490 2156 2551; x_wconf 80' lang='grc' dir='ltr'><strong>μόνος</strong></span> <span class='ocrx_word' id='word_1_728' title='bbox 2174 2494 2285 2554; x_wconf 79' lang='grc' dir='ltr'><strong>πρὸς</strong></span> <span class='ocrx_word' id='word_1_729' title='bbox 2310 2494 2475 2553; x_wconf 83' lang='grc' dir='ltr'><strong>μόνον,</strong></span> <span class='ocrx_word' id='word_1_730' title='bbox 2506 2493 2585 2541; x_wconf 78' lang='lat' dir='ltr'><strong>vel</strong></span> <span class='ocrx_word' id='word_1_731' title='bbox 2614 2494 2677 2549; x_wconf 72' lang='grc' dir='ltr'><strong>εἰς</strong></span> <span class='ocrx_word' id='word_1_732' title='bbox 2696 2495 2806 2555; x_wconf 81' lang='grc' dir='ltr'><strong>πρὸς</strong></span> <span class='ocrx_word' id='word_1_733' title='bbox 2830 2494 2925 2543; x_wconf 82' lang='grc' dir='ltr'><strong>ἕνα.</strong></span> <span class='ocrx_word' id='word_1_734' title='bbox 2956 2524 3013 2535; x_wconf 88' lang='grc'>-</span> <span class='ocrx_word' id='word_1_735' title='bbox 3034 2498 3063 2543; x_wconf 88' lang='grc'>3</span> <span class='ocrx_word' id='word_1_736' title='bbox 3086 2497 3359 2559; x_wconf 75' lang='grc' dir='ltr'><strong>συνελεὺσο-</strong></span> 
     </span>
     <span class='ocr_line' id='line_1_89' title="bbox 1812 2562 3361 2626; baseline 0.003 -19"><span class='ocrx_word' id='word_1_737' title='bbox 1812 2578 1893 2622; x_wconf 87' lang='grc' dir='ltr'><strong>μαι</strong></span> <span class='ocrx_word' id='word_1_738' title='bbox 1923 2562 2079 2621; x_wconf 86' lang='lat' dir='ltr'><strong>Plau.‚</strong></span> <span class='ocrx_word' id='word_1_739' title='bbox 2113 2574 2171 2609; x_wconf 88' lang='lat' dir='ltr'><strong>ex</strong></span> <span class='ocrx_word' id='word_1_740' title='bbox 2197 2562 2479 2623; x_wconf 89' lang='lat' dir='ltr'><strong>conjectura</strong></span> <span class='ocrx_word' id='word_1_741' title='bbox 2504 2562 2677 2626; x_wconf 88' lang='lat' dir='ltr'><strong>procul</strong></span> <span class='ocrx_word' id='word_1_742' title='bbox 2704 2562 2882 2623; x_wconf 88' lang='lat' dir='ltr'><strong>dubio,</strong></span> <span class='ocrx_word' id='word_1_743' title='bbox 2899 2562 3033 2625; x_wconf 86' lang='lat' dir='ltr'><strong>quod</strong></span> <span class='ocrx_word' id='word_1_744' title='bbox 3058 2564 3361 2613; x_wconf 71' lang='grc' dir='ltr'><strong>συνίστασθαι</strong></span> 
     </span>
     <span class='ocr_line' id='line_1_90' title="bbox 1809 2628 3359 2699; baseline 0.004 -21"><span class='ocrx_word' id='word_1_745' title='bbox 1809 2632 1957 2693; x_wconf 77' lang='lat' dir='ltr'><strong>vulgo</strong></span> <span class='ocrx_word' id='word_1_746' title='bbox 1988 2632 2291 2693; x_wconf 77' lang='lat' dir='ltr'><strong>opitulandi</strong></span> <span class='ocrx_word' id='word_1_747' title='bbox 2325 2646 2471 2682; x_wconf 79' lang='lat' dir='ltr'><strong>sensu</strong></span> <span class='ocrx_word' id='word_1_748' title='bbox 2507 2634 2757 2696; x_wconf 84' lang='lat' dir='ltr'><strong>accipitur.</strong></span> <span class='ocrx_word' id='word_1_749' title='bbox 2794 2636 2900 2683; x_wconf 84' lang='lat' dir='ltr'><strong>Hoc</strong></span> <span class='ocrx_word' id='word_1_750' title='bbox 2934 2635 3042 2684; x_wconf 92' lang='lat' dir='ltr'><strong>Ioco</strong></span> <span class='ocrx_word' id='word_1_751' title='bbox 3070 2628 3233 2684; x_wconf 87' lang='lat' dir='ltr'><strong>au&#39;tem</strong></span> <span class='ocrx_word' id='word_1_752' title='bbox 3256 2649 3359 2699; x_wconf 80' lang='lat' dir='ltr'><strong>pu-</strong></span> 
     </span>
     <span class='ocr_line' id='line_1_91' title="bbox 1808 2701 3362 2771; baseline 0.003 -22"><span class='ocrx_word' id='word_1_753' title='bbox 1808 2701 2007 2763; x_wconf 73' lang='lat' dir='ltr'><strong>qntmcla’</strong></span> <span class='ocrx_word' id='word_1_754' title='bbox 2034 2705 2084 2750; x_wconf 87' lang='lat' dir='ltr'><strong>et</strong></span> <span class='ocrx_word' id='word_1_755' title='bbox 2112 2701 2435 2751; x_wconf 74' lang='lat' dir='ltr'><strong>adversandi</strong></span> <span class='ocrx_word' id='word_1_756' title='bbox 2467 2702 2865 2765; x_wconf 78' lang='lat' dir='ltr'><strong>significationem</strong></span> <span class='ocrx_word' id='word_1_757' title='bbox 2898 2702 3073 2762; x_wconf 84' lang='lat' dir='ltr'><strong>habet,</strong></span> <span class='ocrx_word' id='word_1_758' title='bbox 3096 2707 3362 2771; x_wconf 50' lang='lat' dir='ltr'><strong>utffvffiuoes</strong></span> 
     </span>
     <span class='ocr_line' id='line_1_92' title="bbox 1811 2772 3359 2834; baseline 0.003 -16"><span class='ocrx_word' id='word_1_759' title='bbox 1811 2776 2158 2830; x_wconf 73' lang='grc' dir='ltr'><strong>συνεστηκυῖαι,</strong></span> <span class='ocrx_word' id='word_1_760' title='bbox 2183 2774 2443 2819; x_wconf 66' lang='lat' dir='ltr'><strong>sementim</strong></span> <span class='ocrx_word' id='word_1_761' title='bbox 2456 2774 2752 2831; x_wconf 64' lang='lat' dir='ltr'><strong>contu-arm,</strong></span> <span class='ocrx_word' id='word_1_762' title='bbox 2772 2784 2847 2834; x_wconf 89' lang='lat' dir='ltr'><strong>ap.</strong></span> <span class='ocrx_word' id='word_1_763' title='bbox 2866 2772 3096 2832; x_wconf 76' lang='lat' dir='ltr'><strong>Herodot.</strong></span> <span class='ocrx_word' id='word_1_764' title='bbox 3119 2775 3229 2833; x_wconf 85' lang='lat' dir='ltr'><strong>Vll,</strong></span> <span class='ocrx_word' id='word_1_765' title='bbox 3256 2775 3359 2823; x_wconf 86' lang='grc'><strong>142.</strong></span> 
     </span>
     <span class='ocr_line' id='line_1_93' title="bbox 1811 2839 3359 2905; baseline 0.004 -18"><span class='ocrx_word' id='word_1_766' title='bbox 1811 2866 1870 2879; x_wconf 91' lang='grc'>-</span> <span class='ocrx_word' id='word_1_767' title='bbox 1897 2842 1943 2888; x_wconf 92' lang='grc'><strong>4.</strong></span> <span class='ocrx_word' id='word_1_768' title='bbox 1968 2839 2118 2894; x_wconf 83' lang='grc' dir='ltr'><strong>Μόνος</strong></span> <span class='ocrx_word' id='word_1_769' title='bbox 2144 2840 2255 2900; x_wconf 82' lang='grc' dir='ltr'><strong>πρὸς</strong></span> <span class='ocrx_word' id='word_1_770' title='bbox 2286 2840 2366 2888; x_wconf 82' lang='grc' dir='ltr'><strong>δύο</strong></span> <span class='ocrx_word' id='word_1_771' title='bbox 2394 2839 2697 2902; x_wconf 81' lang='lat' dir='ltr'><strong>proverbiale</strong></span> <span class='ocrx_word' id='word_1_772' title='bbox 2723 2843 2814 2890; x_wconf 80' lang='lat' dir='ltr'><strong>est.</strong></span> <span class='ocrx_word' id='word_1_773' title='bbox 2836 2839 3005 2890; x_wconf 85' lang='lat' dir='ltr'><strong>Liban.</strong></span> <span class='ocrx_word' id='word_1_774' title='bbox 3026 2840 3121 2891; x_wconf 81' lang='lat' dir='ltr'><strong>vol.</strong></span> <span class='ocrx_word' id='word_1_775' title='bbox 3142 2844 3185 2902; x_wconf 84' lang='lat' dir='ltr'><strong>l,</strong></span> <span class='ocrx_word' id='word_1_776' title='bbox 3211 2854 3262 2905; x_wconf 88' lang='lat' dir='ltr'><strong>p.</strong></span> <span class='ocrx_word' id='word_1_777' title='bbox 3282 2848 3359 2904; x_wconf 84' lang='lat'><strong>28,</strong></span> 
     </span>
     <span class='ocr_line' id='line_1_94' title="bbox 1815 2909 3362 2976; baseline 0.001 -17"><span class='ocrx_word' id='word_1_778' title='bbox 1815 2916 1870 2959; x_wconf 91' lang='grc'><strong>10</strong></span> <span class='ocrx_word' id='word_1_779' title='bbox 1903 2929 1914 2957; x_wconf 86' lang='lat'>:</span> <span class='ocrx_word' id='word_1_780' title='bbox 1950 2911 2080 2957; x_wconf 80' lang='grc' dir='ltr'><strong>δυοῖν</strong></span> <span class='ocrx_word' id='word_1_781' title='bbox 2108 2909 2195 2972; x_wconf 78' lang='grc' dir='ltr'><strong>γὰρ</strong></span> <span class='ocrx_word' id='word_1_782' title='bbox 2219 2911 2298 2958; x_wconf 78' lang='grc' dir='ltr'><strong>ἕνα</strong></span> <span class='ocrx_word' id='word_1_783' title='bbox 2329 2911 2415 2958; x_wconf 76' lang='grc' dir='ltr'><strong>οὐκ</strong></span> <span class='ocrx_word' id='word_1_784' title='bbox 2438 2911 2556 2959; x_wconf 76' lang='grc' dir='ltr'><strong>εἶναι</strong></span> <span class='ocrx_word' id='word_1_785' title='bbox 2575 2916 2757 2972; x_wconf 74' lang='grc' dir='ltr'><strong>κρατεῖν</strong></span> <span class='ocrx_word' id='word_1_786' title='bbox 2782 2911 2888 2959; x_wconf 78' lang='grc' dir='ltr'><strong>οὐδὲ</strong></span> <span class='ocrx_word' id='word_1_787' title='bbox 2904 2911 2983 2958; x_wconf 86' lang='grc' dir='ltr'><strong>τὸν</strong></span> <span class='ocrx_word' id='word_1_788' title='bbox 2997 2909 3257 2976; x_wconf 73' lang='grc' dir='ltr'><strong>Ἡρακλέα,</strong></span> <span class='ocrx_word' id='word_1_789' title='bbox 3278 2919 3362 2972; x_wconf 69' lang='grc' dir='ltr'><strong>τήν</strong></span> 
     </span>
     <span class='ocr_line' id='line_1_95' title="bbox 1810 2979 2427 3041; baseline 0 -13"><span class='ocrx_word' id='word_1_790' title='bbox 1810 2979 2057 3041; x_wconf 77' lang='grc' dir='ltr'><strong>παροιμίαν</strong></span> <span class='ocrx_word' id='word_1_791' title='bbox 2083 2981 2247 3040; x_wconf 80' lang='grc' dir='ltr'><strong>λέγειν.</strong></span> <span class='ocrx_word' id='word_1_792' title='bbox 2271 2998 2295 3022; x_wconf 75' lang='lat'><strong>³³</strong></span> <span class='ocrx_word' id='word_1_793' title='bbox 2310 2983 2427 3029; x_wconf 76' lang='lat' dir='ltr'><strong>Jac-</strong></span> 
     </span>
    </p>
   </div>
   <div class='ocr_carea' id='block_1_20' title="bbox 1809 3123 3371 3951">
    <p class='ocr_par' dir='ltr' id='par_1_20' title="bbox 1809 3123 3371 3951">
     <span class='ocr_line' id='line_1_96' title="bbox 1873 3123 3363 3196; baseline 0.003 -15"><span class='ocrx_word' id='word_1_794' title='bbox 1873 3123 2043 3183; x_wconf 83' lang='lat' dir='ltr'><strong>xcl&#39;v.</strong></span> <span class='ocrx_word' id='word_1_795' title='bbox 2068 3137 2265 3186; x_wconf 70' lang='lat' dir='ltr'><strong>Lemma</strong></span> <span class='ocrx_word' id='word_1_796' title='bbox 2291 3154 2303 3181; x_wconf 61' lang='grc' dir='ltr'>ι</span> <span class='ocrx_word' id='word_1_797' title='bbox 2332 3135 2395 3186; x_wconf 69' lang='grc' dir='ltr'><strong>εἰς</strong></span> <span class='ocrx_word' id='word_1_798' title='bbox 2412 3123 2612 3189; x_wconf 56' lang='lat' dir='ltr'><strong>Maxim-2</strong></span> <span class='ocrx_word' id='word_1_799' title='bbox 2628 3133 2818 3196; x_wconf 72' lang='grc' dir='ltr'><strong>ὡραίαν.</strong></span> <span class='ocrx_word' id='word_1_800' title='bbox 2846 3134 2863 3191; x_wconf 88' lang='grc'>(</span> <span class='ocrx_word' id='word_1_801' title='bbox 2880 3133 2958 3181; x_wconf 81' lang='lat' dir='ltr'><strong>Sic</strong></span> <span class='ocrx_word' id='word_1_802' title='bbox 2985 3132 3141 3183; x_wconf 75' lang='lat' dir='ltr'><strong>nuiss.</strong></span> <span class='ocrx_word' id='word_1_803' title='bbox 3168 3125 3224 3184; x_wconf 80' lang='lat' dir='ltr'><strong>in</strong></span> <span class='ocrx_word' id='word_1_804' title='bbox 3239 3135 3363 3185; x_wconf 75' lang='lat' dir='ltr'><strong>coc.</strong></span> 
     </span>
     <span class='ocr_line' id='line_1_97' title="bbox 1812 3201 3371 3269; baseline 0.003 -20"><span class='ocrx_word' id='word_1_805' title='bbox 1812 3206 1928 3265; x_wconf 72' lang='grc' dir='ltr'><strong>ὡραι</strong></span> <span class='ocrx_word' id='word_1_806' title='bbox 1943 3241 1956 3262; x_wconf 90' lang='grc'><strong>,</strong></span> <span class='ocrx_word' id='word_1_807' title='bbox 1981 3203 2114 3265; x_wconf 90' lang='lat' dir='ltr'><strong>quod</strong></span> <span class='ocrx_word' id='word_1_808' title='bbox 2132 3203 2215 3252; x_wconf 85' lang='lat' dir='ltr'><strong>alii</strong></span> <span class='ocrx_word' id='word_1_809' title='bbox 2242 3207 2495 3266; x_wconf 88' lang='lat' dir='ltr'><strong>&#39;perperam</strong></span> <span class='ocrx_word' id='word_1_810' title='bbox 2512 3201 2736 3265; x_wconf 82' lang='lat' dir='ltr'><strong>legebant</strong></span> <span class='ocrx_word' id='word_1_811' title='bbox 2751 3205 2935 3264; x_wconf 83' lang='grc' dir='ltr'><strong>ὡραῖον,</strong></span> <span class='ocrx_word' id='word_1_812' title='bbox 2951 3201 3243 3265; x_wconf 79' lang='lat' dir='ltr'><strong>pulchrum</strong></span> <span class='ocrx_word' id='word_1_813' title='bbox 3272 3206 3371 3269; x_wconf 88' lang='lat' dir='ltr'><strong>epi·</strong></span> 
     </span>
     <span class='ocr_line' id='line_1_98' title="bbox 1809 3272 3367 3336; baseline 0.001 -15"><span class='ocrx_word' id='word_1_814' title='bbox 1809 3287 2044 3336; x_wconf 80' lang='lat' dir='ltr'><strong>gramma.</strong></span> <span class='ocrx_word' id='word_1_815' title='bbox 2067 3274 2165 3336; x_wconf 90' lang='lat'><strong>)—-</strong></span> <span class='ocrx_word' id='word_1_816' title='bbox 2198 3280 2239 3323; x_wconf 91' lang='grc'><strong>1.</strong></span> <span class='ocrx_word' id='word_1_817' title='bbox 2268 3295 2292 3317; x_wconf 73' lang='grc' dir='ltr'><strong>«ι</strong></span> <span class='ocrx_word' id='word_1_818' title='bbox 2316 3278 2497 3336; x_wconf 78' lang='grc' dir='ltr'><strong>Χεῖρας.</strong></span> <span class='ocrx_word' id='word_1_819' title='bbox 2534 3273 2584 3321; x_wconf 90' lang='lat' dir='ltr'><strong>Si</strong></span> <span class='ocrx_word' id='word_1_820' title='bbox 2613 3272 2807 3322; x_wconf 87' lang='lat' dir='ltr'><strong>aliunde</strong></span> <span class='ocrx_word' id='word_1_821' title='bbox 2832 3277 3103 3334; x_wconf 81' lang='lat' dir='ltr'><strong>constaret,</strong></span> <span class='ocrx_word' id='word_1_822' title='bbox 3132 3275 3367 3324; x_wconf 77' lang='lat' dir='ltr'><strong>Minervae</strong></span> 
     </span>
     <span class='ocr_line' id='line_1_99' title="bbox 1811 3341 3365 3407; baseline 0.002 -16"><span class='ocrx_word' id='word_1_823' title='bbox 1811 3357 1986 3392; x_wconf 79' lang='lat' dir='ltr'><strong>manus</strong></span> <span class='ocrx_word' id='word_1_824' title='bbox 2004 3357 2093 3406; x_wconf 89' lang='lat' dir='ltr'><strong>pro</strong></span> <span class='ocrx_word' id='word_1_825' title='bbox 2124 3343 2300 3393; x_wconf 80' lang='lat' dir='ltr'><strong>eximie</strong></span> <span class='ocrx_word' id='word_1_826' title='bbox 2327 3342 2543 3407; x_wconf 83' lang='lat' dir='ltr'><strong>pulchris</strong></span> <span class='ocrx_word' id='word_1_827' title='bbox 2572 3343 2723 3393; x_wconf 81' lang='lat' dir='ltr'><strong>fuisse</strong></span> <span class='ocrx_word' id='word_1_828' title='bbox 2742 3341 2961 3403; x_wconf 53' lang='lat' dir='ltr'><strong>habita,</strong></span> <span class='ocrx_word' id='word_1_829' title='bbox 2980 3341 3075 3392; x_wconf 87' lang='lat' dir='ltr'><strong>hoc</strong></span> <span class='ocrx_word' id='word_1_830' title='bbox 3101 3347 3233 3394; x_wconf 88' lang='lat' dir='ltr'><strong>certe</strong></span> <span class='ocrx_word' id='word_1_831' title='bbox 3258 3344 3365 3394; x_wconf 77' lang='lat' dir='ltr'><strong>loeo</strong></span> 
     </span>
     <span class='ocr_line' id='line_1_100' title="bbox 1810 3411 3366 3475; baseline 0.003 -15"><span class='ocrx_word' id='word_1_832' title='bbox 1810 3411 1874 3460; x_wconf 86' lang='lat' dir='ltr'><strong>de</strong></span> <span class='ocrx_word' id='word_1_833' title='bbox 1903 3411 2261 3474; x_wconf 86' lang='lat' dir='ltr'><strong>pulchritudine</strong></span> <span class='ocrx_word' id='word_1_834' title='bbox 2299 3413 2515 3475; x_wconf 88' lang='lat' dir='ltr'><strong>accipere</strong></span> <span class='ocrx_word' id='word_1_835' title='bbox 2548 3411 2689 3460; x_wconf 87' lang='lat' dir='ltr'><strong>malis</strong></span> <span class='ocrx_word' id='word_1_836' title='bbox 2717 3425 2869 3474; x_wconf 88' lang='lat' dir='ltr'><strong>quam</strong></span> <span class='ocrx_word' id='word_1_837' title='bbox 2904 3411 2967 3460; x_wconf 86' lang='lat' dir='ltr'><strong>de</strong></span> <span class='ocrx_word' id='word_1_838' title='bbox 2999 3411 3287 3463; x_wconf 79' lang='lat' dir='ltr'><strong>dexteritate</strong></span> <span class='ocrx_word' id='word_1_839' title='bbox 3315 3417 3366 3464; x_wconf 89' lang='lat' dir='ltr'><strong>et</strong></span> 
     </span>
     <span class='ocr_line' id='line_1_101' title="bbox 1811 3481 3365 3546; baseline 0.001 -16"><span class='ocrx_word' id='word_1_840' title='bbox 1811 3482 1983 3544; x_wconf 86' lang='lat' dir='ltr'><strong>peritia</strong></span> <span class='ocrx_word' id='word_1_841' title='bbox 1998 3483 2235 3544; x_wconf 64' lang='grc' dir='ltr'><strong>Ἐργάνης.</strong></span> <span class='ocrx_word' id='word_1_842' title='bbox 2257 3503 2280 3524; x_wconf 74' lang='grc' dir='ltr'><strong>υ</strong></span> <span class='ocrx_word' id='word_1_843' title='bbox 2297 3485 2409 3532; x_wconf 82' lang='lat' dir='ltr'><strong>Jac.</strong></span> <span class='ocrx_word' id='word_1_844' title='bbox 2436 3502 2459 3524; x_wconf 78' lang='grc' dir='ltr'><strong>«ι</strong></span> <span class='ocrx_word' id='word_1_845' title='bbox 2480 3485 2580 3544; x_wconf 83' lang='lat' dir='ltr'><strong>Ego</strong></span> <span class='ocrx_word' id='word_1_846' title='bbox 2598 3488 2752 3546; x_wconf 80' lang='grc' dir='ltr'><strong>χεῖρας</strong></span> <span class='ocrx_word' id='word_1_847' title='bbox 2770 3481 3001 3531; x_wconf 71' lang='lat' dir='ltr'><strong>verterim</strong></span> <span class='ocrx_word' id='word_1_848' title='bbox 3019 3483 3119 3531; x_wconf 83' lang='lat' dir='ltr'><strong>sere</strong></span> <span class='ocrx_word' id='word_1_849' title='bbox 3146 3482 3365 3532; x_wconf 71' lang='lat' dir='ltr'><strong>brachia</strong></span> 
     </span>
     <span class='ocr_line' id='line_1_102' title="bbox 1811 3550 3359 3615; baseline 0 -15"><span class='ocrx_word' id='word_1_850' title='bbox 1811 3551 1976 3612; x_wconf 85' lang='lat' dir='ltr'><strong>potius</strong></span> <span class='ocrx_word' id='word_1_851' title='bbox 2000 3565 2150 3613; x_wconf 86' lang='lat' dir='ltr'><strong>quam</strong></span> <span class='ocrx_word' id='word_1_852' title='bbox 2166 3564 2377 3600; x_wconf 75' lang='lat' dir='ltr'><strong>manus.</strong></span> <span class='ocrx_word' id='word_1_853' title='bbox 2397 3553 2520 3600; x_wconf 86' lang='lat' dir='ltr'><strong>Nam</strong></span> <span class='ocrx_word' id='word_1_854' title='bbox 2552 3551 2645 3599; x_wconf 82' lang='lat' dir='ltr'><strong>t‘uit</strong></span> <span class='ocrx_word' id='word_1_855' title='bbox 2660 3550 2881 3600; x_wconf 72' lang='lat' dir='ltr'><strong>Minerva</strong></span> <span class='ocrx_word' id='word_1_856' title='bbox 2901 3552 3121 3613; x_wconf 71' lang='grc' dir='ltr'><strong>εῠπηχυς.</strong></span> <span class='ocrx_word' id='word_1_857' title='bbox 3143 3552 3267 3601; x_wconf 73' lang='lat' dir='ltr'><strong>Vide</strong></span> <span class='ocrx_word' id='word_1_858' title='bbox 3284 3566 3359 3615; x_wconf 87' lang='lat' dir='ltr'><strong>ep.</strong></span> 
     </span>
     <span class='ocr_line' id='line_1_103' title="bbox 1813 3619 3361 3683; baseline 0.001 -13"><span class='ocrx_word' id='word_1_859' title='bbox 1813 3625 1874 3670; x_wconf 90' lang='lat'><strong>70</strong></span> <span class='ocrx_word' id='word_1_860' title='bbox 1902 3625 1953 3670; x_wconf 91' lang='lat' dir='ltr'><strong>et</strong></span> <span class='ocrx_word' id='word_1_861' title='bbox 1978 3623 2163 3670; x_wconf 87' lang='lat' dir='ltr'><strong>notam.</strong></span> <span class='ocrx_word' id='word_1_862' title='bbox 2185 3647 2245 3655; x_wconf 98' lang='lat'><strong>—</strong></span> <span class='ocrx_word' id='word_1_863' title='bbox 2279 3628 2322 3670; x_wconf 87' lang='grc'><strong>2.</strong></span> <span class='ocrx_word' id='word_1_864' title='bbox 2364 3623 2515 3682; x_wconf 59' lang='lat' dir='ltr'><strong>Scep&amp;</strong></span> <span class='ocrx_word' id='word_1_865' title='bbox 2543 3622 2753 3680; x_wconf 81' lang='grc' dir='ltr'><strong>Θέτιδος,</strong></span> <span class='ocrx_word' id='word_1_866' title='bbox 2782 3619 2912 3668; x_wconf 77' lang='lat' dir='ltr'><strong>cons.</strong></span> <span class='ocrx_word' id='word_1_867' title='bbox 2944 3633 3019 3683; x_wconf 90' lang='lat' dir='ltr'><strong>ep.</strong></span> <span class='ocrx_word' id='word_1_868' title='bbox 3051 3624 3130 3680; x_wconf 82' lang='grc'><strong>48,</strong></span> <span class='ocrx_word' id='word_1_869' title='bbox 3162 3626 3206 3670; x_wconf 86' lang='grc'><strong>4.</strong></span> <span class='ocrx_word' id='word_1_870' title='bbox 3241 3648 3296 3658; x_wconf 92' lang='grc'><strong>--</strong></span> <span class='ocrx_word' id='word_1_871' title='bbox 3333 3626 3361 3671; x_wconf 90' lang='grc'><strong>4</strong></span> 
     </span>
     <span class='ocr_line' id='line_1_104' title="bbox 1813 3689 3357 3754; baseline 0.001 -15"><span class='ocrx_word' id='word_1_872' title='bbox 1813 3692 1995 3752; x_wconf 77' lang='grc' dir='ltr'><strong>(ἠίθεος</strong></span> <span class='ocrx_word' id='word_1_873' title='bbox 2028 3691 2171 3751; x_wconf 85' lang='lat' dir='ltr'><strong>Cod.,</strong></span> <span class='ocrx_word' id='word_1_874' title='bbox 2204 3690 2291 3740; x_wconf 89' lang='lat' dir='ltr'><strong>sed</strong></span> <span class='ocrx_word' id='word_1_875' title='bbox 2323 3693 2455 3740; x_wconf 86' lang='lat' dir='ltr'><strong>recte</strong></span> <span class='ocrx_word' id='word_1_876' title='bbox 2486 3691 2621 3739; x_wconf 88' lang='lat' dir='ltr'><strong>Plan.</strong></span> <span class='ocrx_word' id='word_1_877' title='bbox 2641 3691 2657 3752; x_wconf 92' lang='lat'>)</span> <span class='ocrx_word' id='word_1_878' title='bbox 2680 3689 2933 3749; x_wconf 72' lang='grc' dir='ltr'><strong>Ἀθάνατος,</strong></span> <span class='ocrx_word' id='word_1_879' title='bbox 2953 3690 3084 3739; x_wconf 79' lang='lat' dir='ltr'><strong>cons.</strong></span> <span class='ocrx_word' id='word_1_880' title='bbox 3115 3704 3190 3754; x_wconf 88' lang='lat' dir='ltr'><strong>ep.</strong></span> <span class='ocrx_word' id='word_1_881' title='bbox 3215 3699 3292 3750; x_wconf 80' lang='grc'><strong>55,</strong></span> <span class='ocrx_word' id='word_1_882' title='bbox 3313 3699 3357 3741; x_wconf 89' lang='grc'><strong>2.</strong></span> 
     </span>
     <span class='ocr_line' id='line_1_105' title="bbox 1813 3759 3356 3823; baseline 0.002 -15"><span class='ocrx_word' id='word_1_883' title='bbox 1813 3762 1910 3819; x_wconf 87' lang='lat' dir='ltr'><strong>Qui</strong></span> <span class='ocrx_word' id='word_1_884' title='bbox 1953 3765 2027 3810; x_wconf 86' lang='lat' dir='ltr'><strong>est</strong></span> <span class='ocrx_word' id='word_1_885' title='bbox 2057 3761 2108 3809; x_wconf 93' lang='lat' dir='ltr'><strong>in</strong></span> <span class='ocrx_word' id='word_1_886' title='bbox 2140 3761 2483 3823; x_wconf 85' lang='lat' dir='ltr'><strong>epigrammate</strong></span> <span class='ocrx_word' id='word_1_887' title='bbox 2510 3759 2675 3809; x_wconf 84' lang='lat' dir='ltr'><strong>Rutini</strong></span> <span class='ocrx_word' id='word_1_888' title='bbox 2714 3759 2979 3822; x_wconf 82' lang='lat' dir='ltr'><strong>voluptatis</strong></span> <span class='ocrx_word' id='word_1_889' title='bbox 3016 3759 3185 3809; x_wconf 86' lang='lat' dir='ltr'><strong>climax</strong></span> <span class='ocrx_word' id='word_1_890' title='bbox 3203 3799 3215 3820; x_wconf 90' lang='lat'>‚</span> <span class='ocrx_word' id='word_1_891' title='bbox 3246 3761 3356 3811; x_wconf 86' lang='lat' dir='ltr'><strong>illu—</strong></span> 
     </span>
     <span class='ocr_line' id='line_1_106' title="bbox 1813 3827 3360 3890; baseline -0.001 -11"><span class='ocrx_word' id='word_1_892' title='bbox 1813 3833 1995 3880; x_wconf 85' lang='lat' dir='ltr'><strong>stretur</strong></span> <span class='ocrx_word' id='word_1_893' title='bbox 2020 3830 2195 3878; x_wconf 90' lang='lat' dir='ltr'><strong>collato</strong></span> <span class='ocrx_word' id='word_1_894' title='bbox 2228 3828 2445 3878; x_wconf 80' lang='lat' dir='ltr'><strong>Classico</strong></span> <span class='ocrx_word' id='word_1_895' title='bbox 2474 3827 2645 3890; x_wconf 78' lang='lat' dir='ltr'><strong>Valpyi</strong></span> <span class='ocrx_word' id='word_1_896' title='bbox 2663 3827 2823 3877; x_wconf 87' lang='lat' dir='ltr'><strong>Diario</strong></span> <span class='ocrx_word' id='word_1_897' title='bbox 2851 3830 2972 3875; x_wconf 68' lang='lat' dir='ltr'><strong>tom.</strong></span> <span class='ocrx_word' id='word_1_898' title='bbox 2995 3831 3099 3888; x_wconf 82' lang='lat' dir='ltr'><strong>xv,</strong></span> <span class='ocrx_word' id='word_1_899' title='bbox 3132 3841 3178 3889; x_wconf 72' lang='lat' dir='ltr'><strong>p.</strong></span> <span class='ocrx_word' id='word_1_900' title='bbox 3204 3833 3311 3878; x_wconf 67' lang='lat'><strong>214.</strong></span> <span class='ocrx_word' id='word_1_901' title='bbox 3338 3849 3360 3871; x_wconf 76' lang='lat' dir='ltr'>n</span> 
     </span>
     <span class='ocr_line' id='line_1_107' title="bbox 1813 3905 1980 3951; baseline 0.006 -1"><span class='ocrx_word' id='word_1_902' title='bbox 1813 3905 1980 3951; x_wconf 71' lang='lat' dir='ltr'><strong>Boias.</strong></span> 
     </span>
    </p>
   </div>
   <div class='ocr_carea' id='block_1_21' title="bbox 1873 3985 3362 4102">
    <p class='ocr_par' dir='ltr' id='par_1_21' title="bbox 1873 3985 3362 4102">
     <span class='ocr_line' id='line_1_108' title="bbox 1873 3985 3362 4102; baseline -0.001 -12"><span class='ocrx_word' id='word_1_903' title='bbox 1873 4025 2013 4090; x_wconf 76' lang='lat' dir='ltr'><strong>XCV.</strong></span> <span class='ocrx_word' id='word_1_904' title='bbox 2046 4040 2101 4088; x_wconf 88' lang='lat' dir='ltr'><strong>In</strong></span> <span class='ocrx_word' id='word_1_905' title='bbox 2129 4051 2277 4100; x_wconf 82' lang='lat' dir='ltr'><strong>marg.</strong></span> <span class='ocrx_word' id='word_1_906' title='bbox 2300 4036 2419 4086; x_wconf 91' lang='lat' dir='ltr'><strong>Cod.</strong></span> <span class='ocrx_word' id='word_1_907' title='bbox 2442 3985 2501 4097; x_wconf 59' lang='grc' dir='ltr'><strong>ξ),</strong></span> <span class='ocrx_word' id='word_1_908' title='bbox 2518 4037 2549 4085; x_wconf 92' lang='lat' dir='ltr'><strong>i.</strong></span> <span class='ocrx_word' id='word_1_909' title='bbox 2572 4050 2619 4086; x_wconf 87' lang='lat' dir='ltr'><strong>e.</strong></span> <span class='ocrx_word' id='word_1_910' title='bbox 2640 4040 2827 4101; x_wconf 80' lang='grc' dir='ltr'><strong>ὡραῖον.</strong></span> <span class='ocrx_word' id='word_1_911' title='bbox 2857 4039 2914 4086; x_wconf 83' lang='lat' dir='ltr'><strong>In</strong></span> <span class='ocrx_word' id='word_1_912' title='bbox 2936 4035 3141 4085; x_wconf 88' lang='lat' dir='ltr'><strong>Planud.</strong></span> <span class='ocrx_word' id='word_1_913' title='bbox 3174 4035 3362 4102; x_wconf 75' lang='lat' dir='ltr'><strong>Rufino</strong></span> 
     </span>
    </p>
   </div>
   <div class='ocr_carea' id='block_1_22' title="bbox 1810 4111 2060 4160">
    <p class='ocr_par' dir='ltr' id='par_1_22' title="bbox 1810 4111 2060 4160">
     <span class='ocr_line' id='line_1_109' title="bbox 1810 4111 2060 4160; baseline -0.012 0"><span class='ocrx_word' id='word_1_914' title='bbox 1810 4111 2060 4160; x_wconf 90' lang='lat' dir='ltr'><strong>tribuitur.</strong></span> 
     </span>
    </p>
   </div>
   <div class='ocr_carea' id='block_1_23' title="bbox 1806 4257 3362 4605">
    <p class='ocr_par' dir='ltr' id='par_1_23' title="bbox 1806 4257 3362 4605">
     <span class='ocr_line' id='line_1_110' title="bbox 1872 4257 3359 4326; baseline -0.001 -8"><span class='ocrx_word' id='word_1_915' title='bbox 1872 4271 2037 4320; x_wconf 75' lang='lat' dir='ltr'><strong>xcvi.</strong></span> <span class='ocrx_word' id='word_1_916' title='bbox 2069 4273 2175 4316; x_wconf 83' lang='lat'><strong>-2</strong></span> <span class='ocrx_word' id='word_1_917' title='bbox 2204 4267 2259 4324; x_wconf 78' lang='grc' dir='ltr'><strong>ἦν</strong></span> <span class='ocrx_word' id='word_1_918' title='bbox 2284 4284 2337 4326; x_wconf 82' lang='grc' dir='ltr'><strong>γε</strong></span> <span class='ocrx_word' id='word_1_919' title='bbox 2365 4266 2507 4325; x_wconf 86' lang='lat' dir='ltr'><strong>Cod.‚</strong></span> <span class='ocrx_word' id='word_1_920' title='bbox 2541 4273 2665 4314; x_wconf 83' lang='lat' dir='ltr'><strong>corr.</strong></span> <span class='ocrx_word' id='word_1_921' title='bbox 2696 4257 2913 4314; x_wconf 79' lang='lat' dir='ltr'><strong>Huschk.</strong></span> <span class='ocrx_word' id='word_1_922' title='bbox 2947 4267 2998 4314; x_wconf 87' lang='lat' dir='ltr'><strong>et</strong></span> <span class='ocrx_word' id='word_1_923' title='bbox 3034 4265 3203 4326; x_wconf 51' lang='grc' dir='ltr'><strong>(Ἀπί,</strong></span> <span class='ocrx_word' id='word_1_924' title='bbox 3234 4270 3283 4317; x_wconf 75' lang='lat' dir='ltr'><strong>‘et</strong></span> <span class='ocrx_word' id='word_1_925' title='bbox 3311 4268 3359 4316; x_wconf 80' lang='grc' dir='ltr'><strong>δὲ</strong></span> 
     </span>
     <span class='ocr_line' id='line_1_111' title="bbox 1806 4335 3362 4405; baseline -0.003 -15"><span class='ocrx_word' id='word_1_926' title='bbox 1806 4343 1906 4405; x_wconf 87' lang='lat' dir='ltr'><strong>jam</strong></span> <span class='ocrx_word' id='word_1_927' title='bbox 1925 4341 2001 4388; x_wconf 89' lang='lat' dir='ltr'><strong>est</strong></span> <span class='ocrx_word' id='word_1_928' title='bbox 2026 4337 2077 4385; x_wconf 89' lang='lat' dir='ltr'><strong>in</strong></span> <span class='ocrx_word' id='word_1_929' title='bbox 2103 4336 2439 4398; x_wconf 83' lang='lat' dir='ltr'><strong>supplemento</strong></span> <span class='ocrx_word' id='word_1_930' title='bbox 2464 4335 2645 4384; x_wconf 81' lang='lat' dir='ltr'><strong>codicis</strong></span> <span class='ocrx_word' id='word_1_931' title='bbox 2664 4335 2926 4384; x_wconf 85' lang='lat' dir='ltr'><strong>Barhen‘ni.</strong></span> <span class='ocrx_word' id='word_1_932' title='bbox 2944 4335 3261 4386; x_wconf 75' lang='lat' dir='ltr'><strong>probabiliter</strong></span> <span class='ocrx_word' id='word_1_933' title='bbox 3285 4341 3362 4386; x_wconf 81' lang='lat' dir='ltr'><strong>Ja-</strong></span> 
     </span>
     <span class='ocr_line' id='line_1_112' title="bbox 1811 4403 3362 4468; baseline -0.003 -8"><span class='ocrx_word' id='word_1_934' title='bbox 1811 4408 2007 4461; x_wconf 82' lang='lat' dir='ltr'><strong>cobsius</strong></span> <span class='ocrx_word' id='word_1_935' title='bbox 2038 4418 2153 4453; x_wconf 90' lang='lat' dir='ltr'><strong>cum</strong></span> <span class='ocrx_word' id='word_1_936' title='bbox 2184 4405 2276 4452; x_wconf 80' lang='lat' dir='ltr'><strong>hoc</strong></span> <span class='ocrx_word' id='word_1_937' title='bbox 2302 4403 2510 4452; x_wconf 81' lang='lat' dir='ltr'><strong>disticho</strong></span> <span class='ocrx_word' id='word_1_938' title='bbox 2538 4403 2925 4466; x_wconf 78' lang='lat' dir='ltr'><strong>conjungendum</strong></span> <span class='ocrx_word' id='word_1_939' title='bbox 2952 4415 3062 4453; x_wconf 84' lang='lat' dir='ltr'><strong>esse</strong></span> <span class='ocrx_word' id='word_1_940' title='bbox 3090 4405 3362 4468; x_wconf 83' lang='lat' dir='ltr'><strong>suspicatur</strong></span> 
     </span>
     <span class='ocr_line' id='line_1_113' title="bbox 1812 4473 3356 4544; baseline -0.002 -16"><span class='ocrx_word' id='word_1_941' title='bbox 1812 4478 1945 4544; x_wconf 87' lang='lat' dir='ltr'><strong>quod</strong></span> <span class='ocrx_word' id='word_1_942' title='bbox 1972 4477 2133 4536; x_wconf 86' lang='lat' dir='ltr'><strong>inepte</strong></span> <span class='ocrx_word' id='word_1_943' title='bbox 2160 4474 2335 4536; x_wconf 80' lang='lat' dir='ltr'><strong>legitur</strong></span> <span class='ocrx_word' id='word_1_944' title='bbox 2367 4473 2585 4534; x_wconf 85' lang='lat' dir='ltr'><strong>ejusdem</strong></span> <span class='ocrx_word' id='word_1_945' title='bbox 2620 4475 2846 4536; x_wconf 84' lang='lat' dir='ltr'><strong>Meleagri</strong></span> <span class='ocrx_word' id='word_1_946' title='bbox 2877 4473 2927 4522; x_wconf 89' lang='lat' dir='ltr'><strong>in</strong></span> <span class='ocrx_word' id='word_1_947' title='bbox 2960 4475 3112 4536; x_wconf 78' lang='grc' dir='ltr'><strong>μούσῃ</strong></span> <span class='ocrx_word' id='word_1_948' title='bbox 3144 4478 3356 4540; x_wconf 73' lang='grc' dir='ltr'><strong>παιδιιιῇ,</strong></span> 
     </span>
     <span class='ocr_line' id='line_1_114' title="bbox 1813 4541 2929 4605; baseline -0.004 -10"><span class='ocrx_word' id='word_1_949' title='bbox 1813 4548 1896 4595; x_wconf 80' lang='lat' dir='ltr'><strong>xu</strong></span> <span class='ocrx_word' id='word_1_950' title='bbox 1916 4583 1928 4604; x_wconf 93' lang='lat'><strong>‚</strong></span> <span class='ocrx_word' id='word_1_951' title='bbox 1951 4549 2056 4604; x_wconf 87' lang='grc'><strong>113,</strong></span> <span class='ocrx_word' id='word_1_952' title='bbox 2076 4546 2132 4592; x_wconf 85' lang='lat' dir='ltr'><strong>ut</strong></span> <span class='ocrx_word' id='word_1_953' title='bbox 2148 4541 2427 4605; x_wconf 82' lang='lat' dir='ltr'><strong>hujusmodi</strong></span> <span class='ocrx_word' id='word_1_954' title='bbox 2448 4543 2721 4605; x_wconf 87' lang='lat' dir='ltr'><strong>poemation</strong></span> <span class='ocrx_word' id='word_1_955' title='bbox 2750 4548 2893 4592; x_wconf 82' lang='lat' dir='ltr'><strong>exeat</strong></span> <span class='ocrx_word' id='word_1_956' title='bbox 2915 4551 2929 4591; x_wconf 72' lang='grc' dir='ltr'><strong>ἐ</strong></span> 
     </span>
    </p>
   </div>
   <div class='ocr_carea' id='block_1_24' title="bbox 1937 4679 3292 5017">
    <p class='ocr_par' dir='ltr' id='par_1_24' title="bbox 1937 4679 3292 5017">
     <span class='ocr_line' id='line_1_115' title="bbox 1937 4679 3292 4745; baseline 0.003 -19"><span class='ocrx_word' id='word_1_957' title='bbox 1937 4683 2050 4738; x_wconf 80' lang='grc' dir='ltr'><strong>Ἰξὸν</strong></span> <span class='ocrx_word' id='word_1_958' title='bbox 2084 4681 2205 4743; x_wconf 75' lang='grc' dir='ltr'><strong>ἔχεις</strong></span> <span class='ocrx_word' id='word_1_959' title='bbox 2231 4682 2285 4730; x_wconf 88' lang='grc' dir='ltr'><strong>τὸ</strong></span> <span class='ocrx_word' id='word_1_960' title='bbox 2308 4681 2585 4742; x_wconf 69' lang='grc' dir='ltr'><strong>φίλημα,τόι</strong></span> <span class='ocrx_word' id='word_1_961' title='bbox 2603 4679 2643 4730; x_wconf 82' lang='grc' dir='ltr'><strong>δ’</strong></span> <span class='ocrx_word' id='word_1_962' title='bbox 2673 4681 2889 4742; x_wconf 81' lang='grc' dir='ltr'><strong>ὄμματα,</strong></span> <span class='ocrx_word' id='word_1_963' title='bbox 2909 4682 3158 4744; x_wconf 84' lang='grc' dir='ltr'><strong>Τιμὰριον,</strong></span> <span class='ocrx_word' id='word_1_964' title='bbox 3184 4687 3292 4745; x_wconf 73' lang='grc' dir='ltr'><strong>πῦρ·</strong></span> 
     </span>
     <span class='ocr_line' id='line_1_116' title="bbox 2000 4750 2989 4813; baseline 0 -15"><span class='ocrx_word' id='word_1_965' title='bbox 2000 4753 2056 4808; x_wconf 81' lang='grc' dir='ltr'><strong>ἢν</strong></span> <span class='ocrx_word' id='word_1_966' title='bbox 2075 4751 2227 4810; x_wconf 74' lang='grc' dir='ltr'><strong>ἐσίδῃς</strong></span> <span class='ocrx_word' id='word_1_967' title='bbox 2242 4786 2255 4810; x_wconf 88' lang='grc'><strong>,</strong></span> <span class='ocrx_word' id='word_1_968' title='bbox 2284 4751 2428 4805; x_wconf 80' lang='grc' dir='ltr'><strong>καίεις</strong></span> <span class='ocrx_word' id='word_1_969' title='bbox 2442 4767 2455 4779; x_wconf 93' lang='grc'><em>·</em></span> <span class='ocrx_word' id='word_1_970' title='bbox 2475 4753 2531 4809; x_wconf 77' lang='grc' dir='ltr'><strong>ἢν</strong></span> <span class='ocrx_word' id='word_1_971' title='bbox 2552 4751 2601 4800; x_wconf 81' lang='grc' dir='ltr'><strong>δὲ</strong></span> <span class='ocrx_word' id='word_1_972' title='bbox 2622 4750 2963 4813; x_wconf 72' lang='grc' dir='ltr'><strong>θίγῃς,ὀὲδεκας</strong></span> <span class='ocrx_word' id='word_1_973' title='bbox 2976 4766 2989 4778; x_wconf 86' lang='grc'><em>·</em></span> 
     </span>
     <span class='ocr_line' id='line_1_117' title="bbox 1940 4821 3126 4883; baseline -0.001 -13"><span class='ocrx_word' id='word_1_974' title='bbox 1940 4822 2106 4876; x_wconf 77' lang='grc' dir='ltr'><strong>καύτὸς</strong></span> <span class='ocrx_word' id='word_1_975' title='bbox 2138 4822 2287 4883; x_wconf 78' lang='grc' dir='ltr'><strong>Ἔρως</strong></span> <span class='ocrx_word' id='word_1_976' title='bbox 2309 4822 2336 4869; x_wconf 80' lang='grc' dir='ltr'>ὁ</span> <span class='ocrx_word' id='word_1_977' title='bbox 2356 4823 2525 4876; x_wconf 83' lang='grc' dir='ltr'><strong>πτανὸς</strong></span> <span class='ocrx_word' id='word_1_978' title='bbox 2553 4823 2599 4870; x_wconf 80' lang='grc' dir='ltr'><strong>ἐν</strong></span> <span class='ocrx_word' id='word_1_979' title='bbox 2622 4823 2767 4882; x_wconf 76' lang='grc' dir='ltr'><strong>αἰθέρι</strong></span> <span class='ocrx_word' id='word_1_980' title='bbox 2796 4821 2979 4883; x_wconf 75' lang='grc' dir='ltr'><strong>δέσμιος</strong></span> <span class='ocrx_word' id='word_1_981' title='bbox 2998 4823 3126 4881; x_wconf 75' lang='grc' dir='ltr'><strong>ἥλω,</strong></span> 
     </span>
     <span class='ocr_line' id='line_1_118' title="bbox 2004 4891 2958 4954; baseline 0 -15"><span class='ocrx_word' id='word_1_982' title='bbox 2004 4893 2233 4954; x_wconf 80' lang='grc' dir='ltr'><strong>ἀγρευθεὶς</strong></span> <span class='ocrx_word' id='word_1_983' title='bbox 2256 4896 2349 4947; x_wconf 87' lang='grc' dir='ltr'><strong>τοῖς</strong></span> <span class='ocrx_word' id='word_1_984' title='bbox 2368 4897 2467 4948; x_wconf 84' lang='grc' dir='ltr'><strong>σοῖς</strong></span> <span class='ocrx_word' id='word_1_985' title='bbox 2494 4892 2697 4954; x_wconf 78' lang='grc' dir='ltr'><strong>ὄμμασι,</strong></span> <span class='ocrx_word' id='word_1_986' title='bbox 2723 4891 2958 4952; x_wconf 80' lang='grc' dir='ltr'><strong>Τιμάριον.</strong></span> 
     </span>
     <span class='ocr_line' id='line_1_119' title="bbox 2474 4977 3153 5017; baseline -0.001 -31"><span class='ocrx_word' id='word_1_987' title='bbox 2474 4983 2477 4986; x_wconf 81' lang='grc'>,</span> <span class='ocrx_word' id='word_1_988' title='bbox 2740 5003 2747 5010; x_wconf 93' lang='lat'><strong>.</strong></span> <span class='ocrx_word' id='word_1_989' title='bbox 3122 4977 3153 5017; x_wconf 68' lang='lat'>9</span> 
     </span>
    </p>
   </div>
  </div>
 </body>
</html>
