3829 5747
549 251 666 309 2:28

547 380 630 429 ubi
665 381 891 443 leguntur
915 382 1008 431 tria
1035 385 1276 445 postrema
1302 382 1544 433 disticha:
1573 386 1638 441 εἰς
1664 402 1770 442 τους
1800 387 2091 448 ὀργιάζοντας

1684 254 2187 316 ANTHOLOGIAE
2232 255 2273 313 P
2286 257 2633 317 ALATlNAE

2248 390 2371 436 LIV.
2394 390 2643 437 Lemma:
2675 388 2889 449 ἀνάθημα
2918 393 2987 450 τῷ
3016 389 3263 440 Ἀπόλλωνι
3288 391 3396 452 παρ’
3424 392 3621 454 Εὐνόμου
3644 412 3703 443 τι·

543 458 600 512 τῇ
622 452 874 512 Δινδυμένῃ
912 455 1050 509 ᾔτουν
1036 453 1182 514 (sic)
1218 453 1392 518 Ἑκάτῃ
1413 457 1442 512 ἢ
1472 456 1642 515 μᾶλ)ον
1661 461 1718 518 τῇ
1751 458 1861 517 Ῥέᾳ
1879 463 1936 519 τῇ
1960 457 2093 519 μητρὶ
2188 457 2463 518 θαριστοῦ.
2462 461 2556 508 ln
2578 459 2893 508 simulacrum
2921 458 3125 520 Apollini
3150 457 3366 508 dicatum
3388 461 3592 522 cicadae,
3616 478 3705 526 qua·

542 527 634 567 τῶν
671 523 800 569 θεῶν.
827 524 921 570 Per
949 535 1160 572 errorem
1191 524 1240 572 ln
1269 524 1402 574 Plan.
1437 525 1641 574 Alexidi
1663 529 1820 588 poetas
1846 525 2092 586 tribuitur,

546 595 650 639 net
681 590 748 640 ita
774 590 892 642 citat
923 597 1120 642 P.orson
1153 592 1276 642 Adv.
1298 608 1346 657 p.
1370 601 1476 645 306.
1516 595 1677 644 Alexis
1702 597 1905 658 Cybeles
1932 610 2091 646 sacer-

541 610 631 709 dos
648 699 660 721 ‚
690 661 828 710 annis
857 663 1018 724 gravis
1035 702 1047 722 ,
1081 664 1406 714 instrumenta
1434 666 1613 714 suroris
1642 667 1880 728 orgiastiei
1904 667 2095 717 dedicat

539 730 661 779 deza.
686 750 710 774 ν
731 735 846 782 Jac.
869 759 931 767 —
961 737 1000 782 1.
1035 736 1337 784 Hermannus
1361 735 1424 784 ad
1451 735 1599 798 Orph.
1631 749 1680 799 p.
1703 741 1811 796 766,
1839 744 1980 800 μῆτερ
2006 739 2093 798 ἐμὴ

539 802 693 857 Ῥείη,
737 802 870 863 quod
907 805 1230 853 certissimum
1255 805 1508 868 judicabat
1539 806 1741 855 Meinek.
1781 821 1828 868 p.
1859 813 1965 855 230.
2002 807 2095 856 Sed

539 873 658 919 Γαῖα
675 908 688 930 ,
707 885 818 933 qum
850 876 924 922 cst
955 874 1166 937 legitima
1194 876 1376 936 forma,
1404 875 1485 925 hlc
1512 891 1708 938 quoque
1734 877 1897 926 locum
1921 876 2091 938 habet,

537 940 601 989 ob
635 954 844 1004 sequens
877 948 1046 1005 ψρυγ..
1083 959 1256 995 versus
1277 946 1374 995 ictu
1400 946 1616 1010 principe
1651 946 1886 1010 adjutum.
1918 951 2088 996 Passo-

537 1013 651 1062 vius
679 1014 815 1063 Misc.
861 1029 909 1076 p.
945 1022 1030 1066 199
1073 1037 1084 1064 :
1128 1037 1151 1058 «ι
1179 1017 1418 1067 Indicium
1445 1017 1540 1067 hoc
1573 1019 1766 1067 serioris
1793 1018 1978 1078 aetatis,
2012 1017 2093 1066 cui

537 1082 774 1133 debeatur
822 1084 914 1134 hoc
959 1087 1274 1149 epigramma,
1321 1102 1381 1136 eo
1414 1088 1577 1138 minus
1625 1089 1912 1146 delendum,
1960 1087 2093 1150 quod

535 1156 648 1214 γαίη
679 1155 834 1203 forma
867 1159 1000 1206 extra
1024 1156 1228 1206 dubium
1249 1157 1450 1220 ponitur
1477 1159 1670 1208 duabus
1701 1158 2092 1220 inscriptionibus

535 1223 584 1271 in
613 1225 828 1287 Append.
863 1227 962 1275 Pal.
998 1233 1101 1286 153,
1123 1235 1178 1287 23
1213 1233 1316 1282 172.
1337 1235 1382 1278 3.
1413 1229 1644 1291 Adeoque
1671 1230 1719 1278 in
1747 1229 1958 1278 Hesiodo
1979 1243 2092 1278 cum

537 1298 668 1342 Μαῖα
696 1296 842 1346 simul
866 1297 1044 1360 legitur
1069 1299 1223 1356 Μαίη,
1253 1299 1433 1362 Theog.
1474 1305 1586 1350 938.
1628 1320 1651 1340 ι»
1680 1301 1931 1350 fleckerus
1956 1300 2093 1348 malit

536 1371 679 1426 μῆτερ
711 1367 797 1426 ἐμὴ
836 1370 1013 1428 μεγα).η
1031 1405 1044 1426 ,
1068 1369 1241 1430 partim
1270 1383 1382 1418 cum
1410 1371 1636 1420 Jacobsio
1655 1408 1666 1430 ,
1693 1372 1963 1422 mutatione
1996 1370 2087 1419 mi-

533 1433 694 1492 ninia,
727 1435 768 1484 si
797 1453 854 1497 με
899 1442 1009 1498 post
1038 1456 1100 1498 μη
1132 1438 1364 1488 excidisse
1411 1444 1614 1490 statuas.
1645 1443 1717 1489 Dc
1753 1454 1805 1489 re
1849 1440 2091 1490 videndus

532 1505 728 1554 Lucret.
759 1507 820 1563 V,
852 1512 942 1556 599
976 1521 1117 1570 seqq.
1164 1538 1224 1549 —
1249 1516 1275 1557 2
1312 1511 1538 1570 Δίνδυμον
1575 1511 1627 1569 ἧς
1655 1511 1856 1559 Salmas.
1889 1515 1940 1560 et
1968 1511 2085 1560 Mei-

533 1574 666 1632 nek.;
698 1576 964 1636 δινδυμονης
989 1579 1005 1636 (
1024 1586 1040 1625 ἰ
1063 1581 1366 1641 superposito
1390 1579 1542 1629 literae
1567 1597 1592 1628 ο
1613 1583 1628 1640 )
1659 1581 1850 1641 μύσταις
1879 1579 2019 1641 Cod.‚
2041 1585 2091 1629 ct

531 1642 583 1691 in
615 1657 768 1708 marg.
806 1662 916 1708 ιγρ.
943 1649 1215 1711 δινδυμίνης.
1247 1651 1379 1699 Plan.
1403 1663 1516 1698 cum
1535 1649 1710 1698 lacuna
1730 1670 1742 1698 ι
1766 1650 1985 1711 ...,μὸνης
2012 1651 2089 1712 μύ-

532 1730 682 1769 σταις.
711 1735 736 1758 «
767 1718 949 1766 Confer
977 1717 1297 1768 Claudianum
1331 1721 1468 1780 Rapt.
1498 1722 1634 1767 Pros.
1665 1721 1729 1776 Π,
1753 1725 1842 1769 269
1863 1732 1997 1782 seqq.
2027 1746 2089 1754 —

531 1787 577 1832 3.
620 1788 800 1846 θῆλυς,
832 1791 1094 1848 evit-alm,
1123 1791 1181 1838 ut
1212 1792 1335 1850 Atys
1373 1786 1538 1839 notha
1570 1789 1761 1838 mulier
1796 1803 1872 1852 ap.
1904 1789 2083 1838 Catull.

528 1855 700 1916 Lxlu,
734 1861 810 1906 27.
843 1886 903 1898 -
927 1861 972 1907 4.
1001 1854 1122 1908 Galli
1153 1858 1370 1920 cymbala
1395 1873 1530 1908 aenea
1556 1859 1813 1922 pulsabant
1830 1873 1946 1908 cum
1965 1864 2087 1921 tym-

527 1925 668 1987 panis
685 1964 697 1986 ‚
729 1940 940 1988 quorum
959 1942 1077 1978 sono
1105 1929 1295 1979 animus
1323 1929 1534 1992 graviter
1551 1929 1967 1990 commovebatur,
1992 1931 2088 1979 ἐτύ·

529 2013 670 2044 πτετο
691 1998 770 2044 καὶ
791 1998 1000 2046 ἐκινεῖτο.
1035 1999 1186 2062 Magis
1218 1999 1314 2048 hoc
1342 1999 1586 2061 poeticum
1613 2012 1762 2060 quam
1789 1998 1830 2047 si
1854 2000 2081 2060 χαλκοτύ-

525 2081 640 2121 πους
670 2066 884 2117 deducas
912 2069 974 2117 ab
1004 2070 1165 2118 activo
1197 2071 1504 2132 χαλκοτύπος.
1530 2069 1608 2118 810
1633 2070 1691 2119 11.
1715 2072 1775 2128 T,
1809 2075 1887 2129 25,
1918 2071 2087 2132 χαλκό-

525 2153 661 2185 τυποι
692 2139 906 2196 ὠτειλαί,
928 2138 1151 2188 Εο913111.
1189 2143 1238 2188 αἱ
1261 2141 1352 2189 ἀπὸ
1385 2142 1564 2202 τύψεως
1585 2143 1790 2204 χαλκῶν.
1826 2159 1849 2182 υ
1883 2141 1997 2188 Jac.
2023 2167 2083 2176 —

523 2215 554 2256 5
593 2208 819 2266 ἀλαλητὸν
857 2209 1007 2272 Plan.;
1042 2212 1282 2269 ἀλαλητῶν
1325 2211 1466 2270 Cod.·,
1516 2212 1744 2270 ἀλαλητὺν
1783 2211 1993 2260 Brunck.
2022 2238 2085 2247 —

525 2281 572 2324 6.
595 2277 810 2341 Ἔκομψε
823 2278 856 2328 i.
875 2292 922 2341 q.
941 2279 1132 2338 ἐποίησε
1145 2281 1402 2343 καμπύλον.
1427 2279 1730 2329 Τὶὸὶσοπιιὸἰ
1746 2281 1886 2328 canil-
1905 2277 2083 2341 Phryx

522 2359 734 2395 curvo
761 2363 927 2410 prave
955 2349 1165 2398 calamo
1183 2385 1196 2410 ,
1238 2351 1460 2399 Catullus
1489 2349 1538 2398 iu
1565 2349 1776 2398 carmine
1793 2349 1874 2398 cit.
1912 2355 1988 2398 22.
2019 2375 2083 2385 -

525 2421 584 2464 1ο
618 2417 889 2478 ἀγριοσύνης
918 2418 1041 2467 God.
1071 2423 1121 2469 et
1165 2432 1277 2481 pars
1323 2419 1706 2478 Planudeorum‚
1745 2417 1878 2480 quod
1913 2421 2082 2467 tuetur

519 2486 770 2536 lleckerus
789 2525 802 2547 ,
826 2509 848 2530 α
879 2489 1094 2538 secunda
1113 2490 1296 2550 syllaba
1310 2529 1322 2550 ,
1351 2493 1408 2540 ut
1425 2490 1474 2539 in
1501 2489 1713 2552 longiore
1732 2487 1969 2537 vocabulo
1984 2527 1995 2547 ,
2018 2488 2081 2537 ob

519 2559 732 2606 metrum
761 2559 1014 2620 producta.
1052 2579 1076 2603 ι»
1101 2560 1353 2609 Edebatur
1381 2563 1494 2623 post
1530 2559 1826 2609 Brunckium
1862 2573 1917 2608 ex
1953 2558 2080 2608 duo-

517 2625 612 2676 bus
650 2628 792 2678 codd.
843 2629 1100 2678 l‘lanudeis
1134 2630 1431 2692 ἀγρειοσύνης
1447 2670 1459 2688 ,
1487 2629 1620 2692 quod
1651 2649 1674 2672 «
1716 2628 1779 2678 de
1827 2628 1962 2690 vagis
1992 2641 2079 2691 per

517 2699 673 2749 saltus
705 2700 958 2762 cursibuS,
990 2701 1264 2764 ceterisque
1296 2701 1420 2752 sacri
1442 2702 1573 2750 illius
1605 2700 1781 2750 furoris
1815 2699 2030 2748 motibus
2051 2719 2073 2742 u

516 2769 815 2834 intelligebat
854 2773 981 2830 Jac.,
1031 2771 1094 2820 de
1139 2772 1254 2821 vitae
1299 2785 1474 2834 genere
1511 2771 1759 2820 rusticano
1793 2769 2075 2819 Passovius.

515 2841 839 2893 Schneiderus
883 2843 1227 2906 ἁγερμοσύνης,
1269 2842 1402 2907 quod
1443 2843 1505 2893 de
1549 2841 1887 2893 bacchantium
1942 2843 2073 2891 coetu

515 2912 702 2963 dixerat
721 2914 926 2976 Oppian.
957 2916 1065 2965 1131.
1087 2917 1174 2974 IV,
1210 2922 1319 2965 251.
1341 2914 1612 2965 Meineldus
1643 2914 1844 2976 ejusque
1878 2912 2076 2975 ignarus

515 2980 720 3031 Bothius
754 2983 1084 3045 ἀχρειοσύνηε,
1129 2983 1219 3033 sed
1253 2982 1489 3034 stultitiae
1516 2984 1597 3032 1110
1629 2996 1726 3033 non
1763 2996 1870 3033 esse
1911 2984 2074 3033 locum

512 3050 611 3111 iam
641 3053 889 3101 Heckerus
910 3051 1264 3103 animadvertit.

578 3224 684 3272 L11.
716 3225 916 3275 Lemma
959 3239 972 3268 τ
1020 3225 1234 3289 ἀνάθημα
1272 3230 1342 3287 τῷ
1390 3227 1464 3275 Διὶ
1508 3225 1635 3288 παρὰ
1670 3226 1973 3287 στρατιώτου.
2012 3251 2073 3261 -

518 3296 539 3341 1
566 3294 697 3353 μελίη
717 3297 865 3355 ταναή
887 3294 1019 3344 Plan.
1046 3315 1070 3339 (ι
1093 3296 1218 3345 Hinc
1235 3296 1407 3346 suidas
1428 3309 1440 3337 τ
1461 3297 1606 3353 ταναή
1620 3313 1631 3324 ·
1657 3296 1829 3358 μακρά.
1855 3294 1967 3358 [chi
1985 3296 2072 3343 ἀνὰ

515 3364 674 3424 κίονα,
713 3365 846 3415 Leid.
881 3366 1172 3431 ἀντικίονα.]
1201 3393 1262 3403 -
1303 3374 1348 3417 2.
1379 3365 1504 3415 Hine
1540 3365 1671 3414 idem
1709 3378 1720 3407 ε
1758 3364 1878 3425 ἧσο·
1918 3372 2071 3414 κεῖσο.

517 3434 658 3483 Cous.
691 3448 773 3499 ep.
800 3439 915 3496 124,
941 3442 960 3486 1
983 3452 998 3495 3
1024 3442 1128 3497 128,
1164 3442 1206 3486 1.
1236 3466 1297 3479 -
1324 3441 1368 3486 3.
1390 3439 1462 3485 De
1481 3435 1674 3485 nomine
1701 3437 1846 3499 γέρων
1878 3434 1989 3483 vide
2010 3434 2073 3484 ad

513 3503 814 3555 christodor.
839 3504 1012 3569 Ecphr.
1043 3511 1145 3557 135.
1165 3507 1288 3556 Hinc
1307 3505 1484 3555 Suidas
1508 3527 1520 3556 z
1548 3509 1760 3568 τέτρυσαι
1777 3520 1787 3531 ·
1806 3509 2073 3555 καταπεπο-

512 3592 667 3631 νησαι.
694 3594 716 3618 »1
739 3576 801 3624 B.
832 3575 954 3626 cod.
984 3580 1034 3626 et
1061 3577 1193 3626 Plan.
1227 3578 1344 3635 αὐτή
1368 3592 1419 3625 τε
1439 3612 1452 3637 ,
1480 3575 1616 3639 quod
1643 3576 1852 3625 correxit
1875 3576 2071 3627 Schnei-

511 3644 689 3695 dewin.
717 3672 778 3682 —-
799 3651 826 3696 4
850 3648 966 3711 δηίῳ
985 3646 1125 3707 Cod.‚
1143 3665 1175 3695 α
1190 3648 1314 3697 inter
1331 3660 1508 3697 versus
1527 3646 1711 3710 posit03
1733 3647 2066 3709 κραδαινομένη

511 3716 632 3779 δηΐῳ
662 3718 796 3766 Plan.

572 3898 712 3946 Lm.
741 3898 974 3947 Lemma:
1000 3896 1214 3960 ἀνάθημα
1232 3903 1298 3961 τῷ
1315 3898 1498 3961 Ζεφύρῳ
1523 3896 1682 3959 ἀνέμῳ
1699 3894 1828 3957 παρὰ
1852 3894 2069 3954 Εύδήμου

511 3974 738 4030 γεωργοῦ.
773 3994 825 4013 e-
850 3975 896 4018 2.
924 3969 1132 4031 πιοτάτῳ
1159 3967 1278 4019 cod.
1307 3970 1358 4017 et
1379 3969 1512 4017 Plan.
1535 3986 1558 4011 α
1580 3966 1704 4016 Hinc
1729 3963 1935 4013 suidas:
1960 3964 2067 4013 πιό-

509 4053 670 4093 τατος·
703 4040 942 4101 θρεπτικὸς
957 4075 971 4095 ,
1011 4038 1268 4095 αὐξητικὸς.
1301 4038 1464 4087 Malim
1497 4036 1592 4099 legi
1619 4035 1900 4096 πιστοτάτῳ.
1943 4054 1967 4077 u
2005 4036 2066 4084 B.

512 4108 571 4155 ln
596 4105 692 4157 hoc
729 4108 862 4158 idem
891 4107 1167 4157 inciderunt
1201 4121 1442 4157 consensu
1483 4105 1688 4155 Bothius
1717 4107 1779 4167 (a
1809 4101 1957 4167 fides.
1978 4106 2069 4154 Ze-

509 4174 651 4238 phyri
718 4178 1020 4240 significatur
1079 4177 1290 4228 disticho
1338 4178 1562 4239 sequenti
1603 4174 1660 4235 u)
1679 4212 1691 4235 ‚
1746 4176 1965 4237 Ungerus
2021 4178 2071 4223 et

511 4245 932 4298 Schneidewinus.
978 4248 1290 4311 Aptissimam
1336 4260 1508 4296 vocem
1565 4244 1742 4308 recepi.
1799 4244 2069 4293 Meinckius

507 4328 558 4379 p.
594 4320 678 4367 188
716 4336 729 4366 :
761 4336 788 4360 σι
816 4317 1143 4367 Vehementer
1171 4316 1404 4366 falluntur
1431 4314 1517 4378 qui
1543 4316 1752 4376 πιοτᾰτῳ
1777 4328 1890 4363 cum
1920 4313 2069 4364 Suida

507 4383 890 4447 interpretantur
915 4388 1170 4449 θρεπτικῷ,
1207 4386 1466 4447 αὐξητικῷ,
1499 4397 1650 4447 quam
1675 4383 1776 4432 vim
1812 4383 1973 4433 inesse
2000 4383 2069 4433 illi

509 4452 748 4515 adjectivo
775 4468 866 4505 nec
891 4454 1058 4505 docuit
1083 4456 1371 4518 quisquam,
1397 4469 1488 4503 nec
1523 4454 1563 4503 si
1590 4453 1772 4503 inesset
1801 4450 1920 4501 lmic
1961 4452 2069 4501 loco

508 4526 627 4584 apta
650 4528 792 4575 esset„
814 4526 1062 4575 Eudemus
1080 4526 1208 4575 enim
1226 4524 1446 4589 Zephyro
1464 4523 1642 4588 gratias
1661 4524 1784 4586 agit,
1813 4536 1907 4571 non
1934 4522 2069 4584 quod

509 4593 618 4656 ejus
641 4594 1006 4646 l'oecunditatem
1033 4598 1264 4659 expertus
1295 4598 1400 4645 erat
1417 4633 1428 4655 ‚
1451 4594 1541 4644 sed
1568 4594 1702 4656 quod
1719 4592 1883 4657 paleas
1911 4606 1941 4641 a
1962 4592 2063 4641 fru-

507 4666 675 4713 mento
714 4666 984 4715 secernenti
1017 4666 1209 4715 leniter
1237 4666 1514 4725 afflaverat,
1553 4678 1702 4727 quam
1734 4664 1836 4711 vim
1871 4663 2067 4712 Favonii

507 4734 745 4797 praedicat
772 4737 1042 4787 Columella
1066 4740 1124 4787 R.
1155 4740 1210 4785 R.
1240 4738 1303 4799 11,
1327 4743 1387 4786 20
1402 4774 1420 4795 ,
1440 4736 1523 4785 ubi
1544 4734 1868 4785 Schneiderus
1891 4746 1940 4796 p.
1983 4737 2065 4783 123

507 4804 558 4853 in
585 4809 750 4855 nostro
775 4807 1118 4870 epigrammate
1139 4810 1298 4857 tentat
1328 4807 1580 4869 πρηῡτάτῳ
1606 4805 1622 4869 [
1643 4804 1903 4869 plaudente
1934 4806 2061 4853 Hec-

510 4876 626 4925 kero
643 4914 656 4937 ,
681 4877 766 4939 qui
791 4878 984 4927 confert
1007 4892 1083 4941 ep.
1113 4882 1225 4939 349,
1254 4882 1311 4935 41
1341 4880 1447 4938 xn,
1467 4890 1545 4940 ep.
1572 4881 1676 4937 171,
1698 4883 1725 4926 2
1742 4875 1779 4939 ].
1805 4874 1926 4924 Mihi
1944 4876 2063 4924 λειο·

507 4946 632 5009 τάτῳ
658 4946 803 4997 scrib.
841 4946 1062 5008 videtum
1101 4962 1154 4997 v.
1188 4947 1393 4997 Lobeck.
1423 4946 1486 4996 ad
1521 4947 1666 5010 Sopb.
1699 4947 1778 5008 Aj.
1816 4949 1923 4996 674.
1958 4964 1981 4988 υ
2005 4972 2065 4981 -

509 5020 536 5066 4
565 5018 797 5081 εὐξαμένῳ
823 5020 852 5067 ὃ
869 5022 912 5069 οἱ
944 5020 1052 5079 ἦλθε
1082 5018 1276 5081 corrigit
1311 5020 1596 5079 Hermann.;
1630 5018 1718 5081 γὰρ
1742 5019 1908 5074 ἐπῆλθε
1932 5014 2066 5065 malit

507 5088 736 5153 ndnek.;
767 5090 959 5155 βοηθόος
979 5090 1114 5141 Plan.

2184 525 2233 574 in
2261 529 2448 577 musico
2480 528 2854 578 citharoedorum
2884 529 3173 588 certamine,
3201 529 3383 578 chorda
3406 531 3528 580 sorte
3560 538 3703 598 rupta,

2185 595 2330 657 hujus
2358 598 2605 647 desectum
2635 601 2781 646 cantu
2810 611 2901 646 suo
2932 598 3190 660 supplent
3220 601 3455 648 Narratur
3478 599 3661 652 historia
3684 618 3707 652 a

2186 668 2421 717 Strabone
2454 672 2550 728 Vl,
2591 683 2637 732 p.
2680 675 2798 730 260,
2832 668 3069 730 Antigono
3098 670 3287 730 Caryst.
3322 682 3364 717 c.
3406 674 3449 728 1,
3490 671 3703 722 Clemente

2185 738 2315 787 Alex.
2337 739 2385 786 in
2412 742 2651 802 Protrept.
2678 751 2725 800 p.
2752 746 2797 796 2,
2822 741 2872 788 et
2904 739 3025 787 aliis.
3054 761 3074 780 ··
3098 742 3215 788 Jac.
3246 741 3319 788 De
3345 743 3561 788 Eunomo
3582 745 3705 792 Locro

2186 805 2294 854 vide
2326 809 2403 865 lx,
2433 821 2507 868 ep.
2532 811 2620 857 584
2656 811 2706 856 et
2739 820 2851 868 quae
2880 807 3045 855 monui
3063 821 3109 869 p.
3138 813 3223 858 168
3244 808 3307 858 ad
3325 807 3544 871 Theopb.
3578 812 3703 860 Simo-

2184 880 2327 926 catta)
2358 877 2505 926 verba
2533 892 2544 919 ε
2584 880 2611 926 ὁ
2635 880 2761 938 παρὰ
2789 884 2855 938 τῷ
2880 883 3049 940 Λοκρῷ
3075 883 3144 940 τῷ
3184 879 3381 942 Εὐνόμῳ
3408 887 3489 937 τῆς
3514 883 3704 942 μελῳδίας

2183 947 2325 1002 τέττιξ
2378 951 2625 1010 συνέριθος.
2680 949 2929 1010 Asclepius
2968 949 3056 1010 qui
3122 950 3276 998 fertur
3323 949 3399 999 Ad
3450 955 3701 1001 Ammonem

2184 1029 2232 1078 p.
2263 1023 2321 1066 98
2352 1037 2363 1066 ;
2397 1019 2573 1078 λέγεται
2604 1017 2685 1079 μὲν
2708 1019 2765 1074 δή
2791 1034 2894 1065 τινα
2922 1019 3298 1080 κιθαρῳδὸν,τὸν
3316 1025 3396 1078 τῆς
3430 1023 3703 1081 μουσουργίας

2182 1087 2343 1148 ἔφορον
2368 1089 2469 1135 Θεὸν
2492 1089 2661 1149 ἔχοντα
2683 1088 2847 1148 εὐμενῆ
2865 1124 2879 1148 ,
2906 1087 3061 1145 ἐπειδὴ
3086 1089 3335 1150 ἐναγώνιον
3360 1091 3443 1146 τὴν
3462 1091 3703 1152 κιθαρῳδίαν

2182 1157 2443 1219 ποιουμένῳ
2460 1160 2491 1214 ἡ
2515 1158 2651 1220 νευρά
2674 1159 2871 1219 ῥαγεῖσα
2882 1160 2994 1220 πρὸς
3014 1158 3233 1217 ἐμπόδιον
3251 1163 3331 1215 τῆς
3349 1158 3578 1214 ἀθλήσεως
3599 1161 3701 1222 αὐτῷ

2182 1227 2448 1288 γεγένηται,
2482 1229 2537 1276 τὸ
2568 1227 2697 1287 παρὰ
2720 1232 2803 1275 τοῦ
2840 1227 3095 1288 κρείττονος
3128 1229 3309 1291 εὐμενὲς
3334 1229 3419 1285 τήν
3446 1231 3594 1293 νευρὰν
3616 1231 3681 1277 ἂνε

2185 1297 2423 1358 πλήρωσιν
2443 1297 2568 1360 αὐτῷ
2596 1299 2674 1345 καὶ
2712 1301 2793 1355 τῆς
2824 1297 3164 1357 εὐδοκιμήσεως
3202 1300 3413 1362 παρέσχε
3446 1299 3526 1356 τὴν
3566 1301 3699 1361 χάριν·

2182 1365 2280 1427 ἄρτι
2319 1368 2400 1428 μὲν
2439 1368 2527 1428 γὰρ
2557 1373 2637 1425 τῆς
2666 1371 2825 1428 νευρᾶς
2862 1367 2989 1428 αὐτῷ
3022 1369 3207 1428 τέττιγα
3241 1369 3363 1416 κατὰ
3401 1369 3603 1432 πρόνοιαν
3636 1376 3700 1419 τοῦ

2181 1435 2435 1497 κρείττονος
2458 1437 2723 1499 ἐφιζάνοντα
2745 1438 2799 1484 ἀν
2778 1438 3037 1499 ναπληροῦν
3060 1438 3114 1486 τὸ
3135 1441 3219 1499 με’)
3220 1455 3266 1492 ος
3287 1439 3367 1486 καὶ
3388 1444 3468 1495 τῆς
3485 1443 3665 1500 νευρᾶς,
3643 1457 3701 1486 υ-

2182 1505 2313 1554 )άττε
2319 1522 2359 1553 ιν
2388 1507 2470 1564 τὴν
2507 1508 2696 1567 χώραν..
2706 1509 2922 1555 ..Locus
2950 1507 3075 1556 male
3118 1506 3317 1558 habitus
3344 1521 3373 1557 a
3399 1508 3595 1558 librario.
3630 1511 3701 1558 Pro

2181 1574 2279 1634 ἄρτι
2303 1577 2383 1638 μὲν
2407 1577 2493 1658 γὰρ
2517 1575 2673 1636 reperi
2694 1575 2974 1624 varietatem
3006 1576 3080 1624 ἐπὶ
3101 1579 3189 1639 γὰρ
3214 1575 3549 1639 recipiendam.
3572 1577 3699 1626 verba

2180 1645 2278 1705 ἄρτι
2320 1648 2527 1708 μὲνγὰρ
2563 1660 2709 1695 suum
2738 1645 2987 1728 proprium
3024 1646 3185 1695 locum
3212 1648 3360 1708 paulo
3392 1647 3515 1696 infra
3541 1651 3695 1697 tenent.

2180 1716 2429 1764 1301511,-
2464 1721 2481 1764 1
2520 1716 3121 1779 >υκωρέῑ1’1011.;>.υκωρεῐ
3143 1716 3263 1764 sod.
3294 1735 3320 1759 «ι
3346 1717 3487 1779 Apud
3514 1719 3699 1779 Apollon.

2178 1783 2267 1834 Rli.
2295 1787 2361 1834 [V
2368 1824 2379 1846 ,
2404 1791 2521 1836 1490
2540 1825 2552 1848 ,
2575 1789 2773 1837 Φοίδοο
2797 1788 3088 1849 Λυκωρείοιο
3109 1787 3259 1836 schol.
3279 1788 3475 1850 exponit
3490 1791 3696 1838 Δελεικοῦ·

2177 1859 2221 1904 οἱ
2248 1858 2335 1919 γὰρ
2354 1859 2516 1918 Δελςοὶ
2541 1859 2593 1906 τὸ
2622 1863 2803 1918 πρῶτον
2837 1863 3071 1920 Λυκωρεῖς
3090 1857 3353 1906 ἐκαλοῦντο.
3380 1860 3523 1908 certe
3546 1859 3589 1907 in
3612 1862 3697 1908 Par·

2175 1939 2320 1974 nasso
2350 1925 2443 1975 sita
2470 1927 2563 1976 suit
2594 1927 2710 1976 urbs
2746 1929 2977 1989 Lycorea.
3014 1926 3135 1976 Vide
3163 1930 3221 1976 Ο.
3254 1928 3445 1978 Mulieri
3478 1929 3697 1978 Dorienses

2174 1999 2211 2044 t.
2239 1999 2278 2056 1,
2298 2011 2348 2058 p.
2380 2005 2486 2046 212.
2512 2017 2536 2040 »ι
2559 2000 2673 2048 Jac.
2696 1999 2905 2048 Ἀνάπτει
2930 1998 3031 2058 jam
3058 1998 3275 2048 vidimus
3302 2012 3391 2061 pro
3420 1999 3590 2049 usitato
3612 2002 3693 2046 ἀνι-

2176 2067 2349 2124 τίθησι.
2379 2094 2441 2104 -—
2467 2073 2496 2118 3
2525 2069 2695 2131 Πάρθις
2715 2068 2983 2118 Brunckius
3008 2071 3059 2117 et
3076 2070 3179 2117 JaC.
3214 2069 3263 2117 in
3286 2070 3491 2120 Delectu
3509 2088 3522 2126 ;
3543 2071 3692 2131 ΙΙὰρθι-,ς

2175 2139 2317 2199 Cod.‚
2338 2140 2667 2201 superscripto
2689 2161 2701 2188 :
2722 2157 2795 2202 γρ.
2816 2140 3045 2202 σπάρτας,
3075 2153 3164 2202 pro
3190 2142 3388 2203 Σπᾶρτις
3406 2177 3419 2198 ,
3440 2144 3498 2188 01
3514 2140 3693 2199 videtur,

2173 2223 2273 2270 quo
2298 2209 2491 2268 nomine
2510 2213 2587 2258 est
2604 2209 2911 2260 adversarius
2928 2210 3133 2259 Eunomi
3156 2212 3235 2269 IX,
3260 2223 3341 2273 ep.
3370 2215 3479 2267 584,
3508 2218 3549 2260 2.
3582 2211 3691 2260 Plan.

2175 2279 2373 2341 Πάρθος.
2404 2279 2657 2328 Videndus
2688 2281 2745 2328 G.
2766 2279 2984 2330 Dindors.
3020 2280 3069 2328 in
3088 2280 3229 2330 Thea.
3262 2293 3310 2328 v.
3332 2280 3532 2342 Πάρειης.
3566 2301 3583 2321 α
3612 2281 3694 2328 snio

2170 2347 2259 2398 das
2296 2349 2389 2398 sub
2439 2349 2735 2399 nominativo
2791 2351 2951 2412 ΙΙάρθη
2995 2349 3127 2398 hunc
3171 2363 3368 2398 versum
3412 2350 3595 2398 excitat.
3636 2355 3691 2398 An

2169 2418 2260 2481 ipsi
2299 2420 2391 2469 suit
2412 2419 2485 2467 ha
2495 2433 2579 2468 ccc
2610 2419 2701 2468 loci
2733 2418 3004 2468 sententia?
3030 2422 3057 2468 ὁ
3084 2421 3132 2469 δὲ
3162 2421 3368 2482 Εὔνομος
3392 2421 3553 2468 ἵστατο
3572 2421 3691 2472 ἀντίος

2168 2495 2247 2547 τῆς
2268 2490 2464 2553 Πάρθης.
2489 2490 2713 2538 varietas
2736 2489 2947 2538 Palatina
2970 2490 3179 2553 Σπάρτας
3201 2494 3367 2552 potest
3392 2493 3444 2539 et
3468 2503 3569 2539 esst²
3586 2489 3691 2552 geni·

2167 2559 2313 2608 tivuS.
2341 2588 2403 2599 -
2420 2565 2466 2609 4.
2484 2560 2605 2608 Hinc
2624 2559 2798 2608 Suidas
2818 2580 2830 2608 :
2851 2562 3004 2623 κρέκω
3022 2597 3035 2620 ,
3060 2562 3114 2609 τὸ
3136 2562 3256 2622 ἠχῶ.
3280 2579 3305 2602 »
3331 2563 3389 2610 B.
3418 2559 3571 2610 Codex
3590 2575 3613 2608 a
3633 2574 3685 2621 pr.

2166 2643 2234 2678 m.
2265 2631 2449 2694 ἔκραξε,
2474 2643 2503 2679 3
2527 2634 2803 2680 correctore
2830 2648 2869 2678 ε.
2908 2657 2969 2667 —
3014 2638 3041 2680 5
3072 2631 3119 2679 in
3150 2637 3397 2692 τετρηγυῑα
3428 2651 3451 2672 σι
3496 2649 3523 2690 γ
3556 2643 3583 2678 3
3612 2645 3691 2678 ror·

2166 2705 2355 2750 rectore
2390 2715 2447 2750 ex
2480 2700 2575 2750 alia
2598 2701 2759 2762 aliqua
2785 2700 2925 2750 litera
2958 2701 3209 2750 effectum.
3233 2721 3256 2742 υ
3290 2701 3518 2760 Paulss.‚·
3538 2716 3685 2758 τετρηγ.

2165 2771 2311 2819 etiam
2335 2771 2484 2830 Plan.;
2511 2777 2745 2832 τετριγυῖα
2776 2769 2911 2819 Suid.
2954 2789 2977 2811 «ι
3009 2768 3363 2830 Ἀπεκὸμπασε,
3397 2769 3574 2818 chorda
3599 2782 3687 2816 cum

2164 2853 2315 2889 rauco
2347 2853 2493 2901 sono,
2523 2841 2755 2904 βραγχὸν,
2794 2837 3020 2889 dissiluit.
3064 2841 3175 2897 Qua
3199 2839 3359 2904 signif.
3392 2839 3487 2891 hoc
3518 2838 3687 2889 verbum

2163 2910 2278 2959 alibi
2297 2909 2498 2973 reperiri
2518 2924 2613 2959 non
2632 2910 2844 2959 videtur.
2866 2936 2927 2946 —-
2956 2919 2983 2961 6
3005 2912 3223 2973 ἁρμονίης
3252 2910 3385 2961 Plan.
3416 2913 3558 2965 Μέλος
3575 2912 3685 2958 εὐπο-

2164 2982 2239 3036 δος
2267 2982 2484 3045 ἁρμονίας
2498 3018 2510 3039 ,
2530 2980 2918 3043 circumscriptio
2935 2982 3138 3031 musirae
3156 2981 3357 3031 modum
3373 2982 3425 3031 et
3448 2992 3689 3031 mensuram

2163 3049 2429 3113 legitimam
2461 3051 2722 3115 implentis.
2744 3050 3050 3113 Respondent
3068 3050 3160 3099 sibi
3186 3051 3371 3107 σκάζειν
3390 3054 3443 3101 et
3466 3052 3649 3103 εῠποδος.
3670 3070 3686 3089 2·

2164 3123 2197 3169 ,1
2202 3134 2280 3171 ac.
2302 3146 2366 3159 -
2380 3125 2407 3172 7
2432 3124 2671 3184 ὓπερὲζετο
2690 3121 2825 3170 Plan.
2846 3148 2909 3156 —
2927 3127 2973 3171 9.
2994 3140 3017 3163 (ι
3037 3121 3162 3170 Hinc
3178 3121 3355 3170 suidas
3376 3124 3687 3181 ιλαλαγεῡσαν.
3738 3124 3740 3140 ’

2163 3190 2371 3253 ἐμμελῶς
2390 3198 2648 3254 φωνοῦσαν.
2668 3212 2693 3235 ι»
2710 3193 2832 3239 8.-
2848 3196 2902 3241 10
2914 3192 3055 3253 νόμον
3072 3190 3253 3251 Codex,
3268 3191 3432 3241 deleto
3441 3194 3610 3255 pre'ore
3624 3203 3689 3238 ac-
3736 3204 3738 3225 ¹

2163 3265 2326 3311 centu.
2358 3287 2421 3299 -
2454 3268 2507 3311 12
2526 3264 2641 3321 ὕπερ
2666 3262 2793 3312 God.
2830 3282 2853 3305 a
2878 3262 3278 3325 conspiciebatur
3308 3262 3444 3325 apud
3464 3266 3688 3311 Locrenses
3734 3272 3736 3310 ι

2163 3334 2327 3381 statua
2350 3332 2561 3381 Eunomi
2587 3346 2703 3382 cum
2741 3332 2907 3381 cicada
2936 3332 3137 3382 cithario
3174 3332 3443 3393 insidente,
3476 3336 3593 3383 teste
3622 3330 3685 3377 Ti·
3732 3342 3734 3396 J

2162 3416 2288 3521 bniaeo
2324 3402 2457 3466 apud
2494 3404 2718 3453 strabon.
2755 3403 2789 3453 1.
2842 3418 2887 3452 0.
2928 3424 2952 3447 υ
2995 3406 3111 3453 Jac.
3146 3404 3283 3453 Unde
3332 3404 3568 3467 ingeniose
3598 3400 3687 3449 ficta
3730 3416 3732 3480 γ

2199 3473 2429 3523 ‘stoi-iola.
3728 3486 3730 3491 ·

2223 3612 2321 3659 LV.
2352 3612 2553 3661 Lemma
2584 3632 2596 3659 :
2638 3611 2853 3671 ἀνάθημα
2884 3617 2941 3671 τῇ
2989 3611 3235 3673 Ἀφροδίτῃ
3276 3610 3403 3671 παρὰ.
3448 3608 3687 3672 Ἐρμοφίὶοο

2163 3681 2407 3745 βουκόλου.
2435 3706 2499 3716 -
2531 3686 2549 3728 1
2574 3680 2726 3742 παφίᾳ
2751 3680 2885 3729 Ρ130.
2914 3682 2966 3729 et
2984 3678 3103 3728 Cod.
3122 3693 3153 3729 a
3178 3692 3251 3741 pr.
3282 3692 3371 3739 m.‚
3392 3696 3441 3736 ηι
3460 3682 3683 3727 corrector.

2165 3771 2188 3795 τι
2218 3752 2342 3801 Hinc
2364 3751 2539 3800 Suidas
2562 3770 2573 3799 :
2596 3750 2782 3812 σίμὸλοι
2798 3762 2809 3774 ·
2831 3752 2967 3809 θῆκαι
2992 3755 3085 3798 τῶν
3106 3754 3357 3812 μελισσῶν.
3382 3770 3405 3791 n
3427 3752 3489 3799 B.
3510 3776 3557 3783 —
3588 3756 3610 3796 2
3626 3764 3687 3799 τας

2164 3821 2587 3884 (810)...εὖρυνόμας
2619 3820 2762 3878 cod-3
2812 3821 3217 3882 τῆς...Εὐρυνόμης
3268 3820 3403 3869 ΡΙ311.
3448 3848 3507 3859 -
3538 3824 3565 3868 3
3598 3820 3681 3877 βον-

2161 3893 2295 3949 κό).ος
2330 3894 2465 3943 Plan.
2516 3917 2577 3927 —
2610 3896 2658 3941 4.
2705 3912 2729 3933 «ι
2773 3894 3033 3941 Auctorem
3068 3890 3129 3940 de
3163 3890 3479 3939 similitudine
3512 3888 3712 3951 quadam.

2170 3962 2343 4012 borum
2388 3974 2647 4011 munerum
2680 3975 2795 4010 cum
2820 3960 2903 4021 iis,
2941 3974 3152 4022 quorum
3188 3960 3384 4009 nomine
3423 3960 3687 4009 offeruntur.

2160 4033 2395 4096 cogitasse
2419 4032 2498 4081 vix
2526 4032 2713 4082 dubito.
2734 4035 2789 4081 ln
2814 4036 2970 4094 πακτᾷ
2998 4031 3251 4093 respicitur
3288 4030 3528 4080 candidus
3544 4028 3687 4092 puellas

2162 4104 2309 4162 color,
2334 4108 2392 4153 ut
2426 4116 2503 4167 ap.
2540 4103 2745 4152 Theocr.
2768 4104 2863 4158 XI,
2888 4108 2987 4149 20-
2977 4102 3258 4164 -λευκοτὲρα
3281 4118 3464 4155 πακτας
3498 4118 3579 4147 κατ
3582 4116 3649 4147 ιοιι

2159 4177 2215 4223 In
2248 4176 2396 4237 μέλιτι
2427 4176 2515 4223 aut
2538 4173 2601 4223 ad
2631 4174 2805 4222 cantus
2829 4172 3158 4230 suavitatem,
3196 4175 3283 4221 aut
3306 4170 3373 4219 ad
3399 4171 3601 4219 colorem
3630 4182 3687 4227 με

2159 4245 2414 4307 λίχὶἾωρον
2450 4244 2538 4307 qui
2584 4243 2635 4293 in
2666 4242 2932 4305 ,iuvenibus
2973 4241 3218 4305 praecipue
3262 4240 3511 4297 laudatur.
3542 4236 3687 4300 respici

2158 4314 2417 4363 videtur.»
2443 4318 2559 4364 Jac.

2218 4453 2341 4502 LVI.
2363 4453 2563 4500 Lemma
2584 4470 2597 4498 ι
2618 4450 2834 4510 ἀνάθημα
2851 4453 2920 4511 τῷ
2948 4448 3159 4510 Διονύσῳ
3184 4450 3309 4510 παρὰ
3325 4448 3581 4510 Διναγὸρου
3602 4442 3688 4507 (sic)

2157 4528 2379 4584 γεωργοῦ.
2406 4547 2467 4557 -
2492 4527 2512 4570 1
2540 4521 2809 4583 κισσοκὸμᾳ
2846 4518 3001 4577 Plan„
3039 4518 3173 4580 quod
3208 4517 3369 4568 reddit
3405 4518 3613 4567 Grotius.
3640 4535 3692 4550 -·

2158 4598 2185 4641 2
2203 4594 2285 4649 λην
2262 4609 2361 4651 ν.αγ
2382 4591 2705 4652 Ρ1311.,λιναγ.
2726 4588 2887 4639 Codex
2906 4588 3095 4639 vitiose.
3110 4594 3215 4637 -3
3234 4592 3351 4649 τῷδε
3370 4588 3494 4638 cod
3516 4586 3692 4637 Bothius

2158 4674 2407 4741 perperam
2428 4662 2641 4719 ὀπωπήν.
2672 4687 2731 4697 —
2756 4664 2785 4709 4
2806 4661 2953 4721 ὶέγοις
2972 4659 3183 4721 primum
3208 4659 3301 4721 legi
3325 4658 3524 4765 videt-ur
3553 4659 3597 4706 in
3622 4662 3653 4705 s

2158 4730 2384 4781 censiana
2416 4730 2492 4780 ed.
2520 4731 2676 4789 Plan.
2706 4732 2848 4790 λέγεις
2872 4728 3013 4778 codd.
3040 4728 3202 4779 Schol.
3240 4728 3412 4779 Wecb.

2156 4804 2236 4851 καὶ
2260 4802 2421 4858 εἴποις.
2444 4827 2505 4839 —-
2532 4808 2559 4851 5
2586 4802 2743 4863 τὲχνηι
2762 4799 2882 4849 cod.

2220 4940 2371 4987 LVII.
2392 4940 2591 4987 Lemma
2618 4957 2629 4986 :
2658 4936 2873 4999 ἀνάθημα
2890 4941 2958 4997 τῷ
2976 4936 3101 4985 Πανὶ
3119 4934 3246 4997 παρὰ
3268 4936 3481 4995 Τεύκρου
3508 4930 3679 4993 'Ambroc-

2156 5038 2220 5052 --
2252 5016 2279 5058 2
2312 5011 2445 5071 φονίῃ
2476 5009 2631 5067 Plan.;
2652 5008 2795 5071 φονίῳ
2816 5006 3029 5057 Brunck.
3048 5005 3321 5067 Hesychius
3342 5026 3354 5055 :
3375 5009 3537 5067 Φοινῷ
3558 5002 3679 5065 κρατί·

2156 5080 2332 5144 τυῤῥῷ.
2366 5102 2387 5123 τι
2428 5083 2511 5129 Est
2548 5078 2799 5143 ἀκροχανὲς
2840 5080 2983 5141 δέρμα
3026 5077 3160 5140 pellis
3205 5080 3419 5126 extrema
3465 5075 3541 5125 sui
3575 5086 3623 5135 pa
