3829 5747
786 498 1172 589 BREVIS
1234 497 1853 589 ΑΝΝΟΤΑΤΙΟ
1920 502 2031 588 ΙΝ
2094 502 2441 595 CAPUT
2506 508 2697 597 VII.

201 933 410 981 Lemma
433 928 624 979 Codicis
649 944 660 973 τ
685 932 776 979 Καὶ
805 932 832 978 ό
853 936 946 979 τῶν
970 931 1316 992 ἁναθεματικῶν
1336 936 1446 993 ἡμῖν
1473 933 1690 993 ἐπιγραμ-

145 1007 314 1061 μάτων
356 1004 584 1065 χαρακτὴρ
627 1003 928 1063 πεπλήρωται
970 1005 1140 1058 ἱκανῶς
1187 1002 1336 1065 ἔχων,
1373 1007 1434 1059 ὡς
1491 1004 1688 1065 ἐμαυτὸν

139 1076 313 1123 πείθω.
341 1075 550 1122 Μετιτέον
573 1072 655 1121 οὖν
677 1072 746 1134 ἐφ’
771 1074 926 1133 ἕτερον
956 1073 1043 1121 οὐκ
1067 1074 1305 1136 ἄχρηστον
1329 1073 1427 1122 οὐδ’
1449 1074 1684 1134 ἀνωφεὶῆ,

137 1146 350 1201 >alfio-ai
377 1160 424 1193 τε
461 1144 550 1204 (an
589 1142 794 1200 καλῆσαί
829 1146 915 1190 rs?
961 1144 1122 1191 Boe‘ss.
1160 1142 1380 1191 Reiskius
1410 1142 1690 1203 conjiciebat

135 1218 336 1270 ιινῆστί
363 1215 438 1271 τε)
469 1215 548 1261 καὶ
568 1214 681 1276 πρὸς
707 1213 850 1267 πάθος
877 1214 1067 1275 ἀγαγεῖν
1095 1214 1202 1267 τοὺς
1223 1216 1580 1275 ἐντυγχάνοντας
1612 1216 1690 1262 δυ-

135 1288 359 1344 νάμενον.
391 1286 522 1333 Ἐστι
563 1285 612 1333 δὲ
647 1283 782 1339 οὗτος
823 1284 850 1331 ό
891 1288 984 1332 τῶν
1020 1284 1304 1343 ἑπιτυμὸίων
1323 1321 1336 1341 ,
1374 1285 1520 1347 ἀρχὴν
1567 1286 1688 1345 ἔχων

135 1358 341 1405 τοιάνδε.
365 1357 426 1417 -1-
443 1356 724 1419 Ἐπιτύμὸια
746 1358 808 1410 εἰς
835 1358 915 1404 τὸν
938 1357 1166 1419 “Ομηρον.
1187 1386 1248 1397 --
1270 1360 1331 1405 Et
1354 1358 1404 1405 in
1431 1357 1644 1419 margine
1673 1376 1685 1406 ι

136 1427 260 1489 :iaz-53
283 1434 377 1475 τῶν
394 1428 672 1487 ἑπιτυμῧίων
697 1426 1058 1487 ἐπιγραμμάτων
1072 1462 1086 1487 ,
1125 1427 1190 1474 ὧν
1213 1428 1481 1489 ἐσχεδίασεν
1511 1428 1537 1474 ὁ
1564 1429 1688 1489 κὺρις

135 1500 488 1551 Κωνσταντΐνος
524 1497 552 1545 ὁ
581 1498 822 1558 Kese-kk,
858 1498 886 1543 ὁ
920 1498 1148 1562 μακάριος
1184 1498 1264 1544 καὶ
1305 1496 1577 1558 ἀείμνηστος
1609 1501 1688 1547 καὶ

131 1568 408 1627 τριπόθητος
435 1568 692 1629 ἄνθρωπος.

195 1702 235 1748 l.
263 1702 460 1747 Lemma
483 1719 497 1746 z
525 1698 742 1749 Ἀλκαίου
769 1703 964 1755 ποιητοῦ
993 1699 1262 1754 Μεσσηνίου
1285 1701 1349 1754 εἰς
1367 1699 1580 1763 ’Όμηρον
1606 1701 1685 1748 τὸν

133 1772 332 1827 ποιητὴν
356 1770 640 1829 ἐπιτύμβιον.
671 1769 819 1823 Οὗτος
839 1771 866 1817 ό
893 1772 1098 1824 Ὰὶκαῖος
1122 1771 1210 1817 οὐκ
1237 1770 1294 1828 ἦν
1313 1771 1338 1817 ό
1363 1772 1686 1831 Μιτυὶῃναῖος,

135 1844 184 1895 ὃς
213 1841 274 1899 ἦν
295 1842 340 1887 ἑν
366 1846 462 1895 τοῖς
482 1839 662 1902 χρόνοις
685 1842 938 1889 Πιττακοῦ.
965 1866 1028 1875 -
1061 1846 1106 1888 2.
1132 1859 1154 1881 «
1177 1838 1298 1887 Hinc
1330 1840 1504 1889 Suidas
1533 1842 1683 1898 εῆκα-

135 1930 218 1973 χον
235 1947 248 1967 ,
279 1912 377 1959 ἀντὶ
401 1916 485 1959 τοῦ
503 1911 758 1965 ἐλύπησαν.
784 1912 852 1957 Ex
871 1909 1092 1971 sequenti
1107 1923 1252 1959 versu
1273 1908 1400 1959 idem
1419 1911 1468 1959 in
1491 1913 1646 1973 Χρίσις
1674 1930 1686 1961 2

135 1982 406 2044 ἐγ-ρίσαντο.
429 1982 528 2029 ἀντὶ
547 1986 632 2029 τοῦ
660 1982 866 2044 ἔχρισαν.
903 2000 926 2023 υ
957 1982 1018 2029 B.
1051 1982 1176 2028 Nota
1199 1980 1360 2029 sabula
1378 2019 1390 2039 ,
1424 1984 1688 2031 Homerum

137 2065 340 2099 rna-rore
373 2052 522 2100 fuisse
547 2050 826 2100 consectum
843 2089 856 2111 ,
884 2049 1018 2113 quod
1045 2050 1248 2113 renigma
1271 2050 1360 2098 sibi
1391 2052 1686 2113 propositum

139 2122 326 2171 salvem
365 2136 462 2171 non
497 2122 754 2184 potuisset.
795 2124 906 2179 Quo
941 2120 1138 2183 respicit
1167 2122 1416 2170 oraculum
1452 2135 1527 2184 ap.
1559 2126 1687 2172 Pau-

135 2206 234 2241 san.
271 2197 330 2253 Χ,
349 2200 430 2254 24,
449 2194 478 2256 §
501 2201 528 2242 2
553 2208 564 2236 =
669 2194 724 2243 τὸ
743 2193 979 2255 μάντευμα
994 2228 1010 2252 ,
1033 2194 1059 2241 ὃ
1083 2194 1295 2255 γενέσθαι
1315 2199 1381 2255 τῷ
1401 2196 1592 2257 Ὁμήρῳ
1612 2196 1688 2243 >s-

135 2282 291 2323 γουσι»,
306 2282 318 2293 ·

253 2374 418 2421 Ἔστιν
449 2372 540 2427 Ἴος
558 2376 698 2429 νῆσος
722 2371 891 2433 μητρὸς
919 2372 1082 2431 πατρὶς
1103 2406 1117 2430 ,
1140 2372 1171 2427 ἦ
1201 2388 1256 2420 σε
1287 2372 1484 2421 θανόντα

253 2444 453 2497 δέξεται·
481 2442 600 2490 :md
630 2442 748 2491 νὲων
774 2442 955 2491 παίδων
986 2442 1178 2502 αἱνιγμα
1196 2444 1402 2503 φύλαξαι.

141 2550 252 2596 Hinc
283 2550 484 2611 apparet
509 2548 562 2597 ἐκ
595 2547 807 2610 Μοιρέων
829 2560 946 2596 vere
977 2544 1310 2596 emendavisse
1338 2545 1612 2595 Becker-um
1637 2547 1685 2595 in

141 2620 280 2680 Epist.
303 2620 415 2667 cn't.
451 2618 516 2667 ad
558 2617 1009 2676 Schneidewinum,
1040 2617 1287 2681 Philologo
1317 2622 1464 2675 1849,
1493 2631 1540 2679 p.
1571 2622 1680 2667 484.

139 2689 404 2751 legebatur
431 2690 484 2738 ἐκ
531 2692 760 2739 Μουσέων
777 2725 793 2749 ,
822 2702 938 2750 quae
967 2702 1064 2737 non
1099 2690 1304 2751 possunt
1334 2691 1558 2737 auctores
1597 2688 1684 2737 ha-

139 2760 230 2807 beri
273 2760 412 2807 illius
449 2758 748 2821 proponendi
779 2757 954 2821 griphi.
997 2784 1056 2793 —
1084 2764 1132 2807 3.
1179 2778 1202 2801 «ι
1249 2757 1478 2807 Similiter
1518 2758 1684 2807 Thetis

141 2829 352 2878 Patroclo
375 2832 568 2878 mortuo
597 2828 854 2892 ἀμβροσίην
882 2829 962 2876 καὶ
987 2829 1151 2890 νέκταρ
1179 2829 1362 2893 ἐρυθρὸν
1387 2829 1529 2884 Στάξε
1563 2830 1683 2877 κατὰ

139 2905 264 2962 ῥινῶν
281 2937 294 2958 ,
325 2903 386 2950 ll.
409 2905 470 2957 T.
495 2907 570 2950 38.
605 2921 630 2943 ι»
651 2905 767 2950 lac,
790 2927 852 2936 —-
877 2907 905 2950 5
943 2902 1083 2961 μόθον
1110 2901 1264 2958 Plan.;
1296 2900 1450 2963 μόθων
1473 2900 1592 2950 cod.
1623 2929 1684 2936 —-

139 2982 164 3020 5
183 2975 220 3019 τ’
245 2973 404 3028 Plan.;
435 2973 476 3019 δ’
509 2970 652 3030 Cod.,
675 2971 760 3033 qui
785 2971 1036 3033 λαρτιδεω,
1061 2971 1364 3034 superposito
1389 2971 1436 3019 ἀ.
1463 2997 1516 3007 -
1544 2975 1571 3020 7
1598 2980 1678 3030 νῆ-

138 3061 208 3097 σος
231 3045 368 3092 Plau.
393 3069 456 3078 —
479 3048 524 3092 8.
551 3043 698 3100 naen,
717 3041 844 3090 cons.
869 3055 943 3104 ep.
971 3047 1016 3101 2,
1045 3047 1104 3100 9ς
1126 3055 1201 3105 ep.
1222 3047 1270 3100 4,
1300 3047 1344 3090 3.
1367 3041 1683 3092 probabiliter

55 3145 62 3154 -
137 3114 376 3162 nocherus
401 3113 514 3176 βαιὴ
537 3113 634 3159 τὸν
655 3112 884 3160 Μουσέων
913 3111 1021 3160 ἀστ.

189 3247 246 3294 11.
281 3247 487 3293 Lemma
510 3265 520 3292 :
551 3245 615 3300 εἰς
640 3244 720 3292 τὸν
747 3245 887 3292 αὐτὸν
905 3243 1430 3306 Ὅμηρον.Ὰντιπάτρου
1457 3245 1680 3293 Σιδωνίου

137 3319 416 3375 iziz-busim.
443 3316 582 3364 Ἔστι
617 3316 698 3363 καὶ
729 3315 865 3370 ἄλλος
883 3313 1175 3377 Ἀντίπατρος
1211 3317 1576 3372 Θεσσαλονικεὺς
1602 3319 1680 3364 καὶ

139 3388 258 3440 αὐτὸς
285 3385 658 3448 ἐπιγραμμάτων
681 3386 893 3442 ποιητής·
923 3411 986 3420 —-
1015 3389 1056 3433 1.
1089 3405 1111 3425 σε
1144 3384 1219 3433 Ob
1252 3384 1424 3432 miram
1449 3386 1682 3435 seimonis

137 3457 420 3505 suavitatem
454 3458 504 3504 et
548 3455 876 3517 eloquentiam
917 3457 1160 3504 Homerus
1187 3457 1263 3503 est
1303 3456 1494 3510 Πειθοῦς
1532 3457 1682 3504 instar

135 3526 248 3573 inter
265 3525 494 3574 homiues
509 3563 524 3585 ‚
544 3523 822 3573 Gratiarum
843 3523 1012 3580 unius3
1035 3536 1090 3572 ν.
1117 3522 1310 3572 Boeckh.
1336 3523 1516 3585 Explic.
1544 3525 1676 3574 Pind.

137 3597 262 3657 pith.
299 3597 386 3654 IX,
407 3610 458 3658 p.
484 3601 592 3644 322.
627 3615 650 3637 υ
679 3596 792 3642 Jac.
824 3619 880 3629 —
909 3601 936 3643 2
963 3595 1270 3654 φθεγξαμέναν
1297 3593 1429 3642 Plan.
1456 3597 1506 3642 et
1523 3595 1678 3652 Suid.;

135 3669 432 3725 σὸεγξαμὲνην
471 3665 592 3714 cod.
626 3692 689 3701 —
716 3669 745 3713 3
772 3665 960 3722 νασίτης
1003 3663 1126 3714 Cod.
1155 3663 1312 3726 Hujus
1336 3663 1530 3714 distichi
1563 3666 1681 3716 mire

135 3737 340 3786 turbatae
359 3736 548 3785 laciniae
569 3735 826 3784 exstabant
843 3735 892 3784 in
923 3735 1232 3798 inscriptione
1261 3735 1412 3797 lensi,
1443 3737 1584 3799 cujus
1607 3739 1680 3785 te-

137 3821 247 3856 nues
271 3807 508 3869 reliquias
527 3805 592 3855 ad
616 3806 872 3855 ecclesiam
899 3808 969 3854 St.
1000 3803 1275 3854 catharine„²
1303 3805 1427 3855 vidit
1448 3807 1676 3867 Rossius;

133 3891 182 3925 en
203 3893 320 3940 quai
351 3877 521 3927 retulit
551 3876 784 3927 Paschius
811 3878 988 3925 Comes
1013 3889 1055 3924 a.
1093 3880 1205 3925 1773
1239 3896 1248 3923 :

243 3985 322 4032 ἅδ’
339 3987 507 4046 ἔλαχον
529 3987 724 4043 μαθετης
745 3987 959 4040 ‹swina-12:
983 4001 1089 4030 υοιυ
1112 3985 1232 4031 uem

243 4055 304 4102 οὗ
328 4056 420 4116 γὰρ
442 4055 490 4102 ἐν
516 4055 634 4101 ἄλλα
654 4071 786 4116 εμοιο
809 4056 934 4113 φιλος
961 4069 1085 4113 ιερου
1107 4071 1280 4116 ομηρον

244 4127 350 4174 ἀλλ’
373 4126 478 4186 ἐμοὶ
507 4130 688 4186 πνεῦμα
715 4125 862 4172 θανὼν
884 4126 1130 4184 νινομηδου
1151 4141 1250 4172 υιον

243 4199 378 4252 πολις
402 4213 432 4244 ο
453 4199 537 4245 θεα
563 4211 752 4257 αναριος
769 4212 916 4256 ονομα
939 4197 1095 4244 ενθαδε
1117 4211 1250 4257 εμου.

133 4303 466 4364 Agnoscuntur
485 4313 632 4349 voees
649 4313 710 4348 ex
727 4298 1044 4361 sequentibus
1061 4297 1234 4360 epigrr.
1257 4301 1284 4346 3
1305 4299 1354 4344 et
1377 4300 1402 4345 4
1423 4300 1676 4359 excerptae,

133 4374 206 4420 sed
233 4373 288 4420 in
313 4371 497 4420 talibus
521 4367 830 4432 expediendis
857 4382 952 4417 non
987 4370 1063 4416 est
1097 4365 1401 4415 morandum.
1437 4366 1678 4428 Sequeba-

133 4447 202 4490 tur
221 4443 398 4506 longus
423 4441 674 4502 catalogus
700 4439 837 4488 velut
855 4436 1206 4500 discipulorum
1232 4435 1443 4484 Homeri.
1475 4437 1547 4485 De
1574 4440 1679 4486 tota

131 4527 174 4560 re
213 4513 448 4560 accurate
484 4508 712 4572 exposuit
753 4507 1040 4563 Welckerus
1079 4505 1128 4554 in
1158 4507 1323 4555 Annal.
1359 4505 1509 4568 antiq.
1543 4505 1675 4555 stud.

135 4587 242 4631 1844
261 4620 276 4641 ,
298 4596 364 4630 m.
397 4581 570 4642 April„
599 4593 648 4642 p.
678 4583 906 4630 289-327.
936 4605 996 4615 -—
1021 4585 1066 4626 5.
1097 4579 1260 4637 Νεῦμα
1287 4578 1564 4639 παγκρατές.
1596 4580 1679 4626 Re-

131 4653 403 4715 spieinntur
431 4649 618 4700 nobiles
635 4663 811 4698 versus
833 4648 888 4698 11.
911 4655 969 4706 A,
997 4653 1086 4697 528
1113 4663 1123 4689 ε

242 4753 312 4800 Ἥ
327 4788 342 4810 ,
367 4753 448 4800 καὶ
475 4752 722 4811 κυανέῃσιν
747 4749 820 4798 ἐπ’
854 4751 1018 4812 ὀφρύσι
1041 4753 1174 4796 νεῦσε
1198 4748 1401 4810 Κρονίων
1417 4783 1431 4806 ,

249 4859 264 4868 .
299 4861 310 4870 .
351 4861 364 4871 .
407 4858 420 4869 .
452 4859 466 4870 .
501 4824 646 4885 μέγαν
673 4821 715 4869 δ’
737 4821 928 4875 ἐλέλιξεν
954 4818 1214 4877 Ὄλυμπον.

129 4957 180 4964 --
204 4939 236 4978 n
263 4927 504 4990 ναυμάχον
531 4927 724 4977 Jacobs.
753 4927 804 4975 in
829 4928 949 4976 nott.
987 4937 1128 4984 mss„
1154 4921 1424 4972 secundum
1447 4933 1680 4985 gramma-

127 5004 273 5057 tieos3
301 5015 354 5049 ν.
379 4999 524 5049 Thes.
558 4999 844 5050 celebratur
872 5011 930 5046 ea
951 5007 1114 5059 pugna
1133 4994 1182 5043 iu
1204 4994 1263 5043 ll.
1300 4997 1357 5042 Ο.
1383 5019 1441 5029 -
1473 4997 1519 5042 7.
1548 4995 1676 5056 Φαρ-

129 5073 432 5134 σα)ἱσιν,ορ.
457 5071 586 5132 Vir-g.
611 5068 939 5120 Thessalicis.
965 5068 1018 5117 ll.
1045 5067 1102 5125 Χ,
1119 5071 1207 5116 395
1229 5079 1362 5129 seqq.
1387 5091 1446 5100 --
1466 5069 1510 5113 9.
1535 5063 1674 5112 Conf.

291 5163 576 5200 satum-oon
589 5186 596 5194 .
629 5165 660 5200 1.
1657 5173 1692 5226 4

1727 2000 1737 2029 Ι

1781 2054 1983 2115 quidem
2007 2055 2115 2109 loco
2140 2068 2285 2117 quem
2320 2056 2536 2113 confert,
2581 2058 2751 2105 Joann.
2773 2071 2816 2105 c.
2844 2062 2873 2107 4
2893 2096 2905 2117 ,
2943 2064 3051 2119 230,
3088 2064 3331 2109 καταστεί·

1701 5173 1766 5228 Π

1779 946 1855 995 ep.
1885 939 1933 995 4,
1972 940 2017 983 3.
2054 963 2115 971 --
2152 943 2219 985 10.
2261 938 2408 996 Ἰκος,
2438 938 2704 1001 Cycladum
2736 940 3001 990 insularum
3044 957 3166 1001 una,
3205 944 3330 995 inter

1781 1000 2027 1052 Sciathum
2052 1008 2103 1053 et
2130 1009 2331 1067 Scyrum
2359 1008 2543 1069 posita,
2565 1008 2613 1057 in
2641 1022 2739 1071 qua
2764 1009 2938 1059 Peleus
2964 1013 3203 1075 sepultus.

1845 1136 1939 1183 11¹⁵.
1976 1138 2031 1185 In
2059 1138 2308 1199 superiore
2345 1138 2560 1201 margine
2599 1140 2785 1202 paginae
2810 1140 3001 1191 diversa
3030 1157 3175 1193 manu
3208 1146 3327 1195 scri·

1779 1209 1918 1268 ptum
1938 1206 2137 1256 exhibet
2158 1208 2317 1257 Codex
2341 1222 2455 1257 cum
2478 1211 2701 1259 lemmate
2723 1214 2816 1268 ιεῑς
2839 1214 2918 1260 τὸν
2938 1214 3091 1262 αὐτόν.
3120 1214 3195 1264 Ad
3222 1216 3325 1265 via·

1779 1274 1912 1323 tores
1930 1315 1943 1337 ,
1974 1280 2031 1326 ut
2066 1279 2263 1327 Homeri
2290 1279 2515 1340 quamvis
2546 1280 2793 1330 modicum
2822 1283 3067 1332 tumulum
3094 1298 3327 1335 veneren-

1779 1344 1877 1423 tur.
1905 1372 1971 1381 -—
2007 1355 2034 1397 2
2073 1350 2195 1397 κατὰ
2222 1351 2390 1411 στίχας
2419 1350 2537 1399 Cod.
2580 1354 2690 1407 Quo
2716 1351 2956 1413 pertinere
2994 1354 3187 1404 videtur
3217 1352 3331 1405 nota

1780 1427 1830 1462 ln
1859 1430 2008 1481 marg.
2050 1439 2061 1469 :
2088 1422 2208 1477 ζήτει
2230 1437 2241 1449 ·
2268 1422 2413 1469 λείπει
2437 1424 2467 1477 ἡ
2508 1422 2659 1469 ἔννοια
2682 1426 2765 1469 τοῦ
2796 1422 3153 1485 ἐπιγράμματος.
3184 1444 3207 1466 α
3244 1426 3325 1473 Νί-

1782 1487 1961 1538 clasius
1990 1490 2041 1539 in
2071 1492 2237 1541 Wollii
2274 1492 2520 1541 Analectis
2544 1496 2581 1541 t.
2626 1495 2689 1551 11,
2722 1505 2768 1554 p.
2810 1498 2869 1542 95
2888 1530 2900 1551 ,
2928 1495 3007 1543 vel
3036 1494 3087 1542 iu
3118 1496 3332 1545 Classico

1783 1559 1954 1621 Valpyi
1984 1562 2144 1611 Diario
2168 1566 2205 1611 t.
2242 1564 2347 1610 xlx
2365 1599 2377 1621 ,
2402 1575 2450 1624 p.
2496 1568 2599 1619 190,
2628 1562 2832 1625 conjecit
2860 1563 2976 1611 ἀλλὰ
3006 1565 3136 1612 κάτω
3159 1567 3328 1627 ψυχάς.

1780 1631 1876 1679 Sed
1899 1632 1969 1681 sic
1996 1632 2139 1681 velim
2164 1634 2243 1688 τὰς
2270 1634 2319 1681 δὲ
2342 1634 2471 1681 κάτω
2490 1634 2541 1693 ψ.
2566 1633 2739 1695 Recepi
2766 1634 2999 1683 Huschkii
3025 1638 3041 1696 (
3062 1635 3198 1684 Anal.
3220 1637 3326 1687 crit.

1779 1715 1833 1763 p.
1872 1703 1993 1763 208)
2028 1704 2369 1766 conjecturam.
2412 1723 2435 1745 υ
2468 1704 2531 1751 Β.
2562 1704 2719 1753 Etiam
2738 1706 2839 1753 Jac.
2864 1706 3042 1769 recepit
3060 1707 3108 1755 in
3130 1708 3331 1757 Delectu

1779 1784 1823 1833 p.
1847 1777 1925 1832 84,
1950 1786 2051 1835 prae
2072 1788 2160 1823 sua
2176 1776 2453 1837 conjectura
2468 1774 2811 1835 κατασπείσας,
2828 1788 2997 1825 verum
3016 1778 3121 1839 ipse
3138 1778 3327 1828 Husch-

1781 1842 1888 1891 kius
1917 1858 1928 1885 =
1955 1864 1976 1885 ιι
2015 1847 2251 1893 Neutrum
2284 1850 2445 1893 tamen
2480 1844 2599 1893 satis
2624 1844 2793 1907 placet.
2822 1865 2845 1887 n
2874 1848 3127 1896 Heckerus
3156 1869 3167 1896 :
3193 1870 3213 1889 ·‹
3234 1850 3328 1898 Sed

1779 1912 1846 1962 ita
1871 1927 2085 1976 praesens
2112 1914 2399 1977 requiritur3
2423 1914 2669 1977 leniorque
2694 1917 2907 1979 suppetit
2933 1920 3208 1969 emendatio
3238 1939 3325 1969 222-

1778 1986 2017 2040 ταστεὶξας
2046 1998 2059 2027 :
2086 1983 2187 2033 huc
2218 2000 2253 2035 a
2278 1988 2367 2033 via
2393 1984 2662 2048 deflectens
2690 1986 2857 2037 adora
2890 2002 2990 2037 me.
3022 2010 3045 2031 υ
3084 1992 3138 2039 ln
3174 1993 3329 2041 Nomii

1779 2142 1906 2187 χοντι
1948 2125 2009 2173 de
2036 2126 2211 2175 reditu
2240 2124 2425 2175 dictum
2455 2128 2557 2185 est,
2586 2126 2633 2174 in
2661 2129 2747 2175 Ev.
2777 2141 2823 2175 v.
2857 2134 2909 2176 51
2950 2131 3325 2185 καταοαίνοντος.

1778 2193 2135 2257 significaretur
2157 2198 2289 2243 certe
2315 2195 2395 2245 via
2422 2194 2618 2258 publica
2644 2196 2693 2246 in
2717 2197 2918 2247 editiore
2935 2237 2947 2258 ,
2980 2212 3129 2261 quam
3156 2204 3328 2250 tumu-

1777 2266 1882 2326 luS,
1909 2266 2016 2315 loeo
2043 2265 2246 2315 munita.
2278 2265 2497 2317 Piccolos
2534 2269 2655 2330 conj.
2690 2269 2789 2317 ἀλλ’
2810 2270 3029 2319 ἄκατον
3074 2274 3328 2332 στήσας,

1777 2340 1888 2389 coll.
1931 2342 2011 2397 lx,
2046 2352 2123 2403 ep.
2148 2344 2235 2389 427
2275 2342 2538 2401 ιΝαυτίλε,
2576 2342 2640 2403 μὴ
2676 2343 2851 2403 στήσῃς
2900 2344 3073 2405 δρόμον
3108 2348 3327 2406 ὁλκάδος,

1777 2408 1959 2459 oblitus
1983 2408 2159 2458 docere
2183 2410 2423 2471 ὁδοιπόρον
2448 2412 2500 2457 et
2526 2408 2588 2458 de
2635 2414 2782 2459 nauta
2819 2410 2930 2460 dici.
2967 2414 3325 2465 wordsworth.

1778 2480 1840 2529 ad
1885 2481 2087 2529 Tlieocr.
2128 2494 2176 2543 p.
2231 2485 2315 2531 192
2336 2518 2348 2541 ,
2379 2481 2494 2529 ἀλλὰ
2535 2484 2867 2542 καταστείλας,
2910 2482 3227 2535 intransitive.
3267 2513 3331 2524 --

1777 2556 1824 2599 3.
1850 2570 1872 2591 κ
1903 2550 2101 2599 Proetuli
2130 2550 2276 2600 editae
2305 2550 2499 2600 lectioni
2534 2552 2744 2611 Πιερίσιν
2768 2553 3025 2615 τιμώμενον
3064 2554 3327 2605 variantem

1775 2620 2088 2682 marginalem
2109 2618 2303 2669 Codicis
2328 2622 2381 2668 et
2406 2619 2666 2682 apographi
2694 2624 2805 2671 Par.
2837 2642 2848 2670 ι
2878 2640 2953 2685 γρ.
2972 2624 3227 2686 πιερίδεσσι
3254 2642 3325 2675 τε·

1774 2693 1993 2754 τιμμὲνον
2015 2690 2139 2751 (sic).
2170 2710 2192 2733 ν
2212 2692 2276 2739 Β.
2306 2691 2553 2739 Becker-us
2572 2704 2769 2755 quoque
2787 2694 3015 2756 praetulit.
3172 2694 3179 2701 ⁴

1839 2832 1928 2880 111.
1964 2832 2163 2879 Lemma
2198 2842 2210 2871 =
2242 2830 2305 2886 εἰς
2327 2830 2407 2878 τὸν
2434 2830 2589 2880 αὐτὸν.
2626 2832 2731 2880 Hoc
2756 2830 2995 2882 distichon
3022 2834 3217 2883 Homeri
3248 2848 3325 2885 se-

1774 2902 1943 2964 pulcro
1970 2902 2017 2950 in
2041 2900 2198 2950 insula
2226 2903 2279 2949 Io
2306 2900 2599 2964 insculptum
2628 2901 2777 2951 fuisse
2813 2906 2863 2952 et
2892 2907 3082 2952 veteres
3108 2905 3328 2956 serebant

1775 2975 1825 3020 et
1847 2972 2139 3020 recentiores
2155 3009 2167 3030 ‚
2190 2984 2314 3032 quos
2342 2970 2460 3020 citat
2476 2971 2665 3020 Jacobs.
2690 2973 2737 3020 in
2761 2972 2897 3022 Anal.
2919 2977 2957 3022 t.
2982 2976 3089 3023 xm
3111 3011 3125 3034 ,
3141 2989 3187 3037 p.
3220 2981 3325 3026 147.

1777 3062 1800 3082 c«
1827 3043 1950 3090 Hinc
1970 3041 2118 3090 sumti
2139 3053 2315 3090 versus
2342 3041 2391 3089 in
2420 3039 2593 3091 notitia
2610 3041 2944 3105 inscriptione,
2963 3057 3111 3105 quam
3144 3045 3254 3094 vide
3276 3047 3327 3096 in

1775 3111 2188 3162 Commentatione
2214 3125 2325 3160 mea
2352 3111 2658 3174 epigraphica
2686 3115 2798 3175 post
2828 3113 3061 3162 Holstenii
3088 3116 3327 3178 Epistolas

1772 3197 1820 3247 p.
1845 3187 1956 3242 428,
1986 3187 2036 3232 et
2078 3183 2129 3230 in
2157 3181 2372 3231 Classico
2410 3181 2576 3231 Diario
2609 3186 2644 3231 t.
2680 3185 2841 3240 xvn,
2878 3197 2928 3247 p.
2968 3189 3074 3234 372.
3104 3187 3243 3234 cons.
3276 3190 3329 3235 et

1773 3254 2023 3317 inscriptio
2061 3254 2109 3302 in
2142 3254 2431 3302 Gruteriana
2468 3254 2656 3316 Sylloge
2688 3269 2735 3317 p.
2769 3259 2905 3315 1089,
2932 3260 2979 3305 4.
3022 3277 3043 3298 υ
3090 3259 3152 3306 B.
3190 3259 3327 3309 Adde

1773 3326 2081 3376 Welclierum
2106 3325 2515 3374 commentatione
2534 3325 2595 3374 ad
2614 3337 2691 3388 ep.
2714 3333 2741 3375 2
2762 3324 2987 3377 indicata.

1835 3458 1918 3504 lv.
1946 3456 2149 3502 Lemma
2184 3473 2195 3501 :
2234 3455 2298 3507 si:
2340 3454 2419 3505 τὸν
2448 3453 2603 3501 αὐτόν.
2654 3455 2714 3502 Et
2750 3453 2926 3503 iterum
2969 3476 2980 3502 :
3017 3457 3081 3512 εἰς
3115 3457 3325 3518 Ὅμηρον

1771 3526 1984 3582 ποιητήν.
2023 3522 2248 3572 lmitatur
2273 3523 2580 3585 Antipatrum
2606 3523 2858 3573 Sidonium
2883 3539 2957 3587 ep.
2990 3531 3033 3574 2.
3064 3551 3125 3560 ——
3153 3533 3197 3576 5.
3222 3528 3317 3574 De-

1773 3597 1850 3646 lus
1877 3594 1992 3643 olim
2020 3605 2169 3655 vaga,
2202 3595 2257 3641 ut
2284 3593 2483 3653 Cyclas,
2514 3593 2611 3641 Ἴου
2641 3607 2795 3641 soror.
2842 3620 2898 3627 —
2939 3603 2968 3642 ῦ
3004 3594 3155 3642 ὠδίων
3179 3594 3319 3654 Cod.,

1772 3669 1901 3714 recte
1934 3665 2063 3713 Plan.

1833 3799 1892 3844 V.
1928 3799 2125 3843 Lemma
2157 3815 2166 3841 :
2198 3795 2260 3847 εἰς
2284 3793 2363 3840 τὸν
2390 3791 2546 3848 αὐτόν,
2577 3791 2777 3847 ἄδηλον,
2804 3793 2847 3838 οἱ
2870 3791 2919 3840 δέ
2944 3807 3084 3850 ςασιν
3107 3792 3320 3840 Ἀλκαίου

1773 3866 2099 3922 Μιτυληναίου.
2128 3885 2149 3905 u
2182 3866 2287 3912 lmo
2316 3862 2573 3911 Messenii.
2600 3864 2689 3921 Ap.
2724 3860 2855 3909 Plan.
2888 3859 2991 3908 sine
3022 3861 3212 3909 nomine
3238 3875 3321 3910 au-

1771 3937 1935 3987 ctoris.
1966 3934 2226 3985 Contendit
2246 3935 2389 3995 poeta
2407 3933 2669 3980 Homerum
2698 3943 2793 3978 non
2822 3929 2972 3979 fuisse
2990 3931 3317 3988 Salaminium,

1773 4007 1860 4056 sed
1884 4006 2077 4056 Chium.
2101 4007 2209 4066 lpse
2228 4005 2471 4051 Homerus
2490 4000 2721 4060 loquitur.
2754 4019 2776 4040 ι»
2802 4003 2914 4048 dae.
2940 4026 3003 4035 —
3036 4006 3053 4048 ι
3078 4002 3172 4050 ἀπὸ
3197 4001 3322 4064 ῤῥαι-

1771 4085 1935 4136 στῆρος
1956 4074 2099 4134 Cod.,
2119 4076 2176 4122 ut
2199 4069 2380 4120 vetusti
2397 4069 2506 4119 libri
2530 4069 2575 4117 in
2604 4069 2687 4117 tali
2708 4082 2775 4117 re.
2806 4089 2828 4110 κ
2852 4068 3013 4117 Suidze
3034 4108 3046 4128 ‚
3077 4069 3161 4132 qui
3184 4071 3317 4132 prius

1770 4147 2012 4198 distichon
2036 4143 2316 4206 exscripsit,
2343 4143 2534 4205 ῥαιστὴρ
2553 4145 2627 4190 est
2650 4145 2679 4197 ἠ
2709 4141 2873 4202 σφῦρα.
2896 4142 3191 4202 Interpretor
3215 4143 3319 4202 χού-

1773 4233 1900 4266 σειον
1926 4216 2020 4264 ἀπὸ
2050 4218 2293 4276 ῥαιστῆρος
2314 4210 2556 4272 adjectivo
2574 4208 2827 4258 notissimo
2850 4211 3149 4270 γρυσὴ).ατον.
3180 4211 3317 4258 Conl'.

1771 4301 1850 4350 ep.
1874 4289 1963 4344 vl,
1986 4289 2096 4340 342,
2131 4287 2175 4332 7.
2202 4304 2224 4326 »
2260 4285 2319 4330 B.
2350 4282 2429 4330 Sic
2453 4281 2599 4330 etiam
2626 4280 2827 4328 Becker.
2864 4281 2901 4334 l,
2938 4292 2986 4340 p.
3014 4285 3097 4328 261
3124 4293 3225 4340 seq.
3260 4305 3320 4316 —-

1771 4366 1798 4408 2
1820 4359 2037 4414 στήσοιτε
2064 4355 2194 4403 Plan.
2228 4373 2251 4395 ιι
2282 4357 2485 4402 Sensum
2517 4363 2627 4400 esse
2651 4352 2807 4412 puto:
2836 4350 2904 4396 Ne
2940 4347 2979 4396 si
3012 4360 3090 4396 me
3121 4346 3318 4408 quidem

1769 4441 1975 4478 aureum
2006 4423 2265 4488 posueritis
2284 4421 2564 4483 servidaque
2598 4433 2742 4468 manu
2773 4421 3015 4467 tenentem
3048 4417 3183 4464 Jovis
3219 4417 3315 4466 sul-

1769 4511 1908 4560 gura.
1946 4519 1969 4538 u
2006 4499 2067 4544 Β.
2104 4493 2403 4544 probabilius
2422 4489 2725 4554 interpretari
2750 4488 2944 4537 videtur
2961 4489 3067 4535 Jac.
3088 4486 3150 4536 de
3174 4488 3320 4536 rutilo

1769 4583 1908 4619 rerem
1933 4571 2109 4617 statum
2135 4563 2404 4627 splendore,
2420 4577 2515 4612 non
2538 4561 2740 4611 absimili
2760 4560 2897 4608 Jovis
2916 4557 3109 4620 fulguri.
3130 4559 3317 4606 Becke-

1770 4655 1856 4690 rus
1895 4639 2021 4700 eoiij.
2053 4638 2260 4698 φλογέαις
2302 4636 2398 4684 εὖδ
2416 4651 2501 4682 ιον
2533 4635 2658 4691 ‹iic-t„
2694 4629 3076 4693 splendentem,
3104 4631 3317 4692 φαεινόν,

1770 4711 2091 4770 λαμπόμενον,
2126 4707 2231 4755 coll.
2268 4709 2329 4764 V,
2356 4718 2433 4767 ep.
2470 4710 2548 4761 35,
2570 4710 2597 4752 2
2633 4723 2645 4749 :
2668 4705 2851 4762 γυμνῶν
2871 4701 3103 4760 &crepon-22
3126 4702 3313 4760 μελέων.

1770 4787 1842 4830 An
1863 4783 2006 4842 poeta
2034 4776 2188 4826 voluit
2216 4796 2228 4823 ι
2252 4779 2307 4824 in
2332 4780 2442 4836 ipso
2465 4775 2609 4822 Jovis
2636 4772 2845 4834 Μηρὶο,
2871 4768 3142 4830 fulguribus
3160 4787 3318 4832 κεραυ-

1769 4852 1941 4911 νοὺχου
1966 4850 2288 4896 coruscante?
2315 4871 2378 4884 -
2418 4850 2447 4894 3
2485 4845 2570 4892 οὐκ
2594 4843 2685 4905 εἶμ’
2705 4841 2868 4894 codd:
2895 4840 3176 4898 σαὶαμήνιος
3214 4839 3313 4888 Pal.

1771 4918 2120 4969 Pseudo-mut.
2154 4917 2268 4966 vita
2302 4919 2445 4965 Hom.
2482 4917 2557 4974 ll,
2583 4915 2664 4977 §2
2708 4934 2719 4962 τ
2749 4913 2835 4961 οὐκ
2863 4913 3079 4966 ὤκνησαν
3110 4911 3159 4958 δέ
3202 4927 3317 4966 τινες

1772 4991 2049 5049 Σαλαμίνιον
2093 4989 2233 5038 αὐτὸν
2275 4989 2423 5035 εἰπεῖν
2466 4985 2579 5034 ἀπὸ
2618 4985 2882 5046 Κύπρου.
2912 4981 3001 5030 Alii
3039 4977 3316 5041 simpliciter

1770 5061 1941 5110 dicunt
1968 5059 2338 5109 salaminiam.
2365 5083 2425 5092 -
2450 5059 2476 5104 4
2499 5055 2807 5116 Δμησαγόρου
2827 5050 3053 5106 ΒνιιῐιοΙι.,
3079 5061 3190 5110 quoe
3214 5052 3317 5096 erat

2992 5150 3043 5192 27
