3829 5747
409 141 520 200 152

395 269 580 318 labellis
609 281 740 318 zouoe
769 269 1074 332 impressum.
1105 271 1178 318 De
1213 283 1359 318 sensu
1405 267 1687 332 metaphora
1715 269 1943 333 ὀχετηγοῦ

396 338 619 388 dubitare
648 352 742 387 non
769 337 882 388 sinit
931 357 954 379 ι·
984 340 1044 387 Β.
1069 363 1130 374 -
1159 345 1185 387 5
1222 338 1427 401 αὐερὺων
1459 339 1602 398 Cod.,
1629 342 1687 387 ut
1717 337 1945 398 videtum

395 425 443 460 ν.
475 409 536 460 ad
563 422 640 472 ep.
673 413 781 468 248,
807 415 853 457 2.

453 553 778 600 chxxxvl.
832 575 893 586 —
945 555 964 599 1
1007 549 1271 610 κλεόράντις
1307 549 1468 600 Codex
1486 587 1499 608 ‚
1549 549 1704 600 altero
1741 552 1948 598 accentu

395 634 549 672 eraso.
575 640 596 662 ιι
620 619 925 669 Recentiores
943 631 1290 681 nonnunquam
1307 620 1432 668 male
1450 617 1780 668 confuderunt
1795 620 1949 680 φράζω

395 693 446 739 et
465 691 686 751 φράζομαι
701 728 714 748 ,
742 701 956 750 quorum
981 687 1103 738 illud
1122 691 1199 739 est
1227 687 1342 739 dico
1358 727 1377 750 ,
1397 689 1490 738 hoc
1517 689 1732 740 observo
1747 726 1762 751 ,
1781 693 1946 740 consi-

396 760 538 810 dero.
567 759 858 809 Theocritus
883 761 970 818 Vl,
1007 763 1059 808 13
1091 773 1102 801 ε

517 899 694 962 Φράζεο
714 901 778 959 μὴ
795 905 878 954 τοῖς
895 899 1059 954 παιδὸς
1081 899 1156 948 ἐπὶ
1181 899 1428 960 κνάμαισιν
1447 900 1638 964 ὀρούσῃ.

396 1019 468 1070 lbi
494 1017 777 1070 scholiastes
799 1034 958 1082 unus,
988 1020 1155 1070 σκόπει
1174 1058 1188 1078 .
1219 1020 1375 1077 bene;
1405 1021 1527 1072 alter
1552 1022 1678 1072 male
1695 1059 1708 1081 ,
1735 1023 1950 1082 φώνησον

392 1094 476 1148 τήν
515 1092 648 1140 κύνα.
691 1090 814 1140 ‘vide
858 1091 1008 1141 Staul.
1041 1089 1104 1156 ad
1131 1091 1297 1140 AEsch.
1332 1093 1473 1141 Eum.
1511 1098 1626 1149 13ος
1677 1091 1836 1142 Didot.
1886 1091 1949 1140 ad

392 1163 596 1212 'l'heocr.
629 1163 673 1211 u
695 1200 708 1221 ,
739 1167 816 1212 69.
855 1165 962 1210 Non
996 1161 1232 1212 minimus
1257 1164 1334 1212 est
1362 1175 1496 1212 error
1527 1161 1738 1212 hominis
1780 1163 1949 1226 cujus-
1988 1185 1997 1266 Ι

391 1232 504 1282 dam
521 1271 534 1291 ,
567 1233 652 1294 qui
680 1233 827 1282 verba
854 1232 1072 1292 oraculi,

515 1374 697 1435 Φράζεο
722 1374 798 1422 τὸν
823 1373 1008 1421 πάντων
1032 1373 1208 1422 ὕπατον
1228 1374 1328 1422 θεὸν
1357 1373 1498 1435 ἔμμεν
1529 1375 1642 1423 Ἰαὼ
1657 1411 1672 1432 ,

392 1507 540 1557 vertit
566 1507 636 1556 ita
661 1510 717 1556 ut
739 1507 903 1571 φράζεο
923 1507 970 1555 in
999 1508 1218 1557 activum
1245 1509 1422 1564 enatem
1439 1507 1586 1556 tacite
1605 1509 1792 1566 mutet,
1808 1508 1949 1570 quasi

391 1591 536 1640 {eque
565 1577 776 1627 dixerint
802 1578 958 1627 Graeci
985 1581 1164 1641 φραζὲω
1192 1581 1243 1626 et.
1272 1580 1441 1640 φράζω.
1467 1579 1648 1627 Saltem
1675 1580 1951 1643 Opsopums

394 1650 474 1700 liic
499 1653 548 1699 et
574 1650 624 1698 in
649 1650 974 1698 oraculorum
1001 1653 1303 1711 syntagmate
1323 1663 1370 1712 p.
1404 1655 1483 1708 91,
1511 1649 1774 1713 vulgariori
1801 1650 1950 1699 modo

391 1723 677 1781 let-caverat
697 1757 710 1776 ,
750 1719 954 1769 latinum
993 1719 1076 1767 dic
1106 1733 1264 1781 graeco
1309 1719 1470 1782 φράζεο
1515 1733 1778 1782 opponens.
1813 1741 1835 1762 ιν
1886 1724 1947 1770 Β.

393 1793 496 1839 sae.
527 1791 676 1840 vertit
705 1804 716 1831 2
749 1790 899 1848 audi,
917 1789 1201 1853 perpende.
1226 1817 1287 1824 --
1316 1798 1342 1838 2
1371 1792 1536 1850 λαῠρον
1563 1790 1694 1838 Plan.
1723 1817 1775 1826 -<
1799 1795 1828 1839 4
1856 1793 1950 1840 δια-

393 1864 557 1925 κρινέει
577 1861 806 1915 Erunt-lm
829 1862 1055 1922 ὀιακρίναι
1077 1859 1298 1910 Botbius.
1324 1859 1444 1908 Cod.
1467 1863 1789 1922 βαλλομένοις,
1811 1864 1945 1911 Plau.

391 1932 526 1995 quod
553 1932 730 1982 editur.
771 1959 834 1967 —
869 1939 894 1981 5
941 1932 1016 1989 εἴη
1049 1949 1130 1993 μοι.
1164 1934 1262 1994 με).
1305 1935 1436 1979 recte
1477 1935 1645 1980 tuetur
1683 1933 1945 1982 fleckeruS.

392 2002 601 2052 Grietius
625 2006 754 2066 ἐμοῖς
783 2003 884 2063 μελ.
921 2002 1134 2064 Respicit
1150 2000 1214 2050 ad
1242 2001 1469 2051 Mercurii
1495 2001 1640 2051 verba
1658 2041 1672 2061 ,
1699 2003 1761 2052 de
1789 2003 1945 2053 irreti-

392 2074 456 2123 tis
481 2087 508 2122 a
535 2073 755 2122 vulcano
776 2075 964 2121 Venere
989 2075 1038 2122 et
1073 2075 1258 2131 Marte,
1291 2071 1468 2134 odyss.
1505 2077 1564 2126 θ.
1601 2078 1694 2124 339
1721 2087 1841 2136 seqq
1888 2100 1949 2109 -

391 2152 419 2196 8
439 2147 717 2209 βουλομένης
742 2143 1018 2200 ΙῖθοΙιετυες
1053 2142 1332 2206 βουλόμενος
1355 2141 1474 2190 eod.
1511 2145 1562 2191 ct
1591 2143 1726 2194 Plan.
1756 2143 1944 2193 Edeba-

390 2219 473 2265 tur
499 2215 784 2277 βοσκόμενος
808 2212 871 2262 de
896 2212 1178 2273 conjectura
1204 2211 1416 2260 Jacobsii
1435 2251 1447 2270 ‚
1469 2213 1577 2262 coll.
1604 2226 1678 2276 ep.
1708 2218 1816 2272 272,
1847 2221 1874 2263 2
1899 2219 1951 2263 et

391 2286 589 2336 Achillis
611 2284 734 2334 Tatii
762 2284 866 2332 loco
890 2283 959 2332 ibi
979 2285 1124 2334 allato
1148 2283 1252 2344 (ubi
1281 2297 1330 2329 v.
1356 2285 1460 2331 Jac.
1483 2297 1530 2346 p.
1554 2291 1644 2334 602
1660 2287 1805 2347 seq.),
1833 2298 1948 2348 pro·

391 2353 618 2404 bentibus
645 2353 798 2402 Boiss.
827 2355 876 2401 ct
901 2353 1226 2415 Peerlkampio
1252 2353 1302 2401 in
1329 2352 1448 2402 Bibl.
1480 2355 1607 2403 crit.
1640 2356 1776 2404 Nova
1792 2358 1830 2404 t.
1858 2357 1945 2414 lv,

392 2438 425 2487 p
471 2432 549 2474 51.
582 2453 642 2464 -
671 2427 701 2474 9
729 2424 785 2479 δὴ
824 2421 947 2472 Cod.
992 2435 1022 2470 a
1069 2437 1136 2484 pr.
1177 2436 1267 2484 m.,
1315 2424 1388 2472 δεῖ
1440 2437 1470 2472 a
1505 2427 1792 2475 correctore.
1830 2428 1949 2475 Hoee

390 2507 587 2558 quoque
614 2493 886 2544 secundum
905 2491 1178 2554 homerica,
1199 2494 1232 2543 l.
1263 2509 1306 2544 c.
1329 2499 1414 2545 341
1445 2508 1552 2558 seq.

451 2645 802 2693 ccffixxvn.
841 2671 902 2680 —
934 2651 961 2692 2
998 2644 1219 2705 σπίραζον
1247 2644 1368 2695 cod.
1399 2659 1428 2694 a
1457 2659 1530 2709 pr.
1565 2659 1665 2706 in„
1694 2647 1733 2696 εί
1756 2660 1788 2696 a
1813 2659 1945 2704 ωας

389 2713 522 2777 quod
541 2727 598 2764 ex
617 2715 851 2776 ἐπείραζον
887 2717 1068 2762 ortum.
1099 2741 1162 2750 -ω
1187 2719 1236 2764 3.
1271 2716 1453 2777 supple
1483 2717 1615 2764 εἷπον
1631 2752 1646 2776 ,
1669 2715 1805 2779 quod
1827 2729 1947 2779 prae»

391 2783 610 2834 cedentia
645 2782 1009 2845 quodammodo
1047 2783 1275 2833 indicant.
1307 2787 1524 2848 Uterque
1563 2786 1670 2835 cod.
1697 2787 1802 2834 τίνα
1824 2805 1944 2848 που,

393 2855 490 2905 Pal.
518 2856 679 2918 κούρα.
702 2883 764 2891 --
788 2858 814 2905 4
836 2857 1022 2917 ἀρτίπος
1048 2869 1144 2905 om.
1165 2856 1319 2914 Plan,
1337 2857 1386 2905 in
1413 2857 1658 2907 nonnullis
1673 2856 1785 2907 edd.
1803 2860 1917 2909 λέξω
1933 2895 1946 2918 ,

389 2938 538 2987 marg.
570 2924 740 2973 wech.
764 2927 906 2980 λέξας.
929 2928 1132 2989 Ἀρτίπος
1151 2928 1522 2989 Agatliiasinl'ra
1541 2931 1624 2987 lx,
1647 2942 1729 2991 ep.
1767 2933 1875 2991 044,
1899 2938 1944 2987 5,

389 2994 452 3043 de
478 3008 596 3043 sano
626 2998 675 3044 et
715 2996 906 3044 valente
932 3010 1134 3058 corpore
1169 2998 1316 3057 dixit,
1349 2996 1430 3045 hle
1455 2999 1702 3063 accipiunt
1741 3002 1945 3063 intem-a

389 3068 436 3115 el
473 3068 815 3128 incorrupta,
855 3069 909 3114 ut
938 3071 1088 3129 ἀρτιος
1121 3081 1133 3110 =
1173 3068 1344 3129 quidni
1375 3068 1541 3129 nnna,
1597 3084 1691 3118 non
1740 3070 1910 3121 labens
1930 3106 1945 3131 ‚

389 3135 540 3187 Gallis
567 3148 690 3183 sans
707 3134 848 3197 saiw
871 3137 1006 3199 pas?
1026 3158 1048 3178 «ι
1081 3137 1253 3187 suidas

1283 3152 1295 3180 ἱ
1331 3146 1546 3200 μνῆστις·
1579 3143 1754 3203 μνήμη.
1785 3144 1947 3204 Atque
1986 3142 1993 3170 ¹

1511 136 2019 199 ANTHOLCGIAE
2078 137 2482 197 PALATINAE

2044 289 2067 312 σι
2084 273 2195 320 'Pro
2220 269 2405 319 πάντων
2446 272 2522 320 est
2558 271 2767 320 varietas
2807 269 3005 326 πάντως.
3034 268 3337 319 servandum
3374 269 3571 319 πάντων
3590 305 3611 328 ,

2040 339 2174 402 quod
2190 353 2285 390 non
2303 339 2558 389 habuerim
2575 352 2665 403 pro
2682 339 2868 390 πάντων
2890 342 3095 403 μᾶλλον,
3122 339 3208 390 sed
3240 353 3329 403 pro
3355 341 3453 390 ἀντὶ
3472 340 3607 388 πάν--

2039 428 2149 460 Των.
2184 431 2208 454 ‘⁸

2100 563 2467 612 cccxxxvm.
2498 589 2561 598 —
2592 565 2607 611 i
2643 561 2984 612 συνεστιάουσα
3006 562 3142 611 Plan.
3166 579 3189 602 ιι
3220 560 3345 610 Hinc
3370 561 3553 610 suidas
3590 574 3605 602 :

2038 633 2375 695 συνεψιάουσα·
2402 633 2749 696 συμπαίζουσα.
2778 636 2864 684 Est
2898 633 3017 696 ἀψὶα
3032 671 3046 692 ,
3073 636 3105 691 ἡ
3124 633 3199 682 διὰ
3222 631 3373 692 λόγων
3398 633 3571 682 παιδιὰ
3588 669 3607 692 ,

2038 705 2094 754 ἐκ
2132 708 2216 753 τοῦ
2246 704 2349 752 tm
2372 703 2473 768 ἕψω
2491 739 2505 762 ,
2545 705 2572 753 ὃ
2604 705 2737 761 δηλοῖ
2771 707 2827 754 τὸ
2861 706 2992 761 λέξω,
3030 703 3253 753 tradente
3279 703 3455 753 Lexico
3491 705 3607 766 περὶ

2037 791 2202 836 πνευμ.
2230 787 2280 837 p.
2302 780 2409 824 220.
2434 794 2457 817 υ
2482 777 2537 824 B.
2560 802 2621 811 —
2646 779 2675 824 3
2698 775 2743 823 τί
2768 775 2905 825 Plan.
2925 773 3118 823 Scilicet
3130 791 3175 822 τι
3190 779 3417 832 τοιοῦτον,
3438 773 3605 823 οἷον...

2040 869 2101 880 -
2122 847 2170 894 4.
2206 846 2308 893 Jac.
2346 846 2597 906 comparat
2621 843 2897 894 Philostrati
2932 847 3021 908 Ep.
3054 848 3115 894 38
3147 858 3159 886 ε
3189 844 3234 892 τί
3260 844 3311 892 δὲ
3340 845 3423 901 τὴν
3458 859 3607 904 κερα-

2038 915 2119 973 λήν
2139 915 2539 978 στεφανοῖς-πυρίς
2574 917 2677 976 ἐμοὶ
2705 916 2793 976 γὰρ
2818 917 2973 965 δοκεῖν
3011 921 3093 972 τῆς
3128 915 3356 977 Κολχίδος
3378 917 3405 962 ὁ
3432 915 3607 978 ὅρμος.

2038 985 2091 1033 ὃν
2112 991 2170 1048 τῇ
2198 987 2383 1043 Γλαύκη
2405 985 2599 1049 ἔπεμψε,
2618 985 2727 1049 ῥόδα
2751 985 2809 1046 ἦν
2830 985 3224 1050 πεφαρμαγμένα,
3248 987 3329 1034 καὶ
3356 986 3431 1034 διὰ
3456 990 3607 1034 τοῦτο

2043 1057 2213 1115 ἐκαύθη
2232 1057 2456 1106 λαὸοῦσα.

2104 1206 2422 1254 cmxxxix.
2454 1225 2477 1246 ιι
2504 1207 2577 1254 De
2594 1205 2759 1255 vetula
2785 1206 3111 1268 conqueritur,
3139 1205 3316 1268 puellae
3334 1217 3481 1267 quam
3508 1204 3603 1252 de-

2037 1275 2223 1337 peribat
2248 1275 2390 1324 nimis
2412 1275 2625 1338 diligenti
2650 1277 2992 1326 observatrice.
3029 1297 3052 1318 ιι
3080 1278 3195 1326 Iac.
3220 1301 3281 1312 —
3305 1282 3345 1325 1.
3378 1295 3403 1316 c«
3436 1277 3611 1339 Τρικο-

2038 1361 2199 1406 ρωνος,
2218 1347 2344 1394 cons.
2366 1348 2446 1403 XI,
2475 1360 2550 1409 ep.
2582 1351 2662 1402 67.
2690 1355 2767 1407 69.
2785 1352 2895 1404 361,
2921 1351 3031 1398 388.
3062 1346 3265 1396 Fundus
3284 1346 3611 1409 proverbialis

2039 1414 2301 1464 locutionis
2326 1419 2402 1465 est
2420 1416 2663 1466 Hesiodus
2692 1417 2863 1481 fragm.
2886 1423 2947 1468 50
2968 1431 2982 1460 t

2161 1547 2321 1596 Ἐννέα
2342 1564 2413 1596 τοι
2440 1549 2545 1604 ζώει
2574 1549 2732 1610 γενεὰς
2748 1550 2971 1612 λακέρυζα
2987 1549 3171 1612 κορώνη

2161 1619 2335 1681 ἀνδρῶν
2358 1620 2597 1676 ἡὸώντων·
2625 1619 2790 1682 ἔλαφος
2816 1621 2867 1669 δέ
2890 1637 2942 1669 τε
2958 1621 3315 1683 τετρακόρωνος.

2039 1741 2243 1792 Babrius
2270 1743 2386 1792 Fal).
2402 1747 2482 1802 46,
2503 1743 2565 1794 de
2584 1757 2729 1793 cervo
2756 1743 2921 1793 vetulo
2952 1763 2963 1791 :
2995 1744 3137 1804 μήπω
3164 1743 3372 1804 κορώνην
3390 1741 3611 1803 δευτέρην

2038 1813 2320 1870 ἀναπλήσας·
2351 1813 2435 1862 ubi
2452 1827 2562 1863 mea
2589 1813 2771 1863 notula.
2792 1816 3003 1862 Joannes
3018 1810 3191 1876 Chrys.
3216 1812 3375 1874 Eclog.
3396 1825 3441 1874 p.
3460 1816 3559 1860 429
3592 1831 3605 1861 z

2036 1885 2277 1946 κορώνη...
2297 1885 2488 1934 πλείονα
2518 1887 2681 1949 χρόνον
2708 1887 2933 1934 ἀπολαύει
2968 1891 3049 1942 τῆς
3073 1885 3312 1947 παρούσης
3348 1890 3482 1940 ζωῆς·
3516 1883 3609 1932 ubi

2035 1968 2083 2002 v.
2108 1953 2341 2005 Matthaei.
2371 1956 2565 2006 Nicetes
2585 1955 2739 2004 Chon.
2760 1957 2899 2020 prael'.
2920 1970 2967 2020 p.
3000 1963 3046 2015 2,
3076 1957 3115 2004 G
3148 1977 3159 2004 :
3189 1959 3233 2004 οἱ
3255 1957 3483 2009 πολυετεῖς
3508 1960 3611 2002 τῶν

2036 2024 2289 2085 ἀνθρώπων
2308 2028 2384 2074 καί
2414 2028 2619 2076 Τιθωνοῦ
2650 2029 2915 2090 παλαίτεροι
2942 2028 3022 2074 καὶ
3050 2027 3332 2091 τρικόρωνοι·
3360 2025 3441 2075 ubi
3480 2027 3606 2074 Hie-

2038 2107 2141 2142 ron.
2172 2096 2382 2145 Wollius
2424 2110 2435 2138 =
2480 2097 2673 2148 Notum
2711 2100 2783 2146 est
2830 2095 2969 2162 quod
3016 2099 3259 2159 Virqllins
3290 2111 3357 2146 ez·
3387 2097 3611 2146 HesIode?

2038 2167 2332 2216 anctoritate
2370 2167 2437 2217 de
2465 2172 2685 2219 carrucis
2725 2182 2834 2218 acm
2881 2167 3157 2234 fabuletur
3198 2166 3280 2217 his
3321 2167 3554 2217 wrse‘bus
3593 2181 3608 2208 t

2106 2300 2112 2308 ‘
2140 2299 2225 2340 Ter
2244 2299 2375 2342 binos
2396 2300 2633 2355 deciesque
2653 2311 2816 2344 novem
2838 2312 2974 2351 super
2992 2301 3083 2343 exit
3106 2300 3154 2344 ln
3174 2310 3333 2349 annue.

2144 2361 2269 2403 Justa
2294 2367 2606 2405 senescentum
2626 2373 2738 2416 quos
2756 2361 2915 2416 implet
2934 2363 3026 2404 vita
3048 2363 3247 2404 virorum
3265 2378 3278 2412 ς

2158 2423 2249 2464 llos
2270 2423 2421 2466 novies
2439 2428 2620 2478 superat
2641 2423 2835 2466 vivendo
2853 2423 3031 2477 garrula
3050 2421 3225 2466 cornix.

2036 2539 2214 2601 begere
2236 2533 2347 2596 quis
2367 2532 2534 2583 credat
2560 2534 2841 2582 concinnam
2865 2535 3143 2594 tersamque
3173 2531 3358 2594 Virgilii
3388 2531 3613 2580 latinita-

2034 2611 2135 2657 tem
2150 2612 2171 2655 ἓ
2196 2607 2361 2654 Bonus
2376 2604 2586 2653 Wolfius
2612 2602 2746 2652 aliud
2768 2602 2957 2667 agebat,
2983 2605 3033 2650 et
3054 2616 3273 2665 nuperus
3288 2601 3467 2650 Nicelae
3495 2601 3613 2649 edi-

2036 2679 2133 2736 tor,
2153 2675 2300 2724 bomo
2326 2673 2603 2736 primarius,
2632 2673 2719 2722 sed
2744 2676 3181 2722 commentatorum
3201 2672 3367 2735 paullo
3388 2671 3613 2721 fastidio-

2038 2748 2155 2801 sior,
2183 2745 2301 2795 talia
2339 2757 2508 2793 curare
2538 2758 2633 2793 non
2660 2745 2797 2793 solet.
2830 2746 3013 2793 Versus
3040 2747 3161 2793 sunt
3194 2741 3395 2792 Ausonii.
3430 2743 3613 2803 lniyllin

2034 2815 2241 2866 decimo.
2297 2813 2554 2864 Lucretius
2590 2817 2648 2877 V,
2700 2819 2815 2863 1083
2850 2833 2862 2861 ι
2908 2816 3177 2862 cornicum
3201 2813 3341 2863 secla
3376 2815 3607 2862 vetusta.

2035 2888 2284 2936 Constant.
2314 2888 2562 2935 Manasses
2574 2884 2637 2933 de
2664 2884 2896 2933 Micliaele
2924 2884 3198 2935 Stratiotico
3223 2888 3343 2934 0333
3378 2906 3391 2933 ι
3414 2887 3463 2940 ’ὸς
3480 2886 3613 2932 κατὰ

2036 2960 2118 3019 μὲν
2144 2961 2223 3007 τὸν
2244 2956 2408 3020 χρόνον

2156 3080 2440 3143 ἀμετροδίοις
2466 3082 2587 3143 ἤριζε
2612 3082 2836 3143 κορώναις
2863 3060 3183 3143 μακρογὴρῷς.

391 3205 510 3256 citat
534 3204 818 3267 Sophoclem
847 3208 920 3267 Aj.
961 3212 1050 3257 515
1082 3222 1094 3250 ε
1129 3208 1244 3257 Ἀλλ’
1275 3209 1382 3271 ῑσχε
1413 3210 1568 3272 κάμοῦ
1612 3218 1830 3272 μνῆστιν·
1863 3212 1948 3261 ubi
1986 3186 1993 3253 Ι
2034 3204 2199 3253 Malim
2241 3204 2560 3265 μακρογήρως.
2604 3203 2793 3252 Etenim
2834 3202 3059 3265 displicet
3101 3202 3283 3266 duplex
3326 3202 3611 3265 epithetum

389 3276 628 3339 glossat-,r
651 3288 800 3339 quem
840 3276 939 3325 vidi
987 3298 998 3325 :
1033 3280 1278 3341 φροντίδα,
1309 3282 1514 3341 μνήμην.
1552 3308 1613 3317 -
1653 3289 1698 3331 5.
1743 3282 1944 3343 suidas,

391 3345 488 3393 liuc
519 3346 644 3395 sorte
671 3346 936 3407 respiciens
967 3360 977 3389 2
1007 3350 1167 3405 ἢλατο·
1197 3351 1444 3408 ἐπήδησεν.
1479 3372 1504 3393 »
1533 3354 1594 3400 B.
1626 3379 1688 3387 --
1714 3361 1760 3402 e.
1793 3373 1816 3395 «ι
1853 3354 1942 3403 Βό-

391 3434 496 3475 τρυν
523 3417 670 3475 κόμης
686 3453 698 3474 ,
727 3417 974 3469 cincinnos
1001 3418 1259 3467 artificiose
1282 3419 1576 3482 compositos
1600 3423 1650 3470 et
1681 3434 1792 3471 uvae
1817 3434 1943 3484 quo-

390 3485 650 3535 dammodo
672 3486 880 3549 speciem
897 3489 1160 3537 reserentes
1179 3506 1192 3549 3
1211 3490 1337 3539 cons.
1360 3490 1608 3539 Christod.
1627 3492 1803 3554 Ecplir.
1819 3498 1895 3541 91.
1921 3514 1941 3535 ιε

390 3560 502 3608 mc.
539 3558 737 3619 Legitur
761 3557 826 3609 ibi
853 3558 902 3609 in
929 3558 1251 3620 descriptione
1288 3562 1467 3609 statum
1499 3560 1700 3623 Chrysis
1728 3564 1947 3613 sacerdo-

389 3628 454 3676 tis
475 3649 486 3675 z
515 3634 684 3685 ταναῆς
703 3630 928 3684 anieno:
957 3629 1144 3691 ἐσύρετο
1165 3632 1326 3692 βότρυς
1341 3632 1529 3693 ἐθείρης.
1557 3635 1630 3681 Ex
1649 3638 1814 3683 nostro
1837 3635 1946 3683 loco

391 3713 604 3763 propono
641 3702 904 3755 εὐπλεκτος.
928 3703 991 3750 Β.
1019 3728 1083 3737 —-
1119 3705 1144 3750 7
1177 3704 1410 3751 ἱκέτευσεν
1438 3704 1669 3763 Brundi„
1712 3704 1816 3754 sine
1843 3706 1944 3755 ulla

389 3770 694 3819 necessitate.
733 3774 812 3826 Τις
832 3774 921 3832 ὡς,
942 3774 999 3819 ut
1028 3784 1106 3835 ep.
1134 3777 1244 3831 285,
1279 3777 1324 3823 3.
1353 3798 1416 3809 —
1439 3778 1468 3821 8
1494 3773 1634 3833 μόνον
1661 3774 1781 3824 Cod.
1819 3779 1836 3834 (
1857 3781 1943 3837 qui

388 3858 580 3888 σννκατ.
603 3854 632 3889 a
662 3854 732 3903 pr.
764 3854 832 3888 m.
857 3845 902 3899 );
932 3842 1080 3901 μένειν
1111 3842 1264 3901 Plan„
1300 3842 1433 3905 quod
1467 3844 1758 3905 praeferebat
1789 3847 1942 3895 Peerl-

391 3910 548 3972 kamp.
569 3913 705 3960 Nova
724 3910 844 3960 Bibl.
873 3910 978 3960 crit.
1002 3913 1086 3971 lv,
1107 3925 1157 3975 p.
1185 3920 1258 3963 52.
1303 3932 1328 3955 κ
1356 3913 1614 3965 Jacobsius
1640 3915 1942 3977 jungendum

387 3996 494 4031 esse
519 3984 684 4031 monet
723 3983 860 4041 μόνον
896 3997 1009 4032 cum
1040 3985 1364 4047 θρυπτομέκῳ.
1395 3988 1550 4049 quasi
1582 3989 1780 4037 invitus
1805 3988 1940 4038 cede-⁴

387 4066 516 4101 rem.
547 4052 784 4115 Equidem
803 4054 941 4114 μόνον
955 4054 1104 4118 Jungo
1119 4055 1314 4104 omnino
1329 4070 1443 4105 cum
1464 4059 1722 4107 κατένευσα
1738 4094 1752 4117 ,
1771 4066 1942 4109 annm
1983 4066 1988 4102 ¹

389 4126 593 4172 lantum
611 4160 627 4181 ‚
655 4122 720 4175 nil
739 4124 949 4186 amplius
967 4162 980 4183 ,
1001 4138 1095 4177 nou
1115 4125 1371 4175 verbulum
1389 4124 1573 4176 addens
1603 4130 1653 4177 et
1683 4128 1839 4179 oculis
1861 4128 1943 4177 vix
1983 4129 1989 4158 ¹

386 4191 828 4251 consentientibus»,
851 4206 908 4242 ac
938 4194 1177 4243 fastidiosi
1200 4195 1320 4257 quid
1345 4194 1748 4259 significantibus.
1785 4199 1939 4247 Hero-

387 4260 561 4311 dianus
583 4262 740 4324 Epim.
771 4276 823 4324 p.
845 4268 900 4313 ot
943 4284 955 4312 :
981 4265 1242 4327 θρύπτομαι
1268 4268 1322 4315 τὸ
1352 4266 1616 4328 ἀκκίζομαι·
1639 4266 1702 4316 ihi
1737 4268 1944 4331 plurima

386 4332 606 4395 apposui.
629 4336 723 4383 Leo
739 4334 985 4385 Diaconos
1017 4337 1138 4389 nist.
1171 4340 1236 4396 ll,
1257 4346 1286 4387 c·
1315 4359 1326 4385 :
1357 4340 1546 4397 γύναιον
1581 4341 1841 4403 ἑταιρικὸν,
1863 4345 1945 4392 ἀκ-

385 4403 622 4465 κιζόμενόν
635 4420 686 4451 τε
709 4406 786 4453 καὶ
812 4406 1135 4469 θρυπτόμενον.
1159 4408 1346 4457 Glossm
1361 4408 1593 4460 Mediceae
1608 4424 1682 4473 ap.
1703 4412 1943 4464 Pricaeum
1983 4400 1989 4479 Ι

389 4472 436 4520 in
469 4472 620 4536 Epist.
655 4475 868 4525 Pauliad
902 4478 1027 4526 Tim.
1059 4479 1104 4538 Ι,
1126 4493 1153 4528 c
1193 4486 1241 4534 5.
1269 4484 1354 4537 ιι,
1376 4480 1579 4529 verbum
1600 4486 1937 4547 zaraa-‘cpuveo‘z-

387 4560 509 4591 σωσι
535 4542 746 4595 reddunt
774 4549 1052 4611 synonymis
1079 4552 1494 4599 καταὸλακευθῶσι
1513 4590 1527 4608 ,
1561 4556 1943 4616 καταθρυφθῶσι,

387 4626 481 4661 non
510 4618 864 4677 κατατρυρθῶσι
882 4618 1016 4680 quod
1035 4618 1182 4669 habet
1209 4620 1456 4670 Albertius
1483 4622 1642 4671 Closs,
1663 4636 1711 4686 p.
1743 4629 1848 4675 217.
1881 4652 1943 4661 --

388 4692 416 4728 ι)
435 4684 634 4731 ὰνῡσσαι
655 4684 775 4733 eod.
801 4686 963 4735 Schcl.
999 4687 1170 4737 Wech.
1216 4710 1227 4737 :
1257 4690 1370 4751 ὅπερ
1396 4692 1490 4749 ἐγὼ
1529 4694 1723 4742 ἐπόθουν
1746 4694 1912 4745 ἁνύσαι
1928 4734 1940 4755 ,

385 4754 528 4810 ἤγουν
544 4754 595 4801 τὸ
611 4756 759 4814 μένειν
779 4758 860 4805 καὶ
883 4758 1155 4821 ἀντερᾶσθαι
1175 4796 1190 4818 ,
1211 4760 1378 4808 τούτου
1397 4766 1476 4816 τῆς
1500 4762 1638 4823 κόρης
1655 4767 1940 4826 παρακαλοῦ·

385 4839 470 4881 σης
498 4823 738 4887 ἐπέτυχον.
772 4846 795 4868 ι»
826 4828 887 4876 B.
910 4855 968 4863 —
999 4832 1050 4877 lo
1068 4830 1257 4879 πάντων
1282 4830 1424 4889 Cod.,
1451 4834 1755 4895 superposito
1782 4854 1841 4893 σ,
1887 4840 1943 4887 ut

387 4898 516 4949 esset
538 4896 739 4957 πάντως,
761 4896 894 4959 quod
919 4901 1024 4947 Jac.
1049 4898 1094 4947 in
1113 4900 1240 4949 notis
1259 4914 1375 4949 mss.
1405 4904 1455 4949 et
1483 4903 1635 4953 Boiss.
1669 4906 1807 4956 unice
1829 4922 1937 4971 pro-

387 4966 527 5026 bant;
562 4966 749 5021 πάντων
776 4966 912 5021 Plan.
935 4969 1183 5023 Posterius
1215 4972 1377 5019 tamen
1405 4971 1510 5021 lia-c
1528 4974 1768 5026 scribebat
1787 4978 1939 5028 Roiss.

2034 3272 2308 3322 cornicibus
2334 3273 2507 3323 datum
2525 3311 2539 3333 ‚
2566 3275 2837 3336 praesertim
2870 3288 3027 3336 quum
3056 3273 3299 3337 posterius
3338 3276 3402 3325 sit
3427 3274 3615 3324 inutile

2034 3357 2235 3407 prorsus
2258 3347 2308 3393 et
2328 3344 2490 3406 priore
2521 3358 2716 3407 quoque
2743 3344 2967 3395 debilius.
3002 3344 3208 3395 Michael
3242 3346 3336 3396 suit
3368 3348 3615 3408 μακρογή·

2034 3432 2140 3476 ρως,
2165 3418 2292 3463 teste
2315 3414 2533 3464 cedreno
2566 3416 2689 3465 Hist.
2724 3429 2771 3479 p.
2818 3420 2928 3476 792,
2962 3417 3189 3478 quicum
3214 3416 3369 3465 fuisse
3393 3415 3517 3465 dicit
3543 3430 3617 3464 co

2034 3488 2255 3546 tempore
2273 3498 2373 3546 quo
2398 3485 2663 3548 imperator
2690 3490 2767 3536 est
2792 3486 3086 3546 declaratus,
3106 3489 3389 3549 παρηὸηκὼς
3414 3505 3497 3535 και
3518 3496 3615 3543 τῆς

2032 3556 2340 3619 πρεσὸυτικῆς
2362 3556 2592 3617 ἁψάμενος
2612 3558 2791 3614 ἡλικίας
2807 3594 2820 3615 ,
2844 3558 2971 3619 ιᾗτινι
2992 3559 3233 3620 συμφέρειν
3251 3560 3334 3615 τὴν
3361 3560 3617 3618 ἀπραγμ-

2033 3627 2173 3683 σύνην
2194 3626 2453 3690 Ἀρχίλοχος
2472 3629 2498 3674 ὀ
2513 3630 2705 3686 ποιητὴς
2727 3630 3010 3689 ἀπεφήνατο.
3040 3628 3138 3685 Qui
3158 3629 3296 3678 locus
3324 3627 3615 3679 Archilochi

2032 3694 2265 3759 ell'ugisse
2294 3694 2486 3746 videtur
2512 3698 2707 3747 Liebelii
2730 3698 3043 3761 diligentiam.
3064 3698 3113 3747 in
3134 3696 3481 3761 prima‘saltcm
3502 3712 3618 3760 qua

2033 3770 2144 3815 utor
2170 3764 2394 3816 editione.
2430 3788 2453 3809 υ
2474 3770 2531 3815 B.
2563 3769 2731 3829 Neque
2748 3772 2981 3817 memorat
3012 3768 3257 3831 Bergkius.
3276 3794 3336 3804 —
3360 3775 3389 3816 e
3404 3768 3609 3831 ἀθρήσει

2032 3850 2141 3886 eum
2167 3837 2497 3898 superscripto
2521 3855 2569 3893 ηι
2596 3837 2781 3887 Codex.
2826 3858 2849 3881 e«
2880 3839 3207 3900 Ῥεμὸομὲνην,
3232 3838 3617 3901 circumvagan-

2030 3910 2148 3965 tem,
2175 3906 2661 3969 circumspicientem.
2694 3908 2945 3959 Plutarch.
2981 3911 3103 3957 Mor.
3132 3921 3180 3971 p.
3213 3914 3321 3965 521,
3352 3911 3421 3957 C:
3449 3911 3522 3957 δεῖ
3553 3912 3615 3959 δὲ

2033 3980 2096 4039 μή
2112 3980 2315 4026 καθαπερ
2328 3978 2600 4041 θεράπαιναν
2619 3980 2863 4041 ἀνάγωγον
2890 3980 2977 4035 ἔξω
2994 3980 3241 4043 ῥὲμὸεσθαι
3266 3996 3347 4037 την
3360 3980 3613 4037 αῐσθησιν.

2032 4050 2093 4097 Et
2122 4049 2349 4110 ρεμΰῶδες
2368 4049 2499 4112 ὄμμα
2516 4048 2651 4099 idem
2680 4062 2733 4112 p.
2768 4055 2849 4111 45,
2870 4054 2929 4099 D.
2957 4071 2980 4093 ι»
3005 4053 3120 4099 Joc.
3148 4076 3211 4087 ——
3228 4056 3256 4101 8
3274 4052 3443 4109 πλὴοει
3472 4052 3605 4103 cod.

2032 4132 2061 4167 a
2085 4131 2157 4180 pr.
2188 4132 2251 4167 m.
2276 4146 2333 4155 —
2358 4126 2388 4169 9
2424 4120 2594 4168 ἅδωνιν
2613 4120 2758 4178 Cod.,
2779 4122 2907 4171 cons.
2930 4134 3006 4184 ep.
3034 4126 3113 4181 53,
3138 4125 3189 4171 ί.
3214 4140 3238 4163 α
3260 4121 3613 4183 Proserpinam

2030 4202 2195 4237 amore
2219 4189 2462 4239 incensam
2490 4190 2755 4241 Adonidem
2785 4192 2962 4240 Veneri
2988 4191 3225 4255 eripuisse
3249 4192 3413 4255 plures
3440 4192 3611 4241 tradi-

2030 4256 2233 4315 derunt;
2265 4272 2309 4306 v,
2346 4257 2499 4308 schol.
2528 4259 2731 4311 Theocr.
2761 4262 2865 4320 XV,
2898 4268 2987 4317 803
3026 4262 3177 4311 Clem.
3224 4262 3363 4311 Alex.
3393 4260 3613 4311 Cohort.

2030 4340 2077 4391 p.
2113 4334 2189 4378 29.
2226 4350 2245 4369 υ
2275 4331 2387 4377 Jac.
2417 4329 2621 4391 Ἐφίλαο.
2667 4350 2689 4372 ιι
2734 4330 2915 4380 Eadem
2950 4332 3225 4393 quantitate
3267 4330 3615 4381 Callimachus

2034 4398 2149 4447 vall.
2183 4404 2239 4447 58
2263 4421 2273 4446 ·.
2295 4400 2442 4448 πουλύ
2460 4416 2503 4447 τι
2522 4402 2601 4447 καὶ
2632 4402 2734 4461 πέρι
2754 4403 2812 4460 δὴ
2839 4402 3002 4463 φίλατο
3026 4408 3112 4451 τᾶν
3140 4404 3319 4463 ἑταρᾶν.
3344 4401 3485 4452 cons.
3510 4416 3560 4450 ιι(
3586 4429 3617 4439 -

2030 4468 2184 4516 tulam
2209 4468 2270 4517 ad
2298 4469 2453 4518 Rubrii
2478 4470 2591 4519 Fal».
2622 4472 2773 4531 GVH,
2811 4477 2882 4521 10.
2916 4492 2939 4515 ιι
2968 4474 3027 4521 Β.
3064 4472 3161 4529 Qui
3196 4484 3341 4521 versu
3368 4476 3419 4519 11
3446 4482 3617 4534 pone.-

2031 4536 2115 4589 bal.
2140 4543 2218 4597 τῆς
2237 4556 2289 4598 γε
2308 4544 2505 4602 γεραιῆς.

2092 4690 2268 4737 CCXC.
2317 4710 2377 4722 —
2419 4698 2462 4739 2.
2526 4694 2673 4741 Poma
2717 4692 2896 4741 amoris
2935 4692 3210 4753 symbolum
3262 4692 3609 4755 putabantur-3

2029 4771 2077 4807 v.
2110 4772 2187 4822 ep.
2216 4764 2293 4821 79,
2329 4768 2407 4821 80,
2438 4762 2498 4812 al.
2530 4789 2593 4797 —
2620 4766 2647 4811 4
2676 4764 2968 4827 ἐρευῡομέ.η;
2996 4762 3115 4812 cod.
3150 4776 3179 4812 a
3204 4776 3276 4827 pr.
3314 4778 3378 4811 m.

2094 4911 2296 4960 ccxci.
2327 4913 2523 4965 Lemma
2554 4934 2565 4961 :
2596 4919 2677 4962 τοῦ
2706 4915 2848 4963 αὐτοῦ
2875 4916 2938 4969 εἰς
2968 4916 3022 4963 τὸ
3038 4913 3168 4963 αὐτό.
3194 4940 3252 4949 -—
3284 4918 3299 4963 l
3330 4914 3461 4964 εἶπον
3492 4916 3605 4976 ἐμοὶ

2034 4980 2176 5042 Cod.,
2206 4984 2517 5051 superposito
2552 4986 2634 5048 μὲν
2670 4984 2869 5047 syllabae
2907 5004 3010 5046 πον,
3040 4986 3097 5035 ut
3131 4986 3262 5034 esset
3294 4987 3333 5034 el
3360 4987 3442 5047 μὲν
3470 4987 3599 5046 ἐμοὶ,
