3829 5747
436 198 554 255 404

437 326 489 403 β.
533 316 700 391 Οὗτος
725 325 974 394 Ἰωάννης
992 371 1006 397 ,
1035 324 1271 405 Κύπριος
1293 322 1468 400 γε’νος,
1502 322 1606 388 υἱὸς
1633 322 1824 401 ἐτύχθη

511 414 737 490 εὔγενέος
767 414 1062 492 Στεφάνου·
1089 402 1153 481 ἧν
1185 410 1240 470 δὲ
1267 408 1450 487 νομεὺς
1478 409 1704 488 Φαρίης.

351 541 376 577 5
438 500 687 577 Κτήμασι
707 499 803 575 μὲν
827 497 1116 565 πολύολὸος
1149 495 1284 556 ὅλων
1308 498 1464 557 πλέον
1489 488 1561 555 ὧν
1577 498 1730 577 τρέφε
1755 496 1985 575 Κύπρος,

511 592 570 647 ἐκ
597 587 818 666 πατέρος
844 585 1083 665 πατέρων
1099 630 1116 656 ,
1151 584 1206 653 ἐξ
1233 584 1389 643 ὁσίων
1413 607 1471 643 τε
1500 584 1698 643 πόνων·

432 677 558 753 ἔργα
588 676 642 735 δὲ
671 674 891 735 θέσκελα
921 674 1094 733 πάντα
1121 673 1290 749 λέγειν
1309 717 1326 745 ,
1359 672 1493 752 ἅπερ
1522 675 1574 731 ἐν
1603 672 1750 751 χθονὶ
1779 670 1983 742 τεῦξεν,

510 764 618 820 οὐδ’
646 764 774 838 ἐμοῦ
798 764 909 819 ἐστι
933 762 1079 838 νόου,
1107 763 1215 820 οὐδ’
1243 760 1431 839 ἑτέρων
1460 766 1733 836 στομάτων
1750 782 1764 796 ·

431 854 604 909 πάντα
633 848 738 930 γὰρ
762 850 926 929 ἄνδρα
949 853 1185 928 παρῆλθε
1213 847 1568 931 φαεινοτάταις
1592 850 1808 926 ἀρετῇσι

331 974 381 1013 10
511 937 731 1006 δόξαντα
761 936 995 1017 κρατέειν
1015 945 1128 1003 ταῖς
1157 942 1363 1017 ἀρεταῖς
1383 936 1591 1015 ἑτέρων.

431 1029 542 1085 Τοῦ
565 1027 656 1083 καὶ
685 1026 882 1084 κάλλεα
903 1026 1076 1084 πάντα
1093 1071 1110 1097 ,
1137 1026 1302 1104 τάπερ
1326 1024 1504 1089 πτόλις
1535 1024 1756 1103 ἔλλαχεν
1785 1023 1945 1097 αὕτη,

513 1112 613 1171 εἶσὶ
642 1112 1019 1193 φιλοφροσύνης
1051 1112 1243 1190 κόσμος
1268 1111 1587 1192 άρειοτάτης.

923 1270 1050 1320 680.
1091 1272 1208 1317 ΤΟΥ
1244 1272 1458 1319 ΑΥΤΟΥ.

433 1394 616 1473 Ἀρχὸς
642 1393 890 1466 Ἰωάννης
909 1396 1121 1475 Φαρίης
1148 1400 1343 1473 ἀρετῶν
1365 1396 1552 1475 ἱερήων

431 1484 610 1541 ἐνθάδε
638 1490 724 1543 νῦν
756 1483 890 1558 μετὰ
918 1483 1088 1560 τέρμα
1112 1483 1236 1564 φίλῃ
1263 1482 1409 1561 παρὰ
1431 1484 1643 1563 πατρίδι
1668 1489 1838 1543 κεῖται
1857 1507 1869 1517 ·

431 1570 614 1643 θνητὸν
645 1570 743 1649 γὰρ
769 1570 902 1649 λάχε
931 1574 1086 1648 σῶμα
1104 1615 1121 1641 ,
1143 1574 1231 1630 καὶ
1254 1575 1300 1630 εἰ
1331 1571 1439 1650 βίον
1463 1572 1672 1653 ἄφθιτον
1697 1574 1826 1644 ἕξει,

433 1656 716 1725 ἀθανάτους
739 1656 946 1737 πρήξεις
963 1681 1019 1716 τε
1047 1658 1184 1717 κατὰ
1213 1658 1372 1737 χθόνα
1404 1657 1539 1736 ῥέξεν
1564 1659 1824 1739 ἀπείρους.

633 1807 765 1856 681.
810 1796 1166 1856 ΠΛΛΔΑΔΑ
1208 1798 1785 1861 ΑΛΕΞΑΝΔΡΕΩΣ.

432 1936 547 1995 Οὐκ
574 1935 923 2012 ἀπεδήμησας
944 1940 1103 2013 τιμῆς
1119 1935 1273 2017 χάριν
1288 1982 1304 2009 ,
1337 1937 1474 1997 ἀλλὰ
1499 1941 1740 2011 τελευτῆς
1757 1964 1770 1977 ·

511 2022 601 2081 καὶ
630 2023 801 2103 χωλός
827 2046 926 2105 περ
954 2024 1050 2084 ἐὼν
1075 2024 1295 2102 ἔδραμες
1322 2027 1393 2091 εἰς
1423 2021 1571 2098 ἀΐδην
1589 2071 1607 2103 ,

431 2109 618 2170 Γέσσιε
653 2110 902 2191 Μοιράων
923 2110 1308 2193 τροχαλώτερε·
1335 2115 1394 2172 ἐκ
1415 2119 1679 2195 προκοπῆς
1703 2115 1804 2196 γὰρ

509 2189 572 2270 ἧς
594 2189 732 2279 εἶχες
760 2199 896 2259 κατὰ
925 2204 1070 2272 νοῦν,
1096 2200 1341 2273 ἐξεκόπης
1367 2202 1562 2281 βιότου.

951 2360 1076 2411 682.
1113 2363 1230 2409 ΤΟΥ
1258 2364 1470 2410 ΑΥΤΟΥ.

437 2488 650 2554 Γέσσιος
678 2490 736 2546 οὗ
768 2487 1014 2559 τέθνηκεν
1039 2488 1372 2565 ἐπειγόμενος
1399 2488 1547 2568 παρὰ
1577 2491 1776 2572 Μοῖρης
1795 2517 1806 2531 ·

515 2574 667 2643 αὐτὸς
693 2574 789 2647 τὴν
813 2578 1019 2656 Μοῖραν
1041 2574 1336 2655 προῦλαὸεν
1359 2578 1429 2644 εἰς
1457 2571 1627 2649 ἀΐδην.

953 2738 1055 2789 683
1065 2775 1078 2789 .
1111 2741 1227 2786 ΤΟΥ
1268 2741 1479 2787 ΑΥΤΟΥ.

445 2892 468 2916 α
519 2866 575 2924 Μ
591 2889 626 2935 η
641 2866 669 2924 δ
684 2864 744 2924 ὲν
769 2865 890 2943 ἄγα
903 2891 929 2924 ν
953 2894 978 2920 ι
995 2869 1100 2927 τῶν
1116 2866 1249 2926 ἑπτὰ
1272 2871 1444 2947 σοφῶν
1465 2870 1494 2926 δ
1513 2867 1807 2949 σοφώτατος
1826 2864 1989 2932 εἶπεν·

515 2951 650 3010 ἀλλὰ
675 2951 738 3012 σὺ
766 2952 840 3029 μὴ
867 2954 1127 3028 πεισθεὶς,
1153 2958 1198 3015 Γ
1199 2955 1340 3015 έσσιε
1357 3001 1374 3030 ,
1408 2959 1553 3015 ταῦτ’
1571 2956 1782 3027 ἔπαθες·

437 3038 526 3098 καὶ
553 3037 722 3114 λόγιός
749 3063 847 3119 περ
877 3039 976 3099 ἐὼν
1005 3040 1335 3118 ἀλογώτατον
1359 3042 1509 3122 ἔσχες
1532 3044 1750 3118 ὄνειδος,

515 3127 584 3192 ὣς
607 3128 932 3202 ἐπιθυμήσας
952 3129 1194 3207 οὐρανίης
1223 3129 1428 3190 ἀνόδου.
1867 3197 1875 3206 ,

435 3208 594 3270 Οὕτω
623 3211 870 3289 Πήγασος
892 3215 1049 3280 ἵππος
1077 3213 1316 3273 ἀπώλεσε
1339 3218 1754 3299 Βελλεροφόντην
1769 3266 1786 3296 ,

519 3299 832 3377 βουληθέντα
867 3306 1050 3377 μαθεῖν
1077 3303 1412 3379 ἀστροθέτους
1441 3305 1682 3375 κανόνας·

1555 189 2061 249 ANTHOLOG1AE
2106 189 2506 248 PALATINAE

2080 328 2126 377 b.
2152 328 2243 377 Hic
2270 330 2479 379 Joannes
2497 368 2509 391 ‚
2537 328 2747 392 Cyprius
2764 342 2937 395 genere
2956 368 2969 391 ,
2996 328 3126 379 filius
3158 330 3253 379 t'uit

2140 414 2313 465 nobilis
2338 412 2567 479 Stephani
2590 434 2602 463 ι
2627 410 2731 463 &rat
2758 417 2923 465 autem
2942 418 3108 478 pastor
3132 414 3317 465 Phariae
3340 417 3549 466 urbis-

2080 502 2271 552 Divitiis
2300 502 2499 565 quidem
2532 503 2791 566 opulentus
2826 504 2979 566 magis
3012 503 3238 553 omnibus
3266 518 3385 567 quos
3416 502 3739 553 nutrivit
3807 496 3809 499 ’

2141 604 2170 639 a
2199 594 2335 654 patre
2360 594 2550 654 potrum
2568 628 2581 652 ,
2611 589 2674 640 ab
2698 591 2975 653 sanctisque
3000 590 3277 651 laboribus3
3390 591 3701 655 [cyprus
3720 628 3733 641 .

2082 677 2211 728 sacta
2226 692 2345 728 vero
2363 678 2527 729 divina
2543 682 2718 729 cuncta
2735 678 2912 738 dicere,
2931 692 3045 741 qum
3066 679 3116 728 in
3132 682 3261 729 terre
3275 678 3439 741 edidit,

2142 779 2297 829 neque
2319 779 2439 816 meoe
2460 768 2537 817 est
2558 767 2760 827 mentis,
2780 780 2937 829 neque
2960 766 3167 816 aliarum
3194 766 3467 830 linguarum
3504 787 3526 813 ε

2081 866 2273 903 omnem
2295 854 2425 903 enim
2450 854 2609 903 virum
2632 854 2877 917 superavit
2896 853 3297 917 splendidissimis
3320 853 3661 905 virtutibus

2140 940 2507 1004 qui-videbatur
2530 947 2761 1005 praestare
2782 940 3046 993 virtutibus
3064 941 3200 992 alios.

2082 1030 2239 1091 Hujus
2264 1033 2316 1079 et
2339 1031 2622 1080 ornamenta
2641 1028 2822 1090 omnia,
2851 1042 2967 1091 qum
2994 1028 3115 1079 urbs
3140 1029 3418 1080 sortita-est
3444 1028 3633 1086 haee,

2141 1120 2258 1165 sunt
2278 1116 2581 1179 benignitatis
2602 1116 2753 1167 decus
2778 1116 3211 1179 praestantissimae.

2612 1266 2721 1312 680.
2768 1270 2831 1312 Β]
2844 1270 3073 1313 nsunt.

2081 1396 2309 1458 Princeps
2334 1396 2544 1445 Joannes
2570 1394 2807 1444 virtumm
2834 1395 3024 1445 Phariae
3046 1395 3190 1446 urbis
3215 1394 3567 1445 sacerdotum

2079 1481 2161 1533 htc
2184 1496 2312 1533 nunc
2332 1487 2444 1547 post
2464 1483 2654 1533 exitum
2678 1486 2790 1533 c'ara
2810 1484 2860 1533 in
2886 1482 3043 1547 patris
3060 1484 3219 1547 jecet3

2079 1570 2280 1620 mortale
2300 1570 2430 1619 enim
2445 1570 2779 1620 sortitus-erat.
2795 1583 2991 1633 corpus,
3011 1569 3106 1620 etsi
3120 1572 3271 1619 vitam
3306 1570 3725 1619 immortalem

2079 1658 2464 1720 immortaliaque
2504 1657 2633 1707 recta
2658 1658 2708 1707 in
2728 1661 2859 1707 terra
2885 1657 3038 1707 edidit
3058 1657 3261 1708 infinita.
3322 1657 3719 1721 [habitur-us,

2398 1804 2507 1851 681.
2540 1802 2840 1851 PALLmAE
2870 1802 3193 1851 ALEXANDR
3199 1802 3305 1851 1N1.

2078 1940 2181 1988 Non
2209 1940 2591 2003 peregre-abiisti
2618 1940 2813 1991 honoris
2840 1954 2988 1991 causa
3004 1980 3017 2001 ‚
3042 1940 3130 1991 sed
3154 1941 3345 2000 exitus;

2141 2031 2192 2076 et
2213 2027 2419 2077 claudus
2443 2028 2557 2078 licet
2582 2040 2733 2090 esses,
2763 2031 3017 2080 cucurristi
3048 2030 3098 2079 in
3140 2032 3323 2079 Orcum
3337 2068 3353 2089 ‚

2079 2129 2110 2164 ο
2134 2115 2274 2165 Gessi
2294 2116 2459 2165 Parcis
2480 2116 2693 2167 velocior
2708 2132 2723 2178 ;
2740 2130 2829 2180 per
2848 2130 3156 2181 progressum
3184 2116 3313 2167 enim

2141 2215 2289 2264 quem
2310 2201 2523 2253 habebas
2552 2204 2603 2253 in
2624 2207 2810 2265 mente,
2842 2217 3199 2269 egressum-e
3222 2204 3341 2253 vita.

2630 2359 2737 2405 682.
2786 2366 2847 2407 Ε]
2854 2364 3073 2407 uentu.

2082 2500 2284 2549 Gessius
2306 2514 2402 2550 non
2422 2501 2543 2551 obiit
2558 2502 2800 2566 impulsus
2832 2516 2863 2552 a
2887 2506 3038 2552 Parce
3064 2524 3076 2551 :

2140 2586 2245 2649 ipse
2268 2590 2467 2637 Parcam
2494 2590 2743 2652 proevertit
2770 2590 2822 2639 in
2846 2592 3045 2640 Orcum.

2618 2744 2725 2791 683.
2772 2752 3075 2793 DUSDEM·

2084 2905 2105 2928 α
2135 2888 2206 2936 Ne
2223 2887 2346 2949 quid
2367 2886 2511 2938 nimis
2529 2909 2551 2932 υ
2568 2893 2754 2958 septem
2772 2889 3063 2953 sapientium
3076 2891 3481 2954 sapientissimus
3499 2895 3665 2948 dixit
3688 2921 3705 2948 ε

2143 2973 2231 3024 sed
2256 2977 2310 3024 tu
2334 2978 2383 3025 ei
2404 2990 2501 3025 non
2521 2976 2747 3040 credens,
2774 2977 2913 3030 Gessi
2930 3017 2944 3038 ‚
2964 2977 3056 3028 hoc
3072 2991 3353 3042 es-pessus3

2080 3065 2130 3111 et
2154 3061 2378 3113 eruditus
2398 3063 2512 3114 licet
2537 3077 2670 3115 esses
2699 3064 3043 3114 stultissimum
3065 3065 3311 3117 incurristi
3338 3068 3615 3130 probrum
3636 3111 3655 3132 ,

2142 3150 2375 3211 tanquam
2397 3150 2599 3214 cupiens
2624 3150 2836 3202 coelestis
2860 3153 2936 3213 (in
2962 3154 3167 3215 coelum)
3194 3159 3449 3204 ascensus.

2081 3234 2160 3284 Sic
2188 3239 2403 3300 Pegasus
2427 3251 2583 3300 equus
2606 3239 2819 3302 perdidit
2846 3240 3263 3303 Bellerophontem
3280 3281 3295 3304 ‚

2143 3324 2471 3385 qui-voluerat
2492 3323 2677 3376 discere
2700 3328 3091 3377 astrorum-situs
3116 3329 3310 3391 regulas
3333 3349 3345 3377 :

474 3440 3671 3480 ———-————-———————-——--—-——.....-..-———

436 3523 585 3568 Ortus
608 3523 810 3569 Ioannes
833 3521 992 3586 Cypro
1010 3555 1025 3580 ,
1052 3529 1189 3586 patre
1209 3521 1373 3571 nobile
1393 3538 1584 3587 germen

501 3604 574 3648 De
599 3599 861 3667 Stephano,
891 3600 1064 3651 Pharia
1082 3611 1243 3667 pastor
1266 3603 1316 3651 in
1344 3604 1465 3654 urbe
1487 3605 1609 3668 suit3

436 3684 629 3734 Divitiis
648 3700 812 3734 omnes
830 3685 975 3750 Cypri
1003 3685 1084 3734 cui
1103 3685 1294 3733 vincere
1316 3686 1443 3736 cives

501 3774 546 3818 A
571 3768 758 3834 proavis
781 3769 976 3818 veniens
991 3784 1068 3818 res
1092 3768 1216 3818 bene
1236 3778 1375 3835 parta
1398 3771 1560 3822 dabat.

436 3851 572 3901 Illius
603 3851 651 3901 in
671 3851 813 3902 terris
831 3852 1037 3901 coelestia
1065 3850 1186 3902 facta
1211 3852 1392 3902 referre

501 3937 604 3984 Nec
631 3949 736 3984 mea
756 3949 889 3984 mens
905 3971 920 3995 ,
941 3951 1030 3984 nec
1047 3951 1139 3984 vox
1161 3935 1259 3984 ulle
1280 3937 1457 3986 diserta
1474 3937 1622 3988 velet.

433 4019 559 4066 Nam
589 4015 726 4080 longe
746 4016 919 4066 anteiit
934 4017 1076 4066 claris
1092 4016 1348 4066 virtutibus
1366 4035 1530 4067 omnes
1542 4054 1556 4076 ,

501 4097 750 4148 'Virtutum
771 4115 980 4148 summus
998 4114 1118 4163 quos
1135 4099 1411 4150 celebrabat
1431 4100 1595 4152 honos.

435 4179 618 4244 Inclyta
637 4195 740 4245 quae
762 4189 913 4229 totam
933 4179 1091 4245 posuit
1115 4191 1422 4231 monumenta
1442 4199 1529 4248 per
1549 4182 1739 4245 urbem,

503 4264 664 4310 Testes
687 4260 871 4310 eximie
904 4270 972 4311 tot
1008 4260 1234 4310 bonitatis
1253 4261 1418 4313 habet.

1017 4415 1132 4464 680.
1171 4431 1384 4463 nsusnnu
1395 4449 1409 4470 ,

1077 4544 1137 4592 de.
1164 4545 1339 4596 eodem.

508 4693 743 4746 Iohannes
765 4695 948 4746 Phurioe
977 4697 1196 4764 princeps
1219 4699 1398 4748 virtute
1413 4701 1626 4750 sacerdos

505 4776 646 4826 Urbis
667 4785 770 4828 erat
785 4814 800 4839 ,
826 4779 980 4844 putria
1009 4795 1136 4828 nunc
1155 4779 1204 4829 in
1222 4780 1396 4829 tellure
1415 4780 1631 4846 quiescit.

503 4859 623 4906 Nam
643 4873 814 4924 corpus
832 4858 1036 4908 mortale
1065 4857 1155 4908 tuit
1179 4875 1193 4908 :
1230 4858 1340 4909 licet
1364 4861 1461 4925 ipsa
1482 4877 1692 4926 perenne

506 4939 694 4990 Floreat
725 4939 985 4990 innumeris
1012 4939 1108 4990 vita
1129 4940 1478 4991 immortalibus
1496 4945 1627 4993 actis.

2458 3541 2571 3588 681.
2610 3557 2842 3588 nnuma
2874 3555 3239 3600 Amutrium,

2723 3639 2781 3688 de
2801 3642 2980 3690 Gessc'o.

2079 3737 2205 3784 Dum
2229 3751 2422 3801 peregre
2438 3751 2503 3794 es,
2530 3747 2735 3787 mortem
2759 3739 2963 3804 reperis,
2983 3738 3194 3789 inhiator
3222 3738 3469 3789 honorum
3494 3778 3513 3799 ,

2146 3820 2205 3866 Et
2224 3817 2321 3867 cito
2349 3826 2446 3866 tem
2472 3818 2643 3874 claudo
2667 3827 2803 3868 tanta
2827 3829 3021 3884 peracta
3046 3821 3123 3869 via
3148 3829 3235 3869 est.

2082 3902 2322 3952 Proiectus
2342 3901 2508 3952 studiis
2533 3903 2593 3951 ud
2622 3919 2766 3968 regne
2794 3902 2983 3952 inferna
3006 3904 3243 3970 profectus

2145 3989 2233 4042 Es,
2262 3985 2424 4049 Gessi,
2442 3989 2600 4035 Parcae
2632 4001 2832 4053 parcere
2860 4002 2971 4036 cum
2997 3997 3243 4053 cuperent.

2655 4103 2771 4151 682.
2808 4119 3047 4157 auson«,

2707 4199 2766 4247 de
2794 4197 2975 4249 eodem.

2080 4295 2268 4344 Gessius
2290 4280 2548 4356 occubuit,
2573 4312 2671 4345 non
2694 4295 2791 4346 fato
2815 4306 2993 4346 tractus
3016 4297 3076 4345 ad
3102 4301 3311 4356 Orcum3

2147 4382 2271 4428 Dum
2304 4389 2563 4445 properat,
2601 4377 2751 4428 fatum
2784 4387 2994 4428 traxerat
3021 4380 3121 4444 ipse
3142 4393 3295 4428 suum.

2659 4497 2775 4547 683.
2812 4513 3048 4557 musaeu,

2721 4596 2781 4645 de
2808 4595 2987 4646 eodem.

2082 4697 2154 4744 Ne
2173 4693 2287 4758 quid
2312 4708 2419 4756 ngas
2440 4693 2639 4742 nimium
2656 4731 2673 4756 ,
2690 4675 2973 4759 ¹sapientum
3001 4694 3232 4742 maximus
3258 4693 3419 4756 inquit
3452 4712 3467 4744 :

2146 4776 2277 4826 Gessi
2296 4813 2311 4838 ‚
2336 4792 2432 4826 non
2452 4791 2587 4842 peres
2609 4793 2623 4827 ε
2651 4776 2763 4825 hinc
2790 4777 2878 4826 tibi
2896 4777 3073 4841 grande
3089 4775 3295 4838 mulum3

2082 4859 2264 4923 Virque
2286 4859 2369 4908 diu
2388 4859 2593 4924 prudens
2610 4859 2883 4926 imprudens
2898 4860 3077 4926 probra
3099 4859 3295 4922 subisti,

2148 4946 2397 5006 Tanquam
2426 4943 2507 5009 qui
2536 4959 2734 5008 cuperes
2761 4945 2990 4992 scandere
3016 4943 3191 5009 temple
3209 4942 3338 5009 poli3
