3829 5747
1245 150 1671 209 ANNOTATIO
1716 150 1792 209 IN
1836 148 2083 210 CAPUT
2124 151 2218 211 IV.
3245 163 3314 189 m»

162 280 413 345 superstites
464 279 722 329 invenisse.
782 278 1121 341 {ascriptiones
1164 282 1330 329 autem
1370 280 1545 342 partim
1574 280 1675 342 ipse

162 352 379 413 descripsit
404 352 663 413 Meleager,
694 350 873 413 partim
899 350 961 399 ab
990 350 1159 399 amicis
1184 352 1233 400 et
1263 351 1579 400 familiaribus
1596 350 1680 399 ho-

161 422 429 485 spitibusque
460 424 689 483 acceptas
715 422 903 483 primus
928 421 1111 483 publici
1139 422 1265 483 juris
1300 423 1429 471 fecit.
1470 444 1493 465 u
1526 449 1587 459 —
1617 428 1677 473 39

156 494 237 546 τοῦς
258 492 293 540 δ’
314 492 459 551 (ἶσαι,
486 490 700 539 correxit
726 491 989 541 nocherus,
1019 497 1156 542 -40
1184 494 1374 555 ὄρπικας
1401 494 1523 550 ἐλίης
1554 493 1673 543 Cod.

157 566 279 611 -40,
306 560 469 610 schol.
491 562 806 617 Πολύκλητος.
835 564 986 611 Poeta
1008 562 1220 625 ignotus.
1249 563 1452 613 Bothius
1478 565 1675 625 κύαμον.

158 659 206 669 ——
225 638 289 685 41.
310 653 333 673 a
350 636 645 680 Amaracum
671 632 797 680 inter
820 629 998 681 herbas
1014 634 1360 695 unguentarias
1375 634 1675 697 praecipnum

156 706 283 755 locum
324 706 475 752 tenet.
508 704 630 763 (ch
670 716 867 764 quoque
906 703 1048 753 malis
1094 705 1469 767 Πολυστράτου.)
1508 732 1568 739 -
1596 710 1671 755 42.

157 776 373 837 Antipater
424 772 672 822 sidonius
730 772 1033 835 significatur
1068 788 1154 837 per
1198 775 1438 835 φοίνισσαν
1474 774 1676 832 κύπρον,

155 858 271 907 quam
310 844 550 892 Ascalone
585 846 636 891 et
665 842 863 892 Canobo
890 844 1142 905 provenire
1183 843 1325 893 docet
1368 844 1582 892 Dioscor.
1625 839 1673 899 1,

160 919 237 962 124.
262 944 317 954 —
338 918 430 975 (4³
450 917 499 961 ἐν
530 914 615 974 μὲν
634 915 714 961 καὶ
742 913 1021 975 fleckerus,
1048 914 1137 963 sed
1154 914 1434 977 praepositio
1452 908 1677 962 subaudi·

156 990 218 1033 tur
232 999 283 1033 ex
300 1000 349 1034 ν.
388 988 464 1034 41.
486 985 583 1045 )—-
606 988 687 1033 44.
716 982 1033 1035 Hermodori
1056 998 1233 1035 nomen
1258 983 1517 1049 significari
1534 984 1677 1033 acute

152 1057 363 1118 sesspexit
394 1056 655 1103 Martinus.
685 1054 783 1111 Qui
806 1054 937 1104 unde
962 1054 1199 1105 oriundus
1224 1056 1289 1106 sit
1314 1069 1470 1119 quum
1494 1054 1679 1116 ignore-

152 1140 241 1175 mus
255 1165 266 1184 ,
292 1126 511 1175 nescitur
526 1123 649 1186 quid
664 1123 981 1173 tribuendum
998 1124 1063 1174 sit
1079 1125 1462 1188 interpretationi
1477 1124 1673 1183 Roiani,

152 1198 221 1258 qui
240 1197 363 1257 syria
388 1194 544 1245 nardo
566 1196 727 1256 poetae
744 1194 949 1256 patriam
973 1194 1176 1245 indicari
1208 1196 1447 1245 censebat.
1466 1192 1674 1243 Graefius

150 1269 383 1325 νμνοθετᾶν.
419 1294 479 1307 -
510 1268 591 1322 45,
622 1267 703 1313 46.
732 1264 896 1313 Poetis
919 1265 1008 1327 qui
1047 1265 1098 1314 iu
1131 1264 1229 1314 hoc
1257 1263 1467 1315 disticho
1498 1277 1678 1313 memo-

152 1342 303 1395 rantur,
322 1338 554 1398 ayt-estes
576 1336 755 1396 campi
770 1334 926 1396 stores
941 1334 1118 1395 tribui,
1141 1335 1275 1398 quod
1290 1348 1319 1385 e
1336 1335 1675 1385 bucolicorum

150 1420 319 1455 numero
348 1404 556 1463 fuerint,
577 1406 723 1451 acute
749 1403 954 1463 conjecit
978 1404 1226 1465 Reiskius,
1242 1405 1329 1467 qui
1355 1408 1405 1454 et
1431 1406 1674 1453 Σικελίδεω

146 1490 294 1527 nomm
315 1476 377 1525 de
403 1472 711 1535 AsclcpIadc
743 1473 1103 1536 interpretatur,
1134 1476 1317 1525 rectius
1342 1488 1490 1537 quam
1514 1474 1676 1523 Marti-

148 1562 226 1596 nus
256 1548 311 1596 de
338 1546 615 1595 Theocrito.
644 1544 744 1601 Qui
776 1548 879 1593 Σικε
882 1547 921 1593 λ
914 1546 1009 1593 ’.ὅου
1047 1546 1341 1595 mentionem
1376 1547 1494 1595 iacit
1530 1545 1668 1607 ldyu.

149 1621 250 1676 Y,11
282 1623 363 1677 40,
396 1617 486 1665 ubi
516 1615 669 1665 schol.
700 1615 1037 1673 Ἀσκληπιάδην
1072 1619 1182 1677 φησὶ
1214 1619 1293 1666 τὸν
1334 1618 1676 1680 ἐπιγραμματο-

144 1692 317 1752 γράφον,
342 1692 408 1743 ὡς
430 1689 531 1735 υἱὸν
558 1674 843 1735 madida.»
872 1689 986 1735 Jac.
1031 1687 1151 1737 eod
1174 1690 1457 1737 ποσίδιππον
1480 1690 1564 1747 (ut
1587 1700 1675 1735 sm-

147 1760 343 1822 pissime)
375 1762 427 1808 et
455 1759 642 1815 ῆδυλον.
668 1782 732 1791 -
757 1760 816 1805 47
846 1757 1037 1820 χρυσίον
1076 1758 1439 1821 cod.«.1unge
1475 1760 1546 1805 αεὶ
1570 1758 1675 1821 χρύ-

143 1846 253 1877 σειον
262 1866 276 1884 .
318 1832 373 1878 ut
410 1828 559 1877 ssoroe
608 1826 849 1875 dicuntur
880 1827 1103 1881 άειθαλεῖς
1119 1864 1134 1887 ,
1179 1827 1376 1877 arbores
1421 1830 1671 1889 ἀείφυλλοι.

141 1908 153 1956 (
174 1898 489 1955 Quaerendum
516 1896 786 1946 scientibus
810 1895 989 1944 harum
1010 1908 1175 1945 rerum
1191 1911 1306 1960 quae
1324 1897 1487 1960 planta
1512 1897 1675 1951 subin-

138 1970 357 2029 ·iioetur.)
400 1966 681 2030 Raepiritur
736 1968 900 2014 autem
958 1965 1245 2028 eloquentiis
1296 1968 1541 2030 splendor,
1588 1981 1675 2031 per

134 2040 277 2087 omnia
301 2038 518 2087 Platonis
561 2048 711 2098 opera
742 2035 901 2084 fusus.
932 2062 993 2070 —
1020 2042 1096 2085 50.
1150 2037 1476 2101 Πρωτογόνους
1522 2040 1673 2094 ἕλικας

134 2110 327 2172 intelligo
372 2108 563 2157 leviora
604 2105 833 2154 carmina.
876 2132 935 2141 —-
976 2111 1051 2155 51.
1096 2110 1151 2155 In
1177 2109 1338 2169 φλογὶ,
1376 2107 1510 2169 quod
1538 2108 1674 2157 iridis

132 2194 269 2241 genus
292 2182 364 2229 est
388 2193 425 2227 a
464 2177 691 2225 flammeo
723 2174 887 2224 colore
915 2174 1101 2225 (lictum
1117 2214 1131 2237 ‚
1160 2180 1304 2239 poeta
1348 2178 1411 2227 ad
1448 2180 1675 2239 etymolo—

128 2250 241 2313 giam
264 2249 477 2299 nominis
504 2247 743 2307 Φαιδίμου
775 2259 806 2294 a
834 2246 985 2295 verbo
1012 2247 1249 2309 φαίνεσθαι
1280 2248 1519 2311 respicere
1545 2248 1676 2297 vide-

128 2326 213 2369 tur.
242 2327 395 2369 -52,
429 2321 599 2379 Ὄμμα
620 2319 729 2379 βοὸς
761 2318 839 2365 est
868 2316 959 2365 llos
984 2316 1131 2379 vulgo
1163 2318 1449 2379 βούοθαλμος
1478 2317 1641 2366 dictus
1659 2355 1671 2377 ,

130 2392 441 2439 recentiorum
482 2387 763 2449 βαλσαμίνη.
816 2408 841 2428 n
881 2389 996 2435 Jac.
1026 2418 1083 2427 -
1118 2392 1177 2437 53
1206 2387 1289 2435 τάν
1317 2388 1450 2449 (non
1475 2390 1591 2447 τήν)
1624 2406 1675 2437 τε

124 2462 399 2523 mammo-e
428 2456 575 2517 σαὶ,
603 2470 731 2506 corr.
754 2456 992 2508 ReiskiuS.
1026 2456 1107 2505 Sic
1131 2457 1395 2519 serpyllum
1414 2458 1593 2507 dicitur
1611 2458 1675 2508 ob

126 2545 257 2580 usum
286 2531 335 2578 in
384 2527 851 2591 compotationibus.
901 2548 925 2571 α
957 2530 1123 2584 Quum
1154 2528 1216 2577 sit
1252 2540 1427 2590 parum
1466 2529 1675 2591 serpyllo

126 2602 399 2652 conveniens
450 2597 703 2661 epitheton
736 2598 1028 2659 φιλάκρητον,
1080 2598 1391 2666 praeferebat,
1418 2598 1674 2649 lectionem

120 2672 367 2736 apographi
414 2668 695 2719 Giessensis
720 2669 1001 2730 φιλακρὴτου
1031 2668 1273 2731 Suringar.
1304 2668 1352 2717 in
1390 2668 1673 2719 prolusione

122 2758 161 2791 a.
192 2751 319 2799 1⁸11,
348 2758 400 2805 p.
440 2748 500 2791 10
528 2742 611 2801 (et
640 2737 901 2797 Bothius).
931 2738 1050 2787 Mihi
1091 2738 1272 2788 arridet
1313 2739 1545 2801 audacia,
1583 2755 1673 2789 nec

116 2814 190 2862 illa
214 2814 389 2871 nimia,
410 2824 533 2875 quae
556 2812 635 2858 est
658 2809 711 2858 in
728 2809 1005 2871 φιλάκρητον
1032 2808 1097 2857 ad
1121 2809 1321 2858 herbam
1345 2810 1502 2872 ipsam
1519 2812 1675 2861 trans-

116 2887 218 2934 lato.
244 2909 265 2928 a
284 2889 346 2934 B.
367 2882 525 2934 Graer.
546 2883 824 2939 νεοθηλῆ.-
837 2884 895 2931 54
910 2883 1100 2942 ἔρπυλον
1118 2888 1300 2931 κυανῶν
1318 2882 1459 2942 Cod.;
1480 2884 1672 2944 κυάμων

118 2957 415 3018 Pur-goleins,
470 2952 605 3017 quod
628 2952 841 3015 probant
890 2952 1061 3012 Graes„
1106 2954 1234 3012 Jac„
1276 2952 1452 3013 Boiss.,
1500 2953 1669 3012 Her-k,

112 3027 243 3077 noan.
262 3027 427 3090 Vulgo
440 3025 645 3073 ιυάνων.
661 3047 727 3058 —-
743 3029 823 3071 55.
842 3021 1015 3071 Ἅλλων
1030 3021 1083 3070 τ’.
1112 3039 1137 3062 e<
1161 3021 1314 3084 Igitur
1336 3035 1433 3072 non
1452 3022 1673 3070 omnium

114 3104 357 3160 rectarum
370 3137 385 3158 ‚
406 3109 541 3160 quos
571 3095 623 3143 in
667 3095 909 3142 Coronam
942 3092 1240 3152 intexuerat,
1272 3093 1469 3142 nomina
1508 3107 1668 3144 recen-

114 3169 205 3216 suit
221 3207 234 3224 ,
260 3168 351 3216 sed
396 3163 739 3226 antiquiorum
763 3161 926 3211 modo.
956 3165 1011 3212 ln
1036 3162 1264 3223 νεὸγραφα
1300 3161 1554 3212 immemor
1580 3164 1675 3214 fuit

109 3237 345 3300 allegorias
358 3277 372 3298 ‚
389 3241 457 3286 nt
467 3251 515 3284 v.
532 3241 615 3284 35.
635 3253 661 3276 ι·
681 3235 797 3282 Jac.
817 3235 1054 3282 Recentes
1071 3235 1123 3281 et
1132 3231 1347 3296 aequales
1364 3236 1533 3294 poetas
1557 3234 1675 3282 indi·

114 3313 201 3358 cat.
230 3337 292 3348 —
318 3316 401 3358 56.
448 3327 473 3348 κ
516 3307 673 3354 Recte
714 3303 905 3352 λευκόῐα
942 3301 1062 3351 dixit
1102 3302 1294 3363 πρώϊμα
1310 3337 1323 3360 ,
1352 3303 1531 3366 quippe
1560 3318 1673 3366 quae

110 3377 227 3427 'mter
250 3392 339 3428 eos
373 3377 527 3427 flores
566 3375 869 3434 referuntur,
894 3373 982 3435 qui
1004 3371 1218 3434 primum
1249 3386 1335 3421 ver
1366 3375 1668 3424 amnuntiant.

108 3451 169 3495 Fa
192 3449 417 3497 carmina
442 3449 652 3496 innuere
686 3443 896 3503 videtur,
924 3455 1035 3505 quse
1060 3441 1342 3491 adolescens
1370 3455 1485 3492 vere
1514 3445 1674 3494 aetatis

110 3519 359 3568 cecinerat.
387 3539 417 3562 ι·
449 3513 612 3578 Graef.
638 3541 697 3550 -
734 3518 811 3564 ⁵7.
836 3533 860 3556 α
890 3515 1185 3575 Frequenter
1210 3515 1338 3562 artes
1365 3514 1571 3565 eruditas
1595 3533 1675 3577 μυ·

104 3590 291 3649 σῆμα,
330 3587 474 3649 ὄργια
491 3625 507 3640 ,
537 3583 725 3646 quique
749 3583 801 3630 in
843 3595 925 3631 eas
960 3581 1273 3641 incumbunt,
1304 3582 1473 3640 μύσται
1502 3597 1674 3633 vocan-

100 3662 181 3706 tur
210 3672 240 3706 a
282 3656 536 3720 sophistis
574 3653 849 3717 praesertim
895 3655 945 3702 et
986 3652 1075 3716 qui
1118 3651 1439 3715 sophisticum
1483 3653 1672 3705 dicendi

102 3743 249 3787 aunis
272 3731 561 3778 sectamur.
588 3747 612 3768 υ
632 3729 749 3774 Jac.
773 3749 833 3758 —
850 3726 907 3773 In
932 3724 1119 3786 paginae
1142 3722 1294 3786 liujus
1320 3725 1534 3787 margine
1560 3726 1674 3776 scri-

96 3803 229 3859 mum
278 3797 545 3848 scholium
586 3793 671 3842 hic
709 3792 999 3856 apponimus
1038 3815 1050 3842 z
1102 3796 1147 3841 οί
1180 3799 1273 3842 τῶν
1310 3795 1671 3857 ἐπιγραμμάτων

97 3873 279 3925 ποιηταὶ
293 3907 309 3928 ,
342 3871 433 3924 οὓς
469 3868 666 3925 συνῆξεν
696 3867 957 3926 Μελέαγρος
979 3865 1027 3912 ἐν
1053 3869 1123 3927 τῷ
1150 3866 1259 3927 παρ’
1294 3866 1437 3914 αὐτοῦ
1455 3867 1670 3915 πλακὲντι

98 3941 337 4001 Στεφάνῳ·
370 3937 649 4002 Σιμωνίδης
666 3971 683 3995 ,
703 3935 885 3989 Ῥιανὸς
898 3971 914 3994 ,
942 3935 1173 3992 Ἀλκαῖος,
1200 3933 1459 3994 Λεωνίδης,
1482 3935 1640 3994 Ἆνύτη
1655 3972 1670 3997 ,

94 4013 267 4072 Μυρὼ,
290 4012 519 4071 Σαπφὼ,
570 4006 895 4065 Μελάνιππος,
931 4006 1105 4060 Νοσσὶς
1122 4041 1139 4065 ,
1175 4004 1397 4067 Ἤριννά,
1426 4007 1637 4068 Σαμμίας
1654 4041 1669 4064 ,

94 4083 311 4136 §lv-iad}
324 4083 345 4140 (
360 4080 445 4129 sic
474 4091 647 4141 apoff.
677 4080 812 4136 Pan-‚3
831 4075 882 4124 in
898 4073 1017 4125 cod.
1049 4086 1137 4137 pro
1157 4075 1179 4131 ξ
1204 4077 1281 4123 est
1298 4075 1419 4138 sigla
1435 4076 1671 4124 numerali

96 4149 257 4200 <anilis
298 4153 451 4200 notae
498 4153 527 4199 7
552 4150 601 4208 ),
638 4147 909 4210 Πάμφιλος,
969 4145 1246 4208 Παγκράτης
1315 4148 1331 4206 (
1347 4159 1508 4208 apogr.
1558 4148 1667 4195 Par.

94 4221 423 4280 Παγκράτης)
448 4255 467 4280 ,
496 4218 713 4279 Τύμνης,
738 4217 902 4270 Νικίας
918 4251 934 4274 ,
950 4216 1169 4276 Εὔφημος
1185 4251 1201 4274 ,
1227 4214 1529 4276 Δαμάγητος,
1551 4217 1674 4264 Καλ-

94 4293 310 4353 λὲμαχος,
340 4291 635 4352 Εὒεορίων,
658 4288 979 4348 Ἡγήσιππος,
1006 4287 1239 4348 Περσεὺς,
1260 4287 1504 4348 Διότιμος,
1534 4289 1674 4335 Μενε·

94 4361 283 4423 spei-rm,
324 4361 651 4419 Νικαίνετος,
676 4357 901 4418 Σιμμίας,
932 4359 1184 4419 Παρθενὶς,
1209 4359 1523 4420 Βακχυλίδης,
1554 4358 1675 4408 ’Ava-

90 4447 259 4490 w,
278 4432 537 4492 Ἁνθὲμιος
560 4429 640 4488 (v.
663 4425 792 4475 adv.
814 4431 912 4486 36),
932 4425 1225 4490 Ἀρχίλοχος,
1243 4428 1545 4482 Πολύκλειτος
1561 4431 1667 4491 (Ap.

92 4469 447 4560 lietwinum),
474 4497 1669 4560 Ἆπίπατρκ,11οσίνδς,ιππο,”Ηδυλλος,Σικελίδας,

86 4574 283 4622 Πλάτων
300 4576 331 4622 6
352 4575 553 4634 μέτα-ς,
571 4569 790 4630 Ἄρατος,
810 4569 1081 4632 Χαιρήμων
1102 4569 1356 4631 Φαίδιμος,
1380 4569 1669 4630 Ἀνταγόρας

84 4647 417 4730 θεοῖωρίδας,
462 4639 653 4694 Φανίας
666 4674 682 4700 ,
734 4639 815 4686 καὶ
848 4639 985 4692 αὐτὸς
1019 4640 1296 4701 Μελέαγρος.
1346 4639 1576 4702 Ἔγραψεν
1622 4639 1670 4688 δὲ

84 4731 159 4762 τον
180 4718 211 4748 ³·
178 4717 425 4814 ..τέφανσν
439 4711 569 4772 πρὸς
587 4709 805 4758 Διοκλέα.
836 4734 897 4744 -
920 4711 1053 4768 Ζήτει
1071 4711 1154 4768 τὴν
1175 4711 1309 4759 πόλιν
1335 4711 1641 4774 Μελεάγρου“
1624 4729 1669 4760 εν

78 4789 145 4844 τῷ
178 4787 413 4845 ..τεφὰνῳ
444 4778 811 4842 (Scilicetcap.
844 4781 959 4838 Vll,
993 4783 1103 4840 417,
1131 4785 1250 4841 418,
1279 4784 1421 4842 419).
1470 4784 1670 4843 Γαδαρη-

80 4857 151 4908 νὸς
176 4855 265 4912 ἦν,
290 4872 361 4910 ως
390 4854 451 4901 ἐν
478 4857 585 4907 τοῖς
626 4851 885 4912 ἔμπροσθεν
912 4851 1047 4905 αὐτὸς
1074 4819 1250 4899 ἑαυτοῦ
1269 4853 1287 4909 (
1306 4851 1377 4899 sic
1403 4862 1586 4914 apogr„
1619 4851 1669 4899 in

82 4923 219 4980 rod.
248 4929 307 4975 ut
340 4921 582 4981 videtur,
600 4919 799 4980 ἑαυτὸν)
832 4920 1057 4982 ἑμνημόνε
1058 4937 1183 4969 υσεν.
1204 4923 1450 4980 'Hanno-ev
1480 4921 1555 4969 ἐπὶ
1590 4922 1667 4970 Σε-

80 5012 237 5043 nuru
250 5003 341 5045 τοῦ
372 4993 618 5055 ἐσχάῖου·

3242 186 3342 231 οι),

1832 282 1893 331 11.
1917 280 2213 330 scholium:
2235 282 2386 363 ἔτερος
2409 284 2632 344 Στέφανος
2653 284 2893 335 Φιλίππου
2923 289 3317 349 θεσσαλονικέως,

1768 350 1821 397 ὃν
1846 351 2063 409 ἐποίησεν
2082 352 2204 400 κατὰ
2243 352 2435 414 μίμησιν
2459 354 2761 415 Μελεάγρου·
2784 357 2970 414 συνῆξεν
2993 358 3042 405 δὲ
3069 359 3149 406 καὶ
3182 360 3320 415 αυτὸς

1766 421 1859 470 άπὸ
1877 428 1969 470 τῶν
1989 423 2304 484 ἐμφερομένων
2335 426 2566 479 ποιητῶν·
2587 425 2633 480 ἐξ
2659 426 2981 488 Ἀντιπάτρου,
3004 430 3316 493 Κριναγόρου,

1773 494 2050 552 Ἀντιφίλου,
2071 492 2295 552 Τυλλίου,
2321 495 2618 555 Φιλοδήμου,
2639 496 2994 558 Παρμενίωνος,
3017 498 3316 561 Ἀντιφάνους,

1766 561 2119 624 Αὐτομέδωντος
2141 560 2268 621 (sic),
2289 568 2451 622 Ζωνᾶ,
2475 564 2721 625 Βιάνορος,
2753 566 3038 627 Ἀντιγόνου,
3060 568 3318 631 Διοδώρου,

1770 630 1974 715 Εὐήνου,
1995 632 2074 679 καὶ
2095 632 2236 679 αὐτου
2259 632 2512 681 Φιλίππου.
2540 634 2774 697 Ἕγραψεν
2799 636 2850 684 δὲ
2872 636 3004 692 οὗτος
3022 638 3050 686 ὁ
3085 638 3318 695 Φίὶιππος

1764 700 1843 748 τὸν
1862 702 2085 760 στέφανον
2063 702 2222 763 νπρός
2243 718 2347 750 τινα
2374 702 2642 765 Κάμιλλον
2651 734 2712 745 —-
2742 711 2781 754 1.
2804 706 2962 755 Pieria
2979 708 3326 772 κλυτόδενδρος

1770 789 1793 813 «
1842 770 2086 821 nobilibus
2147 772 2335 822 consita
2399 773 2676 835 arboribus,
2745 775 2924 837 quibus
2977 782 3323 839 comparantur

1764 845 1989 904 poetae.»
1965 844 2122 893 ²2le
2137 867 2199 879 --
2216 846 2422 900 3νεανῆς
2435 842 2577 900 Cod.;
2603 844 2916 901 άντανέπλαξα
2939 858 3102 909 apogr.
3124 849 3234 896 Par.
3256 875 3319 885 --

1868 912 2006 961 «Ὀλι
1992 914 2221 976 ιγοστιχίη
2255 912 2358 961 sive
2390 912 2452 963 de
2477 913 2778 963 brevioribus
2806 916 3123 977 carminibus,
3155 919 3320 981 qualia

1766 984 1883 1032 sunt
1921 983 2287 1046 epigrammata,
2326 983 2430 1032 sive
2463 982 2525 1033 de
2567 984 2847 1035 collectione
2879 1000 2977 1035 non
3005 986 3128 1036 adeo
3158 989 3320 1051 ampla

1766 1051 2115 1115 accipiendum.
2150 1055 2269 1102 Post
2308 1051 2442 1102 hunc
2481 1067 2678 1103 versum
2717 1054 2769 1103 in
2807 1054 2929 1105 Cod.
2960 1057 3172 1119 spatium
3201 1059 3314 1108 reli-

1765 1125 1930 1183 ctum,
1963 1125 2013 1173 et
2047 1123 2214 1172 versui
2259 1127 2285 1172 7
2322 1122 2624 1187 adscriptum
2651 1126 2835 1186 Ἄλ).,ος
2876 1126 3018 1188 quasi
3043 1126 3154 1177 novi
3189 1134 3320 1178 esset

1764 1190 1990 1239 caminis
2015 1191 2259 1241 initium.
2259 1196 2406 1243 Jac.
2430 1222 2492 1234 —
2529 1200 2560 1245 9
2586 1195 2796 1255 τυλὶίας,
2827 1198 2875 1244 11
2900 1198 3072 1256 ζωνὰς,
3101 1202 3154 1247 12
3187 1199 3318 1256 ἐλαίη

1764 1260 1885 1310 cod.
1934 1260 2078 1318 Quod
2113 1262 2346 1325 praecedit
2369 1263 2411 1311 δ’
2446 1263 2652 1314 sortasse
2697 1264 2836 1314 abest
2878 1265 2940 1315 ab
2985 1280 3147 1331 apogr.
3185 1272 3315 1325 Pan,

1763 1330 1875 1379 Bois
1876 1330 2106 1380 sonadius
2132 1331 2336 1393 delevit,
2356 1332 2466 1382 haec
2491 1336 2770 1387 annotans.
2803 1335 3062 1385 «Restitui
3090 1338 3321 1401 scriptam

1764 1399 2035 1449 lectionem.
2088 1401 2351 1451 Productio
2377 1403 2576 1464 syllabae
2612 1422 2661 1459 ος
2708 1420 2806 1455 non
2848 1406 2994 1455 debet
3036 1420 3144 1457 esse
3168 1409 3322 1458 offen-

1764 1470 1962 1518 sioni.»
1989 1497 2052 1506 —
2084 1476 2138 1521 13
2168 1472 2238 1522 sic
2269 1473 2456 1535 egregie
2495 1473 2699 1523 correxit
2727 1476 2990 1525 Beckerus
3021 1476 3141 1525 Cod.
3170 1478 3322 1533 εὐηνὼ

1764 1540 1943 1599 (εὖκνὼ
1974 1553 2136 1603 apogr.
2173 1546 2302 1601 Par„
2337 1542 2501 1593 editur
2543 1544 2708 1606 Εὐήνῳ
2730 1546 2752 1605 )
2776 1545 2947 1606 δάφνην
2989 1548 3319 1595 συνεπίπλεκε·

1762 1611 1867 1664 τοὺς
1885 1612 1935 1659 δὲ
1953 1630 2006 1661 π.
2029 1631 2052 1653 «ι
2081 1612 2158 1660 Sic
2192 1612 2448 1662 Camillum
2474 1616 2734 1675 patronum
2771 1614 2818 1664 in
2847 1616 3131 1673 societatem
3159 1628 3324 1679 operte

1764 1684 1962 1730 vocaret
1991 1681 2272 1745 Philippus,
2293 1682 2428 1745 quod
2449 1683 2686 1746 ineptum.
2723 1704 2746 1725 ν

1822 1824 1909 1870 111.
1936 1819 2184 1871 scholium
2207 1844 2220 1871 ·.
2246 1823 2456 1884 Ἀγαθίου
2478 1825 2797 1886 Σχολαστικοῦ
2822 1825 3036 1873 Ἀσιανοῦ
3064 1828 3322 1889 Μυριναίου

1762 1890 1817 1938 οὐ
1840 1890 2059 1951 στέφανος
2072 1928 2086 1952 ,
2111 1892 2227 1940 ἀλλά
2250 1895 2500 1954 συναγωγὴ
2532 1896 2646 1941 νέων
2683 1894 3060 1956 ἐπιγραμμάτων.
3098 1896 3115 1957 (
3135 1916 3160 1939 «ι
3183 1899 3328 1946 Συνα*

1763 1960 1916 2020 γωγή,
1946 1960 2092 2009 sicuti
2119 1962 2592 2027 ete'eoevo;‚,sngurate
2622 1962 2942 2025 capiendum3
2965 1965 3224 2027 respicitur
3258 1967 3324 2017 ad

1764 2030 2096 2079 collectionem
2138 2032 2472 2094 symbolarum
2507 2036 2557 2082 et
2582 2036 2871 2097 apparatum
2898 2035 3124 2089 convivii.
3153 2037 3324 2087 Pollux

1766 2104 1833 2151 111
1851 2139 1863 2162 ,
1899 2109 1958 2152 2ss
1993 2123 2004 2150 :
2037 2102 2110 2151 Τὰ
2137 2105 2187 2152 δὲ
2214 2104 2522 2167 πράγματα...
2541 2106 2775 2165 συλλογὴ,
2809 2109 3092 2167 συναγωγὴ,
3131 2108 3289 2173 ἔρανος
3307 2145 3322 2168 ,

1764 2174 2008 2232 σύστασις.
2051 2194 2074 2217 >³
2118 2174 2468 2235 Huschkius.)
2506 2176 2753 2238 Ἥκμασεν
2779 2177 2828 2224 δὲ
2877 2176 3012 2231 οὗτος
3047 2179 3075 2227 ὁ
3113 2181 3324 2238 'ti-suein:

1763 2242 1837 2290 ἐπὶ
1866 2245 2192 2293 Ἰουστινιανοῠ
2228 2250 2310 2293 τοῦ
2352 2245 2553 2308 μεγάλου
2569 2258 2582 2270 ·
2621 2246 2818 2309 ἔγραψεν
2863 2247 2912 2295 δὲ
2964 2249 3044 2295 καὶ
3095 2250 3324 2312 Ἱστορίαν

1762 2313 1843 2359 καὶ
1874 2314 1934 2361 τὰ
1957 2314 2335 2376 ἐπονομαζόμενα
2370 2316 2630 2378 Δαφνιακά.
2657 2316 2864 2378 Ἔγραψε
2896 2318 2945 2365 δὲ
2976 2321 3124 2366 ταῦτα
3147 2320 3207 2367 τὰ
3229 2321 3326 2369 ἐπι·-

1764 2384 2014 2447 γράμματα
2060 2386 2174 2448 πρὸς
2223 2385 2462 2450 Θεόδωρον
2499 2386 2801 2449 δεκουρίωνα.
2841 2386 3034 2443 Quibus
3063 2388 3190 2438 adde
3215 2389 3326 2439 haec

1762 2454 1927 2507 Suidae
1976 2475 1987 2503 :
2021 2458 2231 2511 συνέταξε
2277 2458 2383 2507 δὲ...
2436 2459 2516 2505 καὶ
2543 2457 2722 2505 Κύκλον
2755 2463 2847 2505 τῶν
2889 2459 3005 2507 νέων
3038 2459 3326 2523 ἐπιγραμμά-

1762 2542 1874 2583 των,
1906 2526 1958 2573 ὃν
1999 2527 2133 2582 αὐτὸς
2178 2529 2378 2585 συνῆξεν-.
2408 2529 2462 2575 ἐκ
2503 2532 2596 2576 τῶν
2633 2528 2756 2576 κατὰ
2801 2529 2962 2589 καιρὸν
3003 2536 3224 2586 ποιητῶν·
3273 2534 3324 2581 et

1762 2594 1916 2657 ipsius
1935 2594 2152 2657 Agathiae
2169 2596 2220 2645 in
2239 2596 2471 2659 prooemio
2488 2596 2714 2646 Historiae
2740 2616 2753 2645 z
2783 2598 2904 2651 ἔδοξε
2929 2598 2978 2645 δέ
3004 2614 3081 2659 μοι
3103 2600 3322 2663 πρότερον

1762 2666 1948 2717 κάκεῖνο
1974 2667 2232 2721 ἀξιέπαινόν
2253 2684 2295 2715 τι
2315 2668 2430 2715 εἶναι
2457 2669 2537 2715 καὶ
2561 2667 2648 2716 οὐκ
2669 2667 2809 2730 ἄχαρι
2823 2703 2837 2727 ,
2863 2668 2955 2728 εἷγε
2979 2674 3072 2716 τῶν
3095 2670 3316 2734 ἐπιγραμ-

1763 2737 1921 2798 μάτων
1947 2737 2006 2784 τὰ
2029 2738 2238 2799 ἀρτιγενῆ
2263 2739 2342 2785 καὶ
2367 2738 2566 2799 νεώτερα
2589 2736 2946 2785 διαλανθάνοντα
2970 2738 3038 2787 ἔτι
3074 2740 3154 2787 καὶ
3179 2742 3322 2799 χύδην

1762 2809 1933 2861 οὑτωσὶ
1958 2808 2066 2870 παρ’
2091 2807 2226 2863 ἐνίοις
2256 2807 2672 2871 ὑποψιθυριζόμενα
2709 2806 2940 2869 αγείραιμί
2981 2824 3030 2856 τε
3063 2812 3125 2864 ὡς
3150 2810 3248 2859 οἶόν
3271 2830 3322 2861 τι

1762 2879 1825 2933 εἰς
1864 2879 2004 2926 ταύτὸ
2046 2879 2128 2926 καὶ
2173 2878 2486 2941 ἀναγράψαιμι
2527 2879 2704 2926 ἕκαστα
2745 2877 2916 2940 κόσμῳ
2960 2880 3319 2943 ἀποκεκριμένα.

1765 2966 1788 2989 «
1814 2949 1907 2998 Per
1931 2949 2092 2997 totum
2115 2946 2212 2998 boc
2253 2947 2544 3011 prooemium
2578 2947 2806 3010 Agathias
2843 2948 3070 3012 allegoria
3103 2951 3262 3001 utitur
3293 2967 3324 3003 a

1762 3018 1962 3072 Platone
1986 3015 2099 3068 inde
2123 3019 2403 3082 pervulgata
2441 3019 2590 3080 λόγων
2619 3018 2782 3083 ἐράνου
2805 3021 2855 3069 et
2879 3020 3148 3082 ἑστιάσεων,
3182 3025 3324 3088 eujus

1764 3089 1972 3137 convivii
2007 3088 2196 3152 singula
2223 3091 2506 3138 ornamenta
2535 3089 2598 3138 ab
2624 3089 2851 3138 omnibus
2887 3089 2970 3140 illo
2993 3093 3214 3156 tempore
3242 3095 3325 3143 ilo-

1762 3158 1982 3208 rentibus
2006 3159 2164 3222 poetis
2189 3162 2454 3222 acceperat.
2479 3179 2503 3202 u
2531 3159 2745 3209 Hecker.
2765 3185 2830 3195 —
2847 3164 2875 3210 3
2907 3161 3168 3226 ἑρυγκάνειν
3200 3165 3319 3214 Cod.

1761 3255 1821 3271 -·-
1838 3235 1866 3279 8
1880 3229 1923 3276 τί
1944 3231 2018 3278 δαὶ
2030 3235 2110 3278 νῦν
2127 3233 2412 3292 ποιήσομεη
2430 3229 2489 3278 τὰ
2509 3228 2652 3290 Cod.;
2668 3230 2716 3278 δὲ
2739 3230 2963 3292 Salmas.;
2982 3233 3196 3291 ποιήσιος
3224 3243 3324 3296 μῶν

1762 3299 2044 3358 Jacobsins;
2091 3303 2304 3360 ποιήσως
2334 3302 2398 3362 μὴ
2433 3299 2636 3348 Bothius
2680 3302 2830 3354 recte.
2854 3301 3123 3363 Ποιήσομεν
3161 3303 3324 3356 invitis

1762 3368 2006 3431 rhythmis
2041 3373 2212 3420 tenens
2253 3369 2597 3419 Boissonadius
2641 3373 2842 3423 annotat
2885 3391 2898 3418 ε
2930 3391 2953 3412 «
2995 3374 3036 3424 Ν
3043 3387 3322 3424 umerorum

1762 3441 1970 3492 mutatio
1987 3456 2084 3490 non
2100 3441 2248 3491 habet
2272 3439 2408 3503 quod
2433 3440 2685 3490 offendere
2709 3440 2900 3490 debeat.
2917 3444 3150 3506 Exempla
3167 3447 3322 3496 multa

1762 3512 1944 3574 protuli
1971 3512 2033 3562 ad
2050 3513 2278 3575 Diogenis
2299 3511 2538 3575 Epistolas
2563 3512 2613 3560 in
2637 3511 2810 3562 Notitt.
2839 3513 2957 3560 Mss.
2979 3515 3016 3561 t.
3052 3521 3123 3574 ιο,
3152 3527 3201 3577 p.
3231 3524 3322 3567 266

1764 3585 1813 3630 et
1838 3581 1897 3630 ad
1928 3585 2042 3632 Eur.
2077 3584 2158 3631 Or.
2186 3587 2288 3633 111.
2319 3581 2457 3630 Adde
2481 3582 2714 3632 Rufinum
2745 3582 2873 3636 infra
2899 3583 2959 3642 V,
2987 3595 3061 3643 ep.
3084 3587 3170 3642 743
3192 3589 3320 3635 Pau·

1762 3651 1865 3700 lum
1890 3653 1971 3701 Sil.
1994 3655 2072 3711 IX,
2088 3665 2168 3714 ep.
2192 3655 2300 3713 764,
2319 3659 2364 3710 2;
2386 3650 2640 3715 Agathiam
2666 3651 2732 3701 ib.
2756 3656 2864 3710 766,
2883 3659 2928 3701 6.
2949 3651 3154 3704 Ovidius
3172 3656 3314 3706 Trist.

1761 3725 1826 3780 Π,
1856 3728 1916 3770 30
1939 3742 1950 3770 2
1971 3736 2066 3770 nec
2085 3735 2168 3769 me
2192 3725 2440 3770 meruisse
2457 3723 2666 3784 negabo3
2687 3723 2808 3770 Non
2838 3721 2971 3773 adeo
2997 3725 3162 3773 nostro
3183 3724 3320 3788 supini

1762 3793 1827 3842 ab
1853 3807 1944 3842 ore
1965 3794 2154 3856 pudor.
2192 3813 2213 3834 n
2241 3796 2379 3841 -14
2407 3798 2506 3848 πῶς
2543 3790 2684 3851 Cod.,
2718 3809 2818 3847 πως
2857 3804 3019 3854 apogr.
3053 3795 3160 3843 Par.
3193 3815 3216 3838 «
3248 3801 3319 3846 De

1762 3863 1955 3912 aurium
1984 3863 2098 3912 lobo
2121 3863 2368 3926 perforato
2392 3861 2626 3911 eruditior
2659 3861 2754 3911 hoc
2783 3863 2892 3912 loco
2920 3863 3014 3914 suit
3043 3865 3320 3918 Huschkins

1764 3932 1888 3992 (haec
1929 3936 2143 3982 tractans
2183 3933 2233 3980 in
2271 3930 2558 3995 Anthologia
2591 3934 2650 3981 H.
2675 3932 2738 3985 de
2771 3931 2946 3981 Bosch.
2979 3934 3152 3996 volv,
3173 3950 3221 4000 p.
3241 3941 3319 3987 XL

1761 4004 1936 4065 seqq).
1961 4005 2082 4052 Nam
2107 4002 2169 4052 de
2194 4003 2301 4066 ipso
2327 4001 2502 4052 auditu
2529 4002 2687 4065 agitur
2711 4007 2762 4051 et
2779 4002 2841 4050 de
2859 4002 3024 4052 surdis
3040 4042 3053 4064 ‚
3071 4006 3250 4066 quibus
3271 4009 3318 4057 iu

1762 4087 1882 4123 cavo
1908 4075 2104 4122 aurium
2132 4073 2347 4126 foramen
2385 4073 2573 4123 nullum
2603 4076 2702 4134 est,
2722 4073 2930 4135 ideoque
2969 4073 3198 4126 audiendi
3224 4093 3320 4130 usu

1762 4147 1942 4194 carent.
1969 4164 1992 4187 n
2017 4147 2078 4194 B.
2099 4144 2327 4201 Imitatur
2351 4143 2741 4206 Aristophanem,
2760 4147 2870 4192 Pac.
2891 4148 3032 4193 21.—
3051 4150 3122 4194 16.
3141 4149 3226 4196 κοῦ
3240 4165 3322 4196 κα-

1760 4218 2130 4276 τεόλακευμένως
2155 4217 2274 4266 item
2289 4229 2346 4264 ex
2366 4213 2683 4276 Aristophane
2700 4252 2712 4272 ,
2733 4214 2859 4263 Plut.
2883 4219 2990 4264 325.
3011 4242 3074 4252 —
3091 4222 3162 4267 18.
3184 4236 3208 4260 α
3225 4223 3321 4268 Pro

1762 4289 1992 4349 suspecto
2022 4287 2277 4349 ἐμμετρεῖν,
2312 4286 2474 4336 forsan
2517 4287 2765 4346 ἐκμετρεῖν,
2791 4297 2892 4346 quo
2921 4285 3059 4335 ducit
3084 4291 3322 4354 perpetua

1762 4358 2156 4420 praepositionum
2200 4358 2391 4406 illarum
2433 4356 2676 4406 coul'usio.
2699 4381 2759 4392 —
2783 4363 2852 4406 19.
2875 4358 3059 4406 Forsan
3093 4361 3174 4407 καὶ
3209 4362 3318 4422 πρὸς

1762 4445 1813 4487 γε
1835 4429 2002 4491 τούτῳ.
2031 4448 2062 4473 ι».
2083 4431 2141 4479 Β.
2174 4427 2320 4485 Quod
2359 4427 2516 4490 recepi
2541 4440 2629 4490 pro
2652 4433 2805 4476 τοῦτο.
2832 4427 2960 4476 Illud
2985 4441 3102 4477 vero
3139 4429 3178 4482 si
3205 4445 3317 4480 mu-

1762 4498 1966 4548 tandum
1990 4501 2090 4558 est,
2127 4503 2183 4554 tu
2209 4505 2486 4561 συμμετριῖν
2521 4497 2684 4559 potius
2723 4497 2895 4547 scribe.
2925 4524 2988 4534 —
3012 4504 3066 4548 :31
3099 4499 3170 4548 ἐπ’
3202 4502 3318 4564 ἐμοῦ

1762 4581 1925 4632 apogr.
1946 4572 2053 4618 Par.
2075 4571 2195 4616 Haee
2209 4580 2406 4630 quoque
2430 4581 2486 4616 ex
2515 4565 2832 4628 Aristophane
2857 4581 3108 4630 expressa,
3137 4572 3224 4632 Eq.
3258 4579 3316 4622 55

1761 4652 1895 4701 seqq.
1912 4665 1975 4676 --—
1991 4643 2050 4688 32
2069 4638 2198 4687 ταῦτ’
2217 4637 2299 4687 οὖν
2321 4638 2624 4697 Huschliiu83
2652 4641 2783 4686 ταυτὶ
2805 4638 2888 4699 μὲν
2906 4637 2986 4686 οὖν
3009 4639 3187 4701 (leden
3217 4657 3320 4705 quo

1761 4710 1928 4758 relicto
1963 4709 2162 4758 Salmas
2200 4714 2376 4770 σοφῶν,
2412 4707 2672 4757 Jacobsius
2708 4725 2804 4768 τις,
2840 4709 2968 4768 οἶδα,
3006 4716 3100 4758 τῶν
3140 4718 3316 4772 σοφῶν,

1772 4793 1909 4828 uon
1937 4779 2041 4829 sine
2064 4779 2336 4830 temeritate
2359 4799 2401 4838 n,
2417 4777 2583 4838 judice
2601 4779 2778 4839 Boiss.,
2799 4781 2850 4828 et
2874 4778 3052 4829 delevit
3077 4780 3180 4844 ipse
3209 4786 3311 4832 Jac.

1757 4851 1805 4898 in
1839 4853 1962 4899 nott.
1999 4863 2116 4898 mss,
2152 4851 2222 4898 Τὰ
2251 4851 2332 4910 μὲν
2360 4849 2440 4897 οὗν
2465 4850 2554 4910 ἐρεῖ
2593 4866 2660 4906 τις
2683 4849 2776 4898 ὧδε
2807 4847 2936 4911 (hic,
2965 4852 3196 4912 Byzantii)
3221 4859 3315 4902 τῶν

1756 4921 2036 4982 σοφωτάτων
2082 4920 2281 4969 lleclser.
2304 4926 2440 4970 -38
2470 4919 2644 4982 εἰσάγω
2681 4921 2952 4977 flecken-um
2987 4922 3134 4984 ἐξάγω
3171 4923 3312 4981 cod„

1759 4991 1903 5052 ἐξαιρῶ
1922 4991 2113 5040 Jacobs.
2144 4993 2192 5040 ct
2219 4991 2311 5038 alii.
