3829 5747
1328 173 1399 232 {N
1430 173 1678 234 CAPUT
1716 174 1810 234 Vll
1855 177 2308 240 ΑΝΝΟΤΑΤΙΟ.

216 307 281 352 ναὶ
315 305 401 362 μὴν
433 301 543 364 itus*
560 303 697 368 ἀρετῇ
726 303 1000 366 conjiciens,
1031 303 1131 352 ἀντ·
1161 303 1323 366 ἀρετῆς
1348 304 1751 356 Schneidewinns

215 379 259 426 et
294 377 507 436 Ungerus
532 375 692 423 Beitr.
728 386 777 437 p.
816 377 895 434 37,
919 373 1051 436 quod
1084 375 1257 438 recepi.
1279 376 1527 426 Beckerus
1559 377 1752 427 volebat

216 447 265 494 οὐ
296 445 379 505 μὴν
396 442 496 492 ἀλλ’
514 443 586 504 ἀρ.
606 443 685 492 vel
706 443 780 491 ναὶ
815 449 901 503 γῆν
932 443 1049 502 ἀλλ’,
1079 443 1143 493 ob
1186 445 1363 494 malam
1401 447 1749 496 correctionem

216 515 325 568 initii
352 515 409 563 Ἐ
424 515 495 563 σό
510 531 573 572 ης
606 515 653 562 ἐν
668 513 948 578 προμάχοις.
970 540 1033 550 -
1060 522 1089 565 6
1109 517 1275 579 χέαντο
1299 516 1422 566 Cod.
1448 520 1554 567 Ἀνὰ
1577 519 1749 580 ξηρὴν

292 586 413 634 κόνιν
447 587 551 634 Jac.
582 582 793 633 malebat
826 582 891 632 ad
916 585 1130 634 Analect.
1175 587 1213 634 t.
1260 588 1370 647 vll,
1397 600 1443 650 p.
1483 591 1593 646 432,
1634 588 1745 638 coll.

214 659 318 706 Eur.
355 654 525 704 l’hoen.
560 659 691 704 11⁵2.

268 800 449 848 Dxm.
497 799 695 846 Lemma
740 817 753 845 ι
788 797 851 852 εἷς
878 795 1063 844 παιδίον
1090 797 1383 860 διερχόμενον
1414 799 1503 848 ’τὸν
1540 801 1749 861 ποταμὸν

212 869 369 930 Ἔδρσν
388 865 811 931 monumenta·
839 867 1025 914 καὶτοῦ
1062 865 1219 928 πάγου
1258 865 1611 929 περιρῤαγὲντος
1649 869 1749 924 ἑξο-

212 941 425 996 λισθῆσαν
438 937 631 993 διεκόπη
648 936 733 994 τὴν
758 937 960 996 κεῃαλῆν
989 937 1083 986 ὑπὸ
1111 941 1195 985 τοῦ
1216 937 1417 995 παγίτου
1427 939 1519 986 καὶ
1540 939 1745 996 τέθνηκε.

212 1010 413 1060 Eandem
436 1007 687 1058 historiam
714 1008 944 1058 tractwit
971 1005 1219 1070 Philippus
1246 1005 1417 1056 Thess.
1446 1007 1525 1068 lx,
1554 1021 1631 1071 ep.
1668 1016 1745 1060 56.

212 1085 537 1143 -1ιιρυμοῖσι
556 1080 764 1136 πεδηθεὶς
798 1078 952 1138 Plan..
976 1079 1087 1128 fort.
1122 1091 1179 1128 ex
1212 1075 1450 1139 Philippo,
1480 1077 1565 1140 qui
1587 1096 1602 1127 z
1634 1097 1747 1141 apsa

212 1156 281 1213 μῷ
312 1151 627 1211 πεπεδημένον
661 1149 801 1210 ὕδωρ.
830 1175 891 1184 -
915 1157 945 1198 fi
984 1149 1151 1210 ὕπερθε
1178 1147 1326 1208 τάφου
1354 1145 1474 1194 Cod.
1512 1149 1565 1197 et
1594 1149 1747 1210 Plan.,

212 1233 325 1268 corr.
356 1219 645 1270 Brunckius.
689 1238 713 1260 κ
745 1219 903 1281 Junge
942 1231 955 1260 z
1002 1219 1125 1280 κάρα
1155 1218 1329 1279 λειφθὲν
1360 1215 1525 1276 ὕπερθε
1575 1219 1751 1283 (super

210 1291 378 1353 glacie)
418 1291 554 1347 ἔθηκε
587 1290 702 1352 (pro
730 1289 941 1346 ἐνέθηκε)
978 1289 1127 1352 τάφῳ.
1156 1309 1182 1331 ¹·
1206 1291 1323 1338 Jac.
1353 1317 1414 1326 —-
1445 1295 1471 1341 7
1516 1295 1751 1352 μυρομὲνα

211 1360 321 1410 Cod.
350 1391 409 1402 —
436 1360 606 1410 Latine
636 1360 751 1409 olIm
786 1358 1030 1410 redditum
1056 1363 1107 1409 et
1127 1357 1177 1408 in
1207 1359 1457 1410 codicibus
1488 1361 1620 1411 Julio
1639 1363 1747 1410 Cae-

211 1431 297 1480 sari
322 1431 401 1480 vel
436 1429 723 1480 Germanico
750 1429 931 1478 Caesari
968 1428 1253 1492 inscriptum
1285 1428 1439 1480 habes
1466 1431 1513 1478 in
1554 1429 1747 1480 Anthol.

210 1503 367 1552 latina
396 1503 479 1563 Ν,
508 1505 567 1550 92
590 1499 705 1563 (ubi
735 1500 893 1550 multa
919 1500 1084 1548 Burin.
1107 1513 1154 1562 p.
1188 1506 1246 1548 62
1275 1505 1445 1562 seqq.)
1479 1517 1489 1546 :

354 1642 500 1686 Thrax
526 1653 643 1697 puer
667 1640 884 1685 adstricto
901 1639 1041 1694 glacie
1064 1637 1173 1684 dum
1192 1639 1372 1683 luderet
1390 1639 1567 1692 Hebro,

409 1705 593 1760 Frigore
611 1708 847 1748 concretas
873 1701 1071 1757 pondere
1100 1700 1223 1757 rupit
1244 1712 1405 1757 aqnas3

356 1769 561 1820 nutuque
588 1765 691 1808 imae
711 1768 860 1820 partes
877 1763 1035 1818 rapido
1058 1762 1349 1806 traherentur
1373 1764 1431 1806 ab
1454 1773 1603 1816 amne,

409 1825 613 1870 Abscidit
632 1824 719 1868 heu
740 1827 947 1868 tenerum
969 1822 1139 1866 lubrica
1156 1825 1267 1866 testa
1286 1828 1435 1879 caput.

355 1887 483 1931 orba
509 1887 629 1942 quod
652 1887 889 1929 inventum
909 1889 1053 1928 mater
1066 1885 1176 1928 dum
1197 1885 1416 1930 conderet
1441 1897 1556 1931 urna
1573 1918 1587 1938 ,

412 1965 431 1988 ι
456 1951 555 1994 Hoc
576 1949 733 2005 peperi
758 1947 960 1997 llammis,
982 1949 1131 1991 cetera
1155 1945 1321 2000 (dixit)
1348 1949 1487 2004 aquis
1514 1965 1531 1990 ι

264 2081 478 2130 Dxull.
509 2081 709 2128 Lemma
739 2096 751 2128 :
785 2081 847 2134 εἰς
879 2080 1109 2139 Θεογένην
1136 2081 1359 2140 ναυαγὸν,
1386 2081 1434 2128 ἐν
1454 2085 1523 2142 τῷ
1559 2081 1752 2129 Λιὸυιιῶ

210 2152 383 2212 πελάγει
404 2149 751 2210 ναυαγήσαντα.
782 2169 805 2190 «ι
826 2151 899 2198 De
916 2151 1093 2208 nauta,
1108 2149 1189 2198 cui
1208 2149 1353 2199 turba
1383 2163 1563 2213 gruum
1588 2149 1637 2199 in
1662 2134 1749 2199 na·-
1796 2135 1801 2202 Ι

208 2236 309 2272 rem
326 2219 647 2270 incidentium
672 2223 879 2268 mortem
900 2219 1075 2269 attulit.
1104 2221 1175 2269 De
1195 2219 1529 2269 coturnicibus
1558 2220 1744 2270 Plinius

208 2295 263 2350 x,
281 2297 339 2342 33
364 2305 378 2334 ι
399 2289 661 2340 Acie-olant
688 2291 734 2340 et
756 2287 835 2338 hx
862 2288 1022 2338 simili
1048 2288 1225 2350 modo,
1248 2301 1355 2338 non
1382 2292 1493 2339 sin-e
1506 2291 1751 2352 periculo

206 2363 591 2425 naviqantium,
612 2371 773 2422 quum
808 2362 1302 2422 appropinquavere
1327 2363 1480 2410 terris
1516 2373 1527 2403 =
1562 2363 1753 2424 quippe

207 2434 327 2483 velis
347 2443 486 2495 ωερε
510 2432 765 2488 incidunt,
788 2432 835 2478 et
861 2427 961 2478 Ιιοσ
980 2441 1190 2492 semper
1210 2432 1387 2489 noctu,
1408 2433 1753 2494 vterquntque

200 2507 429 2566 ‘navique
454 2503 593 2552 Idem
632 2501 815 2552 Plinius
855 2503 1045 2562 xxxu,
1075 2509 1123 2560 6,
1166 2499 1229 2550 de
1266 2499 1541 2564 loliginibus
1570 2501 1751 2562 tradit,

206 2577 333 2624 tanta
355 2571 610 2624 interdum
642 2569 956 2620 multitudine
992 2571 1213 2630 evolare,
1255 2573 1311 2620 ut
1347 2571 1537 2635 navigia
1558 2571 1752 2622 demer-

206 2648 327 2707 gant.
358 2665 381 2688 a
415 2645 537 2693 lac.
571 2668 636 2678 —
675 2649 696 2690 1
743 2642 993 2704 ἀρνήσαιτο
1046 2641 1189 2702 cod.,
1240 2641 1449 2692 alterum
1506 2643 1642 2692 Plan.
1688 2671 1752 2680 —

206 2719 247 2764 4.
280 2735 301 2758 ι
333 2715 411 2764 Sic
446 2711 697 2775 Aristoph.
726 2719 815 2762 Av.
860 2715 950 2763 578
980 2715 1247 2777 ῑστρουθῶν
1268 2715 1397 2776 νέφος
1426 2713 1573 2778 ἀρθὲν.
1612 2735 1636 2758 >2
1688 2717 1749 2764 B.

206 2785 337 2833 cons.
357 2798 438 2848 ep.
477 2786 585 2844 745,
605 2787 650 2833 3.
680 2782 800 2833 Mire
823 2782 1055 2832 Grotius:
1088 2783 1215 2832 Cum
1251 2784 1425 2833 tamen
1548 2804 1591 2844 υ,
1620 2786 1753 2847 quod

206 2868 293 2906 non
318 2854 553 2918 intelligo.

258 2963 479 3047 nxuv.
512 2998 714 3046 Lemma
742 3014 755 3044 ι
786 2997 849 3051 εἷς
877 2996 1065 3060 Δερξίαν
1090 2996 1168 3045 τὸν
1188 2994 1453 3057 Λάμπωνος
1480 3002 1567 3046 τοῦ
1588 3000 1748 3048 Φθιώ-

202 3084 280 3117 του
304 3070 397 3117 ὑπὸ
416 3070 607 3129 λῃστῶν
628 3066 960 3131 ἀναιρεθέντος.
996 3092 1058 3102 -
1082 3070 1101 3114 1
1136 3066 1194 3127 ἦν
1222 3065 1328 3116 πόθ’
1356 3066 1477 3116 eod.
1508 3094 1561 3104 —
1583 3075 1611 3119 2
1641 3071 1749 3118 θαυ-

203 3140 397 3199 nantem
418 3135 565 3197 Cod.,
586 3149 713 3185 corr.
738 3135 1035 3185 Holstenius.
1073 3166 1132 3177 —
1152 3138 1199 3185 3.
1234 3154 1258 3177 κ
1285 3138 1379 3186 Per
1414 3138 1585 3187 silvam
1618 3138 1751 3188 illam

124 3220 133 3230 ·
204 3207 449 3257 naleaeam
471 3205 547 3262 (in
577 3204 905 3267 promontorio
932 3204 1134 3265 Maleae)
1166 3218 1321 3267 nuper
1344 3205 1439 3256 iter
1457 3206 1572 3256 l'ecit
1594 3210 1645 3257 et
1662 3208 1755 3257 bu-

196 3278 275 3341 jus
303 3276 531 3327 meminit
573 3276 933 3340 epigrammatis
967 3274 1173 3325 Leakius
1190 3313 1203 3336 ,
1241 3289 1391 3338 quem
1432 3276 1545 3326 vide
1573 3280 1695 3327 tom.
1730 3282 1751 3330 1
1796 3270 1801 3293 ¹

202 3347 385 3397 Itineris
412 3359 502 3411 per
524 3346 679 3395 Graec.
712 3347 940 3409 septentr.
972 3359 1019 3407 p.
1040 3348 1147 3394 461.
1168 3363 1192 3385 ι»
1215 3345 1276 3393 B.
1306 3373 1369 3386 —
1386 3350 1433 3395 4.
1458 3366 1483 3389 οι
1507 3347 1751 3398 Incertum

202 3416 511 3479 relinquitur,
540 3415 811 3467 voluerItne
836 3417 979 3476 poeta
1004 3412 1253 3463 tumulum
1281 3415 1473 3465 Derxiae
1491 3418 1754 3478 Lamponia
1796 3420 1800 3482 Ι

202 3484 311 3545 filii,
332 3488 423 3535 aut
452 3498 603 3549 quem
625 3487 807 3548 Lampo
843 3484 1034 3534 Derxioe
1067 3484 1167 3535 filio
1193 3484 1385 3535 insilva
1416 3489 1625 3550 aggessit
1654 3508 1665 3537 ·.
1696 3484 1800 3557 ut!

202 3558 331 3617 pater
356 3555 485 3618 ipse,
511 3567 623 3604 eum
645 3551 1037 3604 tilioinLaconia
1069 3557 1313 3616 versatus,
1339 3566 1367 3603 a
1386 3554 1653 3607 latronibus
1677 3559 1751 3607 in·
1794 3569 1799 3626 ξ
1841 3606 2046 3656 tentiam
2073 3606 2272 3655 minime
2305 3604 2578 3665 mnfimat.
2637 3606 2726 3655 sed
2762 3606 3065 3669 immobilem
3105 3607 3268 3659 reddit
3310 3622 3390 3673 ep-

198 3624 461 3675 terfectum
480 3624 771 3687 sepeliverit.
806 3642 828 3665 υ
848 3626 958 3673 Jac.

254 3768 446 3816 nxLV.
481 3768 681 3815 Lemma
716 3782 727 3813 ε
766 3766 829 3820 εἰς
854 3764 1140 3828 Ἀριστόνουν
1178 3766 1255 3815 τὸν
1290 3768 1649 3829 Χαιρεστράτου.
1690 3794 1751 3803 -

195 3862 253 3871 -
282 3841 301 3885 1
334 3840 421 3894 τήν
448 3835 523 3884 ἐπὶ
558 3833 700 3893 Cod.·,
729 3834 823 3884 ἀπὸ
852 3832 1203 3895 casaubonus,
1232 3835 1367 3898 quod
1394 3836 1601 3899 probant
1622 3838 1748 3896 sac„

194 3905 345 3954 Boias.
379 3906 437 3954 et
475 3904 683 3953 Meinek.
720 3917 768 3966 p.
805 3905 907 3952 147.
940 3930 1002 3939 -
1026 3910 1071 3953 2.
1124 3922 1146 3945 α
1188 3906 1271 3958 Εἰς
1302 3906 1644 3967 Ῥαδάμανθυν,
1686 3906 1749 3955 ad

194 3976 386 4035 piorum
422 3976 477 4024 et
518 3973 775 4023 beatorum
811 3973 970 4034 sedes,
990 3973 1085 4024 ubi·
1117 3974 1519 4025 Rhadamanthus
1560 3981 1752 4027 exercet
1794 3978 1798 4040 ᾖ

194 4044 471 4108 imperium.
501 4043 613 4093 vid.
638 4042 773 4093 Pind.
806 4044 881 4094 Ol.
911 4046 975 4103 ΙΙ,
1002 4049 1177 4107 75-95,
1198 4060 1311 4097 cum
1333 4048 1548 4097 Boecknii
1576 4050 1745 4113 explic.
1792 4048 1798 4115 ῑ

194 4128 239 4177 ιι.
264 4120 368 4167 131.
398 4114 573 4179 Virgil.
601 4117 709 4165 AEn.
738 4116 823 4175 vl,
852 4118 980 4165 540⁹.

350 4236 441 4281 nic
464 4236 593 4280 loeus
612 4238 697 4288 est,
718 4238 870 4291 partes
882 4236 958 4280 ubi
977 4247 1025 4281 se
1046 4238 1115 4281 vla
1133 4236 1264 4282 findit
1277 4240 1323 4283 in
1343 4238 1494 4284 ambas
1515 4252 1527 4280 ι

350 4300 562 4342 Dea-tera
575 4328 589 4350 ,
608 4308 708 4352 qna
729 4298 839 4343 Ditis
854 4300 1007 4353 magni
1033 4299 1117 4343 sub
1152 4302 1317 4345 moenia
1338 4302 1509 4355 tendit3

350 4362 453 4405 nac
474 4360 563 4404 iter
585 4360 785 4412 Elysium
804 4360 963 4412 nobis3
986 4367 1033 4407 at
1052 4362 1163 4405 lzeva
1182 4362 1404 4407 :italorum

346 4424 543 4467 Exercet
560 4432 733 4477 poenas,
760 4426 809 4467 et
828 4422 887 4465 ad
900 4422 1039 4481 impla
1055 4427 1243 4470 Tartara
1263 4424 1419 4469 mittit.

188 4686 297 4733 ,1αο.

3263 188 3388 247 485.

1840 309 2008 358 sertim
2037 312 2310 362 cornicibus
2349 313 2650 374 (κορώναις).
2681 313 2880 365 Grotius
2901 314 3074 365 maluit
3098 329 3299 366 arcum.
3326 343 3388 356 —

1840 387 1867 430 2
1889 380 2018 443 χίνας
2039 382 2180 442 cod.;
2202 389 2344 444 χῆνας
2367 383 2501 433 Plan.
2523 383 2636 432 edd.
2658 385 2801 448 vett„
2827 387 2963 449 χένας
2983 385 3146 449 Steph.
3169 389 3218 436 et
3235 387 3382 437 Scali-

1838 462 1950 511 ger-z
1985 451 2149 512 κίχλας
2190 451 2363 502 Aldina
2407 452 2578 509 tertia.
2612 465 2762 516 quam
2802 457 3003 505 secutus
3043 460 3120 506 est
3170 457 3386 509 Grotius.

1838 519 2002 580 Χένας,
2020 519 2071 568 in
2089 519 2180 570 hac
2200 534 2320 571 voce
2339 520 2602 586 singulare,
2622 526 2793 573 tuetur
2817 521 3038 588 analogia
3065 539 3390 589 syncopatum

1840 588 2089 640 similium.
2117 617 2179 628 ·—
2217 596 2246 642 3
2273 593 2577 656 παραστίχων
2618 593 2761 653 code,
2806 595 2973 650 ἐκεῖνος
3002 595 3125 645 cod.
3151 598 3202 646 et
3230 595 3389 657 Flam,

1840 673 1966 708 corr.
2013 661 2222 724 scaliger
2261 665 2313 712 et
2339 661 2542 712 Salmas.
2581 682 2604 704 «
2633 665 2700 714 Ut
2728 663 2776 712 in
2811 665 2907 724 ἦκα
2939 668 2989 714 et
3021 667 3197 725 δολίην,
3243 667 3314 717 sic
3340 667 3388 717 in

1838 730 2090 794 participio
2146 744 2344 794 quoque
2389 735 2468 782 est
2509 732 2791 783 clandestini
2847 738 2898 784 et
2942 735 3098 785 dolosi
3147 736 3394 788 adventus

1839 798 2125 861 significatio
2163 821 2176 849 ι
2219 802 2376 851 tacito
2416 801 2556 851 clam
2591 801 2727 866 pede
2767 803 3032 866 accedens,
3079 807 3137 854 ut
3176 804 3393 868 loquitur

1838 867 2062 918 Tibullus
2103 872 2143 929 1,
2186 869 2249 921 el.
2295 877 2370 932 10,
2398 876 2477 922 34.
2513 892 2538 916 υ
2570 875 2688 922 Jac.
2724 873 2819 930 Qui
2851 873 2969 923 olim
3014 875 3175 924 οἶδεν
3219 875 3393 931 ἐκεῖνος

1838 940 2154 1002 proponebat,
2192 942 2412 992 Grotium
2440 942 2646 993 afferens
2661 980 2674 1003 ,
2697 945 2785 1006 qui
2807 961 2820 992 :
2849 944 3042 1010 fallere
3063 950 3220 996 norat
3248 959 3392 1006 aves,

1839 1011 1974 1073 quod
2003 1012 2162 1075 ipsum
2192 1013 2339 1063 etiam
2367 1014 2462 1073 οῑος
2497 1012 2756 1078 significat.
2788 1041 2850 1051 -—
2880 1023 2908 1066 5
2937 1017 3054 1079 ἦχον
3084 1016 3219 1078 (sio)
3244 1016 3390 1080 cod„

1840 1085 1974 1132 recte
1996 1083 2132 1132 Plan.

1900 1215 2141 1264 Dvan.
2168 1217 2366 1265 Lemma
2396 1215 2644 1280 εείς“ιιόρην
2661 1217 2882 1280 παρθένον
2900 1218 3146 1277 ἰσόψηφον.
3172 1221 3277 1278 (De
3294 1233 3394 1283 quo

1839 1297 2014 1348 genere
2040 1283 2155 1335 vide
2181 1299 2331 1349 supra
2357 1285 2421 1335 ad
2438 1287 2520 1348 v1,
2545 1299 2620 1350 ep.
2643 1285 2862 1350 321.)1n
2897 1301 3070 1352 marga
3093 1291 3157 1345 εἰς
3174 1291 3258 1348 τὴν
3279 1291 3393 1341 Bii-

1839 1372 1983 1419 νωρος
2021 1355 2152 1420 (sic)
2193 1359 2420 1422 Θυγατέρα
2444 1360 2666 1421 παρθένον
2694 1360 3050 1418 τελευτήσασαν.
3080 1386 3142 1397 —
3168 1369 3195 1413 2
3218 1363 3399 1426 τῦμὸον

1842 1428 1975 1477 Plan.
2008 1448 2032 1470 ιι
2063 1428 2252 1492 Πὸτμον
2285 1428 2597 1491 ὀφειλόμενον,
2625 1442 2750 1491 quos
2773 1443 2885 1480 eum
2914 1431 3186 1482 secundum
3203 1437 3398 1484 naturae

1840 1497 1972 1561 leges
2011 1501 2063 1548 et
2105 1497 2326 1548 ordinem
2367 1499 2641 1563 praecedere
2693 1501 2768 1550 t'as
2807 1503 2928 1550 erat.
2983 1523 3006 1544 n
3061 1505 3176 1552 Jac.
3214 1503 3391 1555 Boias:

1843 1587 1867 1612 «
1893 1568 2150 1619 calculum
2177 1569 2390 1630 institui,
2419 1574 2487 1631 et,
2516 1573 2771 1620 numerato
2797 1571 2994 1621 nomine
3011 1573 3206 1636 πότμον,
3233 1572 3396 1623 litera·

1840 1651 1952 1688 rum
1979 1638 2174 1689 distichi
2205 1639 2353 1690 unius
2379 1641 2618 1704 cujusque
2645 1654 2840 1691 summa
2858 1644 2937 1691 est
2963 1646 3104 1692 7247.
3137 1663 3161 1687 u

1902 1781 2158 1830 Dxnvnl.
2187 1783 2386 1830 Lemma
2412 1801 2424 1830 ι
2457 1783 2704 1842 ἰσόψηφον·
2733 1784 2798 1837 εἰς
2823 1788 3023 1843 Ἀργεῖον
3053 1783 3157 1832 τινὰ
3189 1792 3394 1846 συγγενῆ

1842 1851 2180 1905 Δικαιοτὲλους·
2203 1850 2484 1913 Θαυμαστόν.
2519 1871 2543 1894 ιι
2567 1851 2719 1915 cippo
2745 1851 3043 1915 insculptum
3071 1856 3176 1903 erat
3203 1855 3396 1917 Δαίμων

1794 1911 1801 1991 ί
1840 1922 2054 1985 Ἀργεῖος.
2089 1920 2278 1977 Quaerit
2303 1921 2480 1984 viator,
2507 1920 2620 1983 quis
2639 1921 2720 1970 ille
2751 1919 2878 1970 inter
2915 1921 3080 1984 plures
3106 1936 3165 1972 eo
3203 1925 3400 1974 nomine

1840 1991 1973 2041 viros
2001 1989 2163 2040 suerit.
2194 1990 2470 2055 Respondet
2495 1991 2646 2041 Echo.
2679 2011 2704 2034 υ
2732 1994 2868 2050 Iac..
2894 1991 3187 2042 assentiente
3207 1996 3396 2043 Lenae-

1840 2060 1924 2123 pio
1951 2060 2014 2110 ad
2049 2062 2184 2110 Grot.
2217 2074 2266 2124 p.
2299 2066 2407 2111 238.
2455 2059 2548 2109 Alii
2585 2059 2727 2110 aliter
2751 2060 2812 2110 de
2854 2061 3046 2124 Δαίμων
3087 2063 3394 2122 statuebant3

1840 2131 1976 2181 Echo
2005 2130 2300 2194 intelligebat
2344 2130 2566 2192 Grotius,
2592 2130 2678 2196 qui
2720 2143 2770 2179 v.
2799 2137 2826 2180 2
2869 2143 3085 2194 graecum
3125 2134 3395 2196 genitivum

1841 2203 1905 2252 ob
1931 2205 2142 2252 metrum
2171 2201 2350 2265 posuit.
2378 2228 2439 2238 -
2469 2205 2490 2250 1
2515 2201 2606 2263 ἆρα
2624 2200 2766 2260 Cod.;
2792 2201 2824 2261 ἦ
2843 2204 2904 2266 ῥα
2921 2201 3058 2251 Plan.
3079 2205 3130 2252 et
3147 2204 3310 2268 vulgo.
3331 2234 3394 2246 -

1844 2279 1871 2321 2
1901 2273 2220 2327 numatam:
2262 2271 2376 2322 edd.
2403 2270 2592 2333 aliquot
2619 2271 2753 2321 Plan.
2785 2290 2808 2313 et
2839 2269 3034 2320 Codicis
3072 2272 3220 2323 lectio
3253 2277 3392 2324 utra-

1842 2355 1938 2405 que
1960 2339 2281 2404 praeserenda,
2313 2341 2406 2404 ἆρα
2427 2343 2478 2391 et
2504 2343 2842 2396 Διιαιοτεὶους.
2883 2343 3006 2389 Nam
3034 2355 3146 2390 cum
3184 2355 3242 2392 ea
3274 2343 3393 2392 scri·

1841 2416 1986 2476 ptura
2003 2415 2080 2462 est
2109 2411 2496 2475 uniuscujusque
2519 2409 2716 2461 distichi
2740 2423 2932 2461 summa
2960 2415 3099 2462 7150.
3129 2432 3152 2456 υ
3179 2415 3246 2462 Β.

1904 2554 2104 2602 Dxle.
2144 2552 2342 2602 Lemma
2373 2566 2385 2597 ι
2423 2551 2670 2614 ἰσόψηφον·
2693 2553 2756 2608 εἰς
2785 2551 2960 2610 Νιόδην
2991 2553 3073 2610 τὴν
3093 2553 3392 2605 ἀπολιθωθεῖ-

1842 2642 1932 2675 σαν
1949 2624 2026 2673 διὰ
2053 2623 2106 2672 τὸ
2133 2623 2180 2670 ἐν
2209 2625 2292 2684 μιᾷ
2316 2621 2465 2684 ἡμέρᾳ
2480 2621 2538 2670 ιδ’
2566 2621 2705 2670 τέκνα
2735 2621 2895 2684 Θάψαι.
2923 2646 2988 2656 -
3005 2625 3034 2670 3
3053 2623 3162 2683 γόον
3189 2621 3309 2673 cod.
3343 2627 3397 2676 et

1841 2694 1946 2741 Jac.
1960 2708 1975 2751 ς
1991 2693 2104 2753 γόου
2129 2691 2260 2740 Plan.
2286 2709 2309 2732 «ι
2333 2691 2436 2740 Hoc
2454 2689 2664 2753 proetuli.
2682 2693 2802 2740 Nam
2823 2691 2893 2740 sic
2910 2703 3116 2741 summae
3135 2692 3396 2757 utriusque

1842 2760 2038 2810 distichi
2080 2760 2181 2810 sere
2207 2759 2420 2822 mquales
2445 2762 2560 2810 sunt
2609 2775 2621 2806 :
2672 2759 2808 2822 prius
2851 2761 2984 2810 valet
3016 2766 3155 2824 6824,
3184 2762 3395 2814 alterum

1842 2835 1983 2883 6828.
2015 2834 2196 2882 Forsan
2219 2830 2482 2895 scripserat
2508 2832 2681 2882 auctor
2706 2831 2827 2891 λήξει
2854 2831 2953 2882 οὐδ’
2978 2835 3112 2883 αἰῶνι
3135 2833 3248 2896 γόου
3263 2869 3278 2895 ,
3299 2848 3393 2885 nu·

1842 2916 1978 2953 mero
2005 2901 2313 2951 arithmetico
2343 2900 2496 2965 magis
2525 2900 2744 2951 intentus
2768 2915 2916 2965 quam
2943 2902 3151 2966 poetico.
3183 2904 3276 2955 Vel
3308 2918 3397 2969 po-

1842 2972 1946 3023 tius
1969 2972 2014 3021 τί
2033 2972 2249 3029 ἀλαζόνα.
2275 2992 2298 3014 ιι
2320 2974 2379 3022 Β.
2410 2973 2517 3021 Boc
2543 2974 2692 3035 recte,
2713 2975 2766 3024 et
2782 2971 3044 3023 delendum
3063 2987 3173 3025 esse
3186 2974 3228 3025 δ’
3255 2975 3402 3040 signi-

1843 3042 2005 3092 tit-avi.

1904 3186 2005 3233 DL.
2037 3186 2236 3233 Lemma
2269 3203 2282 3230 :
2317 3185 2380 3239 εἰς
2417 3183 2572 3234 Ἁνθὲα
2605 3184 2685 3232 τὸν
2721 3184 2942 3247 νανηγὸν,
2986 3184 3039 3234 ὃν
3069 3186 3124 3235 ἐκ
3161 3186 3397 3242 θαλάσσης

1842 3256 2051 3305 σωθέντα
2080 3254 2218 3306 λύκοι,
2255 3255 2536 3305 ἀπέκτεινεν·
2581 3253 2828 3315 ἰσόψηφον.
2861 3273 2886 3299 σι
2933 3257 3097 3313 Quum
3133 3270 3232 3305 non
3259 3269 3396 3321 repe·

1841 3325 1989 3374 rerim
2036 3324 2162 3373 inter
2206 3322 2417 3374 disticha
2456 3336 2771 3373 numerorum
2811 3322 3097 3387 paritatem,
3139 3326 3240 3375 sere
3285 3336 3391 3377 ere·

1840 3395 2046 3445 diderim
2095 3397 2344 3445 auctorem
2390 3408 2500 3444 esse
2545 3394 2712 3457 potius
2768 3395 3030 3445 Leonidam
3080 3397 3396 3449 Tarentinum

1840 3478 1989 3527 quam
2031 3464 2424 3514 Alexandrinum.
2469 3466 2532 3513 Et
2579 3463 2632 3513 id
2674 3466 2932 3516 Tarentino
2989 3465 3162 3518 tribuit
3217 3469 3392 3519 Brunc-

1842 3536 1966 3585 kius.
1987 3534 2232 3585 Planndes
2251 3536 2485 3585 Λεωνίδου
2503 3536 2698 3586 tantum
2717 3536 2880 3586 habet.
2907 3556 2931 3579 υ
2953 3540 3013 3587 Β.
3040 3541 3258 3595 Quorum
3279 3552 3389 3589 sen-

1842 3681 1933 3727 289
1953 3676 2250 3739 Ἀντιπάτρου
2276 3677 2568 3737 Μακεδόνος,
2589 3675 2642 3726 id
2666 3679 2745 3726 est
2768 3674 2902 3727 haud
2924 3676 3072 3727 dubie
3109 3676 3388 3729 Thessalo-

1795 3780 1798 3793 .
1838 3750 2060 3798 nicensis
2101 3746 2362 3796 Tarentino
2393 3744 2607 3796 Leonida
2650 3746 2946 3809 posterioris.
2988 3751 3061 3797 Ex
3097 3748 3228 3799 illius
3257 3750 3388 3802 enim

1839 3819 2185 3883 epigrammate
2208 3817 2304 3869 hoc
2330 3816 2484 3867 fuisse
2505 3830 2792 3881 expressum
2817 3818 3084 3869 imitatione
3112 3819 3387 3884 manifesta,

1838 3903 1936 3938 non
1975 3891 2162 3945 eontra,
2207 3900 2378 3939 omnes
2404 3886 2544 3937 facile
2581 3887 2867 3937 concedent.
2912 3916 2971 3924 —
2995 3894 3022 3937 2
3052 3909 3074 3931 ιι
3114 3890 3386 3949 Αῑνόλυκον,

1838 3958 2012 4011 eodem
2037 3958 2184 4008 modo
2199 3972 2301 4021 quo
2336 3956 2623 4007 Theocritus
2653 3959 2918 4007 αἰνοὶὲεντα
2941 3958 3062 4008 dixit
3087 3958 3390 4012 horrendum

1836 4031 2040 4089 leonem,
2070 4031 2213 4087 XXV,
2249 4032 2348 4079 168.
2385 4048 2408 4071 ³»
2439 4024 2616 4091 steph.
2643 4055 2703 4065 -—
2726 4032 2754 4078 4
2775 4028 2912 4092 ἔσχες
2937 4030 3072 4078 Plan.

1792 4160 1797 4178 ⁸
1898 4175 2019 4222 nLl.
2051 4174 2250 4222 Lemma
2271 4186 2282 4217 ε
2305 4172 2368 4226 εἰς
2387 4172 2574 4221 Παῦλον
2600 4174 2679 4220 καὶ
2709 4172 2924 4229 Λητώῖον
2955 4171 3086 4233 (sic)
3107 4174 3324 4233 ἀδελφοὺς
3343 4175 3392 4224 ἐν

1792 4238 1797 4263 ²
1838 4242 2072 4305 Βοσπορίῃ
2095 4244 2182 4303 (ex
2213 4256 2262 4291 v.
2283 4242 2345 4306 4)
2368 4243 2744 4299 τελευτήσαντας.
2780 4262 2799 4285 ι
2828 4241 3030 4293 Induos
3060 4243 3266 4305 fratres,
3284 4244 3389 4307 qui,

1835 4313 1960 4362 dum
1996 4312 2234 4373 viverent,
2267 4316 2401 4364 arcta
2435 4311 2790 4362 consuetudine
2811 4313 2986 4376 juncti,
3019 4314 3262 4377 simulque
3289 4316 3393 4369 vita

1792 4383 1797 4397 '
1836 4384 2016 4445 suncti,
2044 4384 2095 4433 in
2133 4382 2304 4433 eodem
2329 4384 2523 4434 tumulo
2572 4382 2755 4433 eonditi
2795 4386 2938 4444 sunt,
2977 4384 3063 4434 ubi
3107 4386 3392 4439 Concordiae

1836 4466 1972 4505 aram
2013 4455 2280 4505 consecrari
2321 4454 2502 4505 debere
2554 4455 2804 4505 existimat
2844 4459 3004 4519 poeta.
3045 4456 3276 4509 Similiter
3327 4460 3392 4510 de

196 4572 247 4581 -
278 4550 305 4593 4
337 4544 471 4601 ὰωος
495 4544 617 4594 eod,
642 4544 857 4607 mmm,
879 4549 935 4595 ut
960 4546 1173 4605 videtur,
1204 4550 1461 4611 AEschylus
1495 4551 1746 4604 Plutonem
1791 4520 1797 4563 ἰ
1834 4523 2067 4574 fratribus
2084 4524 2250 4573 Cascis
2279 4523 2474 4574 Anthol.
2497 4524 2647 4574 latina
2673 4526 2759 4585 lv,
2795 4531 2812 4575 1
2849 4544 2859 4573 :

189 4613 439 4673 ἀγεσίλαον
476 4613 752 4677 appellavit,
784 4619 840 4665 ut
866 4616 945 4665 alii
972 4618 1267 4680 ἀγήσανδρον
1296 4622 1345 4668 et
1358 4620 1693 4683 πολυδέγμονα.
1723 4646 1743 4666 u
1791 4615 1797 4632 ’

1993 4666 2172 4717 Quanta
2198 4661 2281 4707 tuit
2301 4663 2480 4717 mentis,
2502 4667 2626 4708 tanta
2655 4670 2724 4709 est
2743 4666 2990 4711 concordia
3013 4664 3122 4719 tang

2045 4728 2101 4769 Et
2133 4724 2332 4769 tumulus
2349 4726 2546 4771 cinerem
2576 4738 2742 4781 parvus
2760 4730 3010 4783 utrumque
3035 4732 3162 4785 tegit.
3187 4748 3204 4771 ι

250 4828 469 4877 DXLVI.
526 4816 721 4878 Lemma
764 4844 774 4873 :
824 4832 887 4884 el<
926 4830 1173 4893 Ἀρίστωνα
1212 4834 1386 4890 πένητα
1431 4840 1560 4896 χῖνας
1615 4836 1745 4899 (sic)
1789 4830 1795 4899 f
1834 4840 1947 4888 Jac.
1977 4844 2077 4887 -l
2108 4840 2302 4897 λητώῖος
2322 4838 2462 4897 Cod.;
2501 4840 2634 4889 Plan.
2667 4838 2817 4891 habet
2844 4841 3074 4897 alterum.
3101 4843 3164 4893 de
3198 4857 3298 4907 quo
3333 4858 3380 4893 v.

188 4900 461 4961 ἁγρεύοντα.
477 4930 532 4940 -
559 4902 743 4963 inopom
764 4901 927 4951 ὸὸολὸν
945 4902 1067 4951 cod.
1090 4908 1139 4953 et
1154 4906 1257 4953 vett
1290 4904 1402 4953 edd.
1419 4906 1572 4968 Plan„
1590 4922 1748 4959 recen-

186 4970 333 5019 tiores
360 4974 419 5020 ut
444 4968 641 5021 editum.
662 4974 745 5021 Est
777 4972 939 5022 sundae
960 4986 1112 5037 genus
1147 4972 1319 5023 avibus
1350 4974 1595 5038 petendis,
1626 4991 1743 5040 prae·

1790 4905 1795 4970 ῗ
1835 4922 1948 4972 quae
1969 4908 2190 4972 disputat
2221 4912 2276 4959 L.
2307 4909 2528 4961 Dindort'.
2561 4911 2608 4960 in
2635 4910 2782 4962 Thes.
2813 4926 2838 4962 s
2883 4926 2930 4963 v.
2963 4942 3023 4956 -·-
3045 4915 3188 4965 Βκᾰκ
3213 4916 3388 4977 Μοίρης

1790 4995 1795 5008 ·
1836 4978 2196 5041 WakefieldnS,
2228 4978 2339 5029 coll.
2377 4978 2581 5031 Theocr.
2615 4985 2653 5044 1,
2701 4988 2802 5036 139.
2826 5010 2887 5019 -
2927 4992 2954 5037 5
2980 4984 3196 5039 ἀπίοιεν-’φ’
3223 4984 3382 5037 idwi-
