3829 5747
417 111 534 168 2:30

414 251 544 288 nunc
569 236 698 286 delet
717 232 908 284 Jacobs.
929 243 1044 280 cum
1061 227 1295 277 salmasio
1308 228 1358 276 et
1379 224 1631 275 Brunckio.
1651 243 1674 267 ιι
1696 223 1746 272 Si
1763 221 1973 286 genuina
2011 233 2018 278 l

416 313 510 368 est,
539 306 602 357 ad
619 307 834 368 λείψανον
861 301 1064 351 verbum
1083 297 1440 346 substantivum
1460 293 1710 344 subaudiri
1727 293 1890 342 debet.
1910 317 1972 326 --
2012 310 2017 319 ·

417 389 464 428 ss.
501 378 764 440 Ἰχθυόεντα
785 375 940 436 βόλον,
966 384 1056 433 pro
1071 372 1151 418 τὸν
1179 369 1349 428 ἰχθύων
1380 368 1538 428 βόλον,
1569 368 1671 413 rete
1695 377 1807 412 cum
1825 362 1968 424 pisci-

418 451 528 500 bus.
553 450 634 498 Sic
661 446 862 510 Oppiau.
899 442 1006 492 Hal.
1035 443 1077 500 1,
1106 446 1136 489 0
1161 453 1173 480 =
1207 439 1309 501 βίον
1329 437 1590 501 ἰχθυόεντα,
1613 447 1702 498 pro
1727 434 1914 495 ἰχθύων.
1946 450 1970 473 u

416 525 529 570 Jac.

481 663 732 712 ccxxiv.
763 662 962 708 Lemma
991 670 1004 700 ι
1039 656 1114 704 ἐπὶ
1145 653 1317 718 κοχλίᾳ
1361 651 1616 714 θαλασσίῳ.
1654 676 1718 686 --
1756 654 1775 698 1
1815 651 1881 696 εἰν
1899 650 1977 696 ἁλὶ

419 733 584 782 Codex
610 733 659 780 et
681 729 884 786 Suidas3
913 725 1090 775 Εὶνάλιε
1108 725 1212 772 λαὸ.
1247 722 1512 773 Brunckius
1531 725 1582 770 et
1607 720 1780 778 Boiss.;
1805 718 1978 768 Εἰνάλι·
2018 722 2023 735 ’

419 805 460 851 ὦ
485 804 589 850 iae.
623 799 884 848 Dorvillius
907 800 959 846 et
985 794 1206 845 Botbius.
1235 796 1340 842 Jac.
1363 792 1414 840 iu
1439 791 1567 840 notis
1601 803 1742 838 mss:
1779 809 1803 832 «ι
1835 789 1979 838 Aliud

419 872 537 936 quid
555 872 689 920 latet.
715 891 738 912 n
769 872 908 931 Opus
925 869 1030 916 erat
1048 863 1262 926 epitheto
1280 882 1294 922 ς
1315 875 1476 925 neque
1499 861 1549 909 in
1570 859 1789 922 sequenti
1809 861 1853 914 ἐξ
1867 859 1978 913 ἁλὸς

421 955 631 1006 agnosco
657 961 678 983 α
705 953 876 1004 parum
898 933 1168 1001 jucundam
1195 932 1530 995 tautologiam.
1553 952 1575 974 ι»
1594 957 1654 966 -
1674 929 1856 979 2.Hiuc
1876 929 1979 977 Sui·
2020 908 2025 1013 ι

422 1014 512 1062 das
533 1027 549 1059 ⁸.
579 1013 810 1072 ἀγοέμιος,
837 1012 863 1058 ὀ
887 1009 982 1057 ἀπὸ
1003 1013 1084 1064 τῆς
1109 1008 1269 1068 ἄγρας.
1287 1002 1412 1052 Alibi
1429 1015 1526 1050 non
1549 1001 1746 1050 obvium
1772 999 1980 1047 vocabu·

422 1085 538 1133 lum.
560 1085 617 1130 ln
643 1082 739 1131 tine
773 1079 1013 1140 εὑράμενος
1053 1077 1188 1126 Suid.
1209 1101 1274 1111 —
1312 1078 1356 1123 4.
1397 1073 1534 1124 Idem
1567 1093 1580 1120 2
1615 1071 1855 1133 ἀντριάσι,
1879 1075 1979 1126 ταῖς

421 1159 517 1207 τοῖς
538 1153 712 1211 ἄντροις
731 1150 1108 1212 φιλοχωροὺσαις.
1135 1144 1456 1207 Phryniehum
1471 1147 1643 1206 Appar.
1661 1141 1806 1203 Sopb.
1819 1153 1867 1203 p.
1896 1146 1948 1191 17
1967 1160 1978 1189 ι
2022 1140 2027 1187 Ε

423 1223 654 1286 ἀντριάδες
672 1259 685 1278 ,
714 1223 884 1281 νύμφαι
903 1256 916 1278 ,
943 1221 1062 1269 citat
1089 1217 1241 1267 Boiss.
1273 1237 1296 1258 α
1328 1215 1562 1278 Nymphae
1599 1212 1804 1262 Naiades
1828 1211 1876 1259 in
1903 1225 1983 1259 an·
2024 1232 2028 1307 Ι

424 1292 514 1343 tris
543 1291 786 1354 praecipue
825 1289 1125 1345 colebantur,
1157 1291 1212 1336 ut
1254 1285 1398 1334 docet
1440 1287 1615 1333 Goens.
1643 1283 1707 1332 ad
1748 1280 1979 1342 Porphyr.

425 1376 474 1424 p.
495 1365 662 1412 XXlV.
685 1358 929 1422 Ejusmodi
945 1359 1067 1407 antri
1087 1353 1319 1417 Nymphis
1335 1353 1457 1403 sacri
1475 1351 1844 1414 descriptionem
1864 1350 1984 1398 satis

425 1431 665 1481 illustrem
690 1429 824 1479 dedit
851 1431 1044 1490 Longus
1071 1425 1205 1476 initio
1229 1429 1353 1474 Past.
1380 1451 1443 1460 --
1473 1427 1519 1472 4.
1553 1425 1754 1472 Inventa
1771 1424 1877 1470 erat
1904 1420 1985 1468 illa
2026 1436 2029 1463 ι

428 1502 626 1550 cochlea
641 1500 701 1549 ad
723 1500 946 1548 Pelorum
975 1499 1077 1547 sire
1107 1495 1344 1554 Pelorida,
1377 1494 1550 1542 siciliae
1577 1491 1983 1554 promontorium.
2026 1486 2031 1536 ἶ

430 1573 746 1622 Cochlearum
763 1569 1142 1619 Peloritanarum
1169 1579 1339 1616 carnes
1366 1565 1414 1614 in
1433 1563 1618 1613 deliciis
1639 1563 1805 1621 fuisse,
1831 1564 1987 1610 testas
2028 1550 2032 1589 ¹

429 1659 550 1696 vero
575 1657 604 1693 a
627 1642 908 1694 ludentibus
931 1643 1192 1702 usurpatas
1210 1677 1224 1700 ,
1245 1638 1388 1687 docet
1404 1635 1602 1685 Dorvill.
1623 1633 1771 1684 sicul.
1792 1647 1840 1696 p.
1865 1636 1939 1681 13.
1960 1650 1984 1673 v»

431 1720 548 1766 Jac.
998 1724 1004 1731 '

495 1861 722 1910 CCXXV.
753 1877 775 1900 «ι
813 1856 1032 1920 Agricola
1061 1855 1298 1918 primitias
1327 1855 1462 1919 ponit
1489 1853 1749 1918 Nymphis,
1777 1849 1991 1900 heroinis

1535 88 2046 153 ANTHOLOGIAE
2090 83 2493 147 PALATINAE

2185 222 2335 268 Τοῦτο
2356 216 2610 269 Κλείτωνος
2640 213 2721 276 μὲν
2740 212 2959 263 ἐπαὺλιὸν
2984 209 3079 260 ἐστ’
3098 211 3337 272 ὀλιγῶλαξ,

2062 333 2149 384 sed
2176 336 2391 384 ἐπαύλων
2407 331 2469 381 de
2497 329 2703 380 stabulis
2725 332 2775 378 et
2792 329 2945 393 pratis
2962 325 3083 387 dici,
3112 340 3365 388 nunquam
3388 323 3467 372 de
3498 321 3653 383 agris,

2014 418 2017 432 ·
2061 403 2287 454 observat
2316 403 2515 451 Hecker.
2540 402 2594 449 ln
2616 399 2711 448 tine
2738 413 2911 448 versus
2938 397 3207 446 Brunckius
3228 396 3307 443 rel
3326 395 3655 448 Kusterusir,

2014 496 2020 538 ζ
2062 473 2104 523 τ’
2118 474 2360 534 ὀλιγῶλαξ,
2375 471 2536 520 Codex
2551 474 2580 527 ἠ
2600 470 2641 516 τ’
2658 470 2897 529 &mytilene
2912 467 3039 525 (sic),
3062 465 3238 515 Suidas
3263 465 3331 522 ἦτ’
3350 465 3569 524 ὀλιγαὺ)
3580 465 3655 516 αξ,

2014 545 2021 625 Ἰ
2064 543 2309 606 explicans
2326 545 2356 599 ἡ
2385 543 2526 603 μικρὰ
2544 543 2691 603 χώρα.
2722 540 2877 596 Quale
2904 537 3264 587 substantivum
3294 549 3427 584 usus
3462 535 3655 594 linguae

2016 635 2021 649 ·
2064 627 2161 662 non
2178 612 2241 661 ad
2262 631 2271 659 ι
2291 611 2407 670 ittit,
2422 624 2580 672 neque
2596 610 2749 672 magis
2764 609 3031 670 σπείρεσθαι
3052 621 3163 656 cum
3177 607 3437 667 adjectivo
3456 606 3656 661 ὀλιγαῦ-

2065 684 2163 738 λαξ.
2176 683 2285 730 Jam
2304 694 2457 742 quum
2472 679 2636 728 statim
2656 678 2985 739 subsequatur
3018 675 3316 726 simillimum
3347 673 3656 723 substanti-

2068 767 2183 802 vum
2218 753 2495 812 ὸ).ιγοξυλον,
2532 748 2745 812 prudens
2784 749 2986 798 criticus
3018 761 3047 795 a
3090 746 3359 795 mutatione
3426 757 3651 792 manum

2066 820 2325 870 abstinebit
2348 823 2403 868 ut
2417 819 2651 868 abstinuit
2660 818 2933 876 fleckerus3
2950 816 3073 866 mira
3089 815 3305 878 parilitas
3320 816 3367 864 111
3398 815 3659 875 ὀλιγῶὶαξ

2068 890 2334 952 σπείρεσθαι
2356 892 2408 938 et
2426 888 2685 949 ὀλιγόξυλον
2706 888 2944 951 ρωπεύειν.
2967 884 3247 934 Videndum
3264 900 3327 933 au
3350 899 3463 934 non
3502 883 3657 931 rusti-

2066 973 2236 1010 corum
2266 958 2509 1021 quendam
2535 957 2765 1020 loquendi
2784 970 2929 1006 usum
2956 956 3005 1004 in
3021 954 3116 1004 hoc
3134 955 3305 1004 rustici
3330 955 3477 1004 senis
3508 953 3657 1002 testi·

2022 1038 2025 1065 ²
2069 1030 2231 1078 monio
2250 1029 2519 1091 exprimere
2545 1028 2753 1077 voluerit
2776 1026 3031 1076 Leonidas.
3062 1025 3213 1074 Aliter
3232 1024 3537 1078 Lobecldus.
3566 1025 3654 1084 qui

2070 1100 2132 1149 ad
2150 1101 2375 1160 ὀλιγῶλαξ
2400 1099 2594 1160 supplet
2618 1099 2807 1159 ἄρουρα.
2843 1095 2967 1144 Vide
2994 1095 3057 1144 ad
3079 1110 3126 1144 v.
3150 1099 3193 1144 3.
3216 1120 3277 1130 ——-
3306 1101 3334 1143 2
3356 1097 3523 1148 λεὶτος
3552 1094 3597 1139 δ’
3628 1095 3655 1138 ὁ

2072 1173 2253 1233 σχεδὼν
2285 1169 2426 1228 Cod.,
2466 1168 2551 1217 sed
2583 1171 2713 1216 recte
2750 1165 2926 1214 Suidas
2969 1165 3090 1220 λιτὸς
3128 1163 3167 1212 θ’
3195 1166 3221 1211 ὁ
3257 1165 3451 1226 σχεδόν.
3492 1181 3519 1202 σι
3552 1163 3653 1216 Qu:

2071 1240 2183 1288 hinc
2210 1255 2221 1282 ·-
2252 1242 2388 1294 λιτὸς·
2411 1239 2609 1296 εὐτελής.
2646 1241 2706 1286 Et
2746 1237 3002 1299 ὰμπελεὼν,
3032 1238 3062 1293 ἡ
3097 1235 3413 1296 ἀμπελόφυτος
3448 1239 3537 1294 γῆ.
3576 1234 3653 1279 Ex

2024 1330 2029 1355 ι
2072 1323 2120 1357 v.
2149 1315 2177 1358 3
2208 1331 2221 1358 ι
2264 1311 2487 1374 ῥωπεύειν
2543 1309 2823 1364 ξυλεύισθαι.
2862 1308 3049 1355 Rursus
3072 1319 3128 1353 ex
3158 1319 3205 1353 v.
3234 1308 3263 1353 4
3294 1318 3307 1346 ἱ
3342 1305 3655 1363 ὀγδοήκοντα

2072 1381 2151 1428 καὶ
2165 1381 2447 1439 ὀγδωκοντα·
2471 1401 2493 1420 ιι
2522 1381 2580 1427 Β,
2604 1381 2727 1426 Ante
2752 1377 2953 1426 Meinek.
2976 1376 3213 1424 edebatur
3228 1376 3347 1430 λιτὸς
3366 1375 3423 1422 δ’.
3450 1399 3525 1409 -—
3546 1380 3579 1420 3
3600 1391 3649 1420 τε

2074 1451 2295 1512 ῥωπαίειν
2314 1449 2455 1507 0011.·,
2484 1466 2553 1496 τοι
2580 1449 2802 1510 ῥωπεὺειν
2832 1447 2969 1496 suid.
3002 1466 3028 1488 a
3056 1444 3348 1507 suspicabar
3376 1445 3549 1504 ὀλίγον
3574 1446 3647 1498 ξὺ-

2075 1523 2169 1576 λον,
2190 1522 2245 1568 ut
2274 1521 2420 1578 ξύλον,
2448 1516 2860 1579 quemadmodum
2885 1517 2935 1565 iu
2962 1519 3128 1566 nostro
3161 1528 3383 1564 sermone
3400 1552 3413 1574 ‚
3458 1515 3531 1562 de
3560 1513 3649 1561 sil·

2073 1589 2189 1638 vula
2214 1587 2405 1637 dictum
2431 1587 2510 1636 sit.
2546 1607 2569 1630 ἰ
2594 1587 2824 1636 Meinelc.
2862 1588 2939 1636 lta
2958 1586 3058 1646 jam
3088 1583 3412 1634 Schneiderus
3430 1585 3489 1633 iu
3522 1587 3645 1633 Lex.

2072 1675 2123 1710 v.
2164 1661 2381 1724 ῥωπεύω.
2416 1658 2512 1707 Sed
2538 1657 2805 1706 Lobeckius
2829 1656 3021 1707 Patbol.
3044 1655 3167 1718 prol.
3204 1668 3251 1718 p.
3296 1660 3385 1705 523
3422 1656 3645 1704 sortasse

2076 1729 2292 1780 restituit
2320 1731 2483 1792 poetae
2520 1741 2721 1777 manum
2768 1726 2983 1776 scribens
3019 1725 3159 1774 τοῦτό
3185 1741 3236 1772 τε
3264 1727 3443 1786 ῥωπεῖ
3462 1742 3491 1771 ο
3512 1743 3539 1768 ν
3578 1725 3647 1771 τὸ

2066 1801 2332 1859 ·).ιπόξυλον,
2353 1797 2641 1861 frutectum
2668 1797 2736 1848 ab
2758 1797 3033 1847 arboribus
3058 1795 3344 1859 desectum.
3382 1797 3434 1844 ln
3476 1796 3639 1843 Elem.

2076 1869 2257 1932 pathoi.
2282 1882 2327 1931 p.
2359 1873 2448 1916 345
2470 1868 2663 1930 conjicit
2691 1873 2827 1916 τοῦτο
2848 1869 2902 1917 τὸ
2926 1869 3127 1932 ῥωπήειν
3152 1867 3427 1926 ὀλιγόξυλον,
3448 1887 3473 1906 a
3504 1865 3643 1926 qued

437 1931 596 1992 ¹⁴5¹*ae
615 1968 628 1988 2
647 1941 772 1990 *luas
799 1929 885 1987 Sic,
908 1929 964 1975 ¹¹¹²
992 1925 1040 1974 ¹¹¹
1063 1926 1155 1974 ¹¹⁰0
1185 1926 1546 1988 epigrammate·
1567 1923 1833 1984 descript&
1856 1919 1991 1969 dedit
2032 1916 2037 2005 ξ
2078 1942 2251 1988 natura
2268 1940 2345 1987 est
2366 1940 2593 1988 neutrum
2614 1936 2838 1999 adJ‘ectivi
2860 1938 3081 2001 ρωπήεις,
3098 1933 3253 1986 sedin
3274 1935 3641 1984 substantivum

435 2001 714 2066 Apollonius
747 1999 836 2048 nh.
866 2002 948 2058 IV,
986 2004 1104 2049 ¹³58
1133 2011 1234 2060 seq.
1267 1997 1405 2047 Cous.
1449 1995 1738 2056 wesseling.
1767 1991 1829 2042 ad
1871 1992 1985 2040 Dio·

433 2075 538 2122 dor.
562 2076 678 2121 tom.
701 2074 741 2129 1,
763 2085 808 2133 p.
834 2074 940 2128 217,
961 2075 1036 2119 7.»
1053 2071 1167 2118 Jac.
1189 2096 1252 2104 —
1274 2074 1314 2116 1.
1343 2069 1527 2129 ἄκριτον
1546 2065 1677 2116 haud
1696 2063 1840 2113 dubie
1854 2062 1994 2111 vitio-

435 2159 576 2200 sumz
607 2144 764 2191 ᾶκτιον
791 2139 1087 2200 Brunckius3
1113 2141 1318 2198 ἄκτιτον,
1354 2139 1636 2195 incultum,
1655 2139 1714 2185 0.
1739 2132 1991 2183 schneide-

435 2229 538 2263 rus.
587 2211 822 2262 llleinekio
858 2225 905 2273 p.
943 2215 1026 2260 154
1057 2231 1080 2252 ιι
1117 2209 1296 2258 montis
1327 2223 1504 2258 nomen
1538 2209 1692 2258 latere
1719 2205 1931 2256 videtur.
1966 2222 1989 2244 ι»

437 2283 608 2332 Nescio
636 2281 779 2342 cujus
801 2279 962 2329 virid.
990 2279 1400 2338 emendationem,

579 2412 806 2474 Ηρῳσοαι
832 2410 1041 2471 Διὸυωι,
1073 2411 1355 2470 Χαριτων
1374 2409 1476 2471 ὄρο..
1500 2409 1602 2456 αἵτε
1619 2407 1839 2468 νέμεσθε,
2038 2433 2043 2529 ἱ
2085 2481 2259 2544 placet,
2286 2481 2542 2537 calamum,
2575 2480 2813 2529 scribendi
2847 2481 3245 2542 instrumentum,
3280 2495 3364 2544 pm.
3389 2483 3635 2545 apposni&

2032 2022 2038 2121 1
2079 2010 2211 2060 abiit.
2238 2029 2261 2052 υ

2143 2130 2419 2178 CCXXVH.
2456 2129 2771 2187 Μυτιληναίου
2796 2126 2891 2178 hoc
2930 2127 3035 2177 loco
3078 2127 3259 2178 Codex.
3294 2130 3437 2178 Poeta
3462 2131 3641 2179 Proeto

2082 2201 2266 2250 natales
2295 2199 2561 2248 celebranti
2604 2201 2847 2248 calamum
2886 2199 3197 2262 scriptorium
3224 2200 3372 2249 mittit
3404 2201 3546 2250 dono.
3576 2229 3636 2237 —

2085 2279 2112 2320 2
2140 2272 2392 2332 νεόκμητον
2420 2271 2495 2318 vel
2522 2270 2799 2328 νεόγλυπτον
2820 2270 2943 2330 conj.
2980 2273 3241 2319 Kusterus.
3280 2291 3304 2310 u
3334 2273 3637 2334 Νεόσμηκτον

2089 2341 2335 2391 sollicitari
2354 2355 2449 2389 non
2474 2338 2713 2396 debebat·,
2744 2340 2918 2389 Suidas
2936 2377 2949 2400 ‚
2976 2340 3063 2402 qui
3090 2341 3190 2389 huc
3216 2341 3478 2402 respexisse
3502 2343 3637 2390 vidc-

2084 2414 2183 2470 tur,
2210 2411 2401 2472 exponit
2424 2411 2668 2468 νεόθηκτον
2698 2413 2777 2458 καὶ
2796 2413 3122 2474 νεοκάθαρτον.
3156 2414 3326 2473 Neque
3354 2412 3464 2460 mihi
3489 2411 3633 2459 valde

441 2533 792 2598 we⁵⁵⁰¹i¹¹ssi⁰⁸
817 2535 1021 2584 nissen·
1044 2534 1223 2583 Hemd·
1245 2549 1291 2597 Ρ·
1331 2541 1404 2592 12,
1435 2547 1644 2582 “veram
1671 2534 1854 2584 censet·
1889 2533 1995 2578 tum
2040 2542 2044 2599 Ι
2086 2563 2198 2598 nem
2239 2549 2395 2597 vocari
2434 2549 2668 2610 ἐουράτιον
2712 2549 2808 2611 [sic
2826 2551 2953 2600 enim
2991 2552 3209 2614 Toupius
3223 2551 3255 2612 ].
3299 2553 3511 2614 Δορὰτιον
3556 2555 3631 2599 est

440 2607 670 2671 quoniam
701 2607 802 2668 ὄρος
836 2607 1021 2670 ἄκριτον
1059 2603 1366 2654 incommode
1400 2603 1578 2652 dicitur
1613 2606 1663 2651 et
1692 2599 1998 2650 difficillimos
2041 2612 2045 2641 ι

441 2677 590 2730 habet
612 2676 912 2738 explicatusz
951 2678 1058 2724 tum
1090 2675 1238 2724 etiam
1268 2673 1404 2736 quod
1425 2673 1586 2734 Libyae
1623 2671 1760 2721 collis
1785 2670 1998 2731 Χαρίτων

441 2751 546 2800 sive
575 2749 882 2798 Gratiarum
915 2746 1061 2795 fuerit
1077 2747 1436 2796 amoenissimus
1463 2746 1862 2806 opportunasque
1879 2738 2000 2787 adeo

442 2819 677 2881 ὴρῴσσαις
711 2817 900 2872 Λιὸὑης.
927 2817 996 2864 De
1024 2815 1146 2863 colle
1184 2813 1460 2863 Herodotus
1512 2815 1598 2871 lv,
1641 2815 1725 2860 175
1758 2823 1769 2850 =
1811 2811 2001 2870 Cinyps

441 2892 637 2953 111ιυὶ118
657 2888 856 2937 labitur
872 2889 926 2935 ἐκ
952 2889 1094 2948 λόφου
1112 2892 1195 2934 τοῦ
1213 2887 1496 2947 καλευμένου
1516 2882 1746 2945 Χαρίτων,
1767 2878 2001 2940 additque

445 2974 554 3010 esse
592 2960 735 3007 emim
761 2959 917 3018 ἴδῃσι,
955 2970 1109 3019 quum
1138 2959 1314 3016 cetera,
1344 2958 1395 3005 et
1421 2954 1580 3003 vicina
1613 2952 1812 3014 quidem
1843 2950 2003 2999 Africa

443 3029 602 3077 o‘mnis
620 3066 632 3087 ‚
650 3028 714 3076 sit
739 3026 992 3077 arboribus
1017 3026 1165 3075 nuda.
1193 3026 1412 3075 Meminit
1444 3026 1550 3087 ejus
1576 3019 1901 3072 Callimachus
1922 3032 2000 3080 ap.

447 3098 598 3149 schol.
639 3096 774 3146 Pind.
821 3096 964 3159 Pytb.
999 3099 1060 3145 V.
1093 3117 1116 3139 κ
1153 3096 1392 3145 Omnibus
1437 3096 1637 3158 proestat
1677 3089 1902 3142 Lobeckii
1938 3089 2005 3137 in-

448 3173 667 3225 ventum,
697 3165 885 3216 Palliol.
913 3166 1035 3229 prol.
1061 3179 1109 3228 p.
1131 3172 1241 3226 392,
1281 3166 1385 3227 ὄρος
1415 3166 1490 3212 ἆὸ
1507 3180 1607 3226 ροτ
1623 3181 1706 3212 ον.
1733 3188 1798 3197 -
1821 3165 1850 3208 3
1869 3158 2001 3221 φιλή-

447 3241 568 3293 τιδος
595 3235 882 3298 Cod.,quod
901 3234 994 3284 viri
1028 3249 1204 3284 nomen
1237 3248 1346 3284 esse
1369 3248 1512 3296 posse
1543 3234 1686 3282 docte
1703 3229 1918 3281 ostendit
1944 3231 2001 3275 Ο.
2046 3235 2051 3282 1

449 3307 790 3369 Schneider.p.
819 3310 910 3356 804
941 3306 1138 3368 (Diurn.
1159 3304 1308 3366 antiq.
1339 3304 1471 3353 stud.
1501 3308 1634 3363 1845,
1663 3315 1712 3350 n.
1746 3302 1873 3363 101).
1893 3300 2006 3349 Mei·

449 3380 556 3430 nek.
612 3378 864 3434 Φιλητίδου
906 3379 992 3425 aut
1038 3376 1316 3429 Φιλίστιδος.
1363 3374 1611 3423 Edebatur
1641 3372 1902 3429 Φιλητίδος.
1946 3396 2007 3405 -

451 3454 496 3507 4.
523 3450 755 3508 Χλωροὺς.
777 3448 902 3509 Apte
929 3448 1176 3509 comparat
1197 3448 1298 3494 Jac.
1337 3444 1479 3493 ovid.
1511 3444 1709 3493 Metam.
1737 3444 1868 3503 xlv,
1893 3444 2005 3492 645.

449 3519 514 3569 de
539 3521 810 3567 Vertumuo
833 3530 846 3558 ε

529 3622 542 3632 ’
579 3652 794 3703 Tempora
813 3657 929 3703 sazpe
948 3656 1108 3701 gerens
1119 3645 1253 3699 Joeno
1273 3646 1466 3700 religata·
1481 3647 1673 3691 virenti.

451 3803 514 3814 —
540 3783 584 3826 Β.
619 3794 643 3817 «ι
665 3773 1021 3823 Grammaticus
1053 3775 1162 3836 post
1199 3774 1482 3835 Gregorium
1515 3775 1627 3823 Cor.
1664 3786 1712 3835 p.
1753 3777 1839 3823 661
1872 3775 2011 3821 notat

452 3844 750 3896 AEolensium
779 3856 887 3893 esse
920 3846 1048 3892 ἄσσα
1075 3856 1164 3905 pro
1190 3845 1330 3892 ὅσσα.
1361 3864 1384 3887 2»
1427 3848 1483 3893 B.
1525 3846 1730 3892 Frustra
1761 3844 2011 3891 Heckerus

452 3917 614 3980 χᾰσσ’.
644 3916 773 3965 Ἀλλὰ
810 3916 890 3963 καὶ
924 3916 1097 3973 οὕτως,
1131 3915 1316 3977 opinor,
1353 3913 1488 3976 quod
1524 3913 1740 3963 modicas
1773 3913 2011 3975 primitias

453 3986 616 4063 potitis
636 3996 785 4045 quam
817 3982 1108 4031 sacrificium
1131 3981 1328 4045 aliquod
1356 3983 1600 4033 obtulerat
1619 3984 1859 4033 Heroinis.
1883 3986 2009 4033 Jac.:

457 4074 480 4095 e·
509 4068 625 4116 quia
649 4066 705 4101 ex
724 4053 900 4115 exigua
917 4066 1078 4101 messe
1102 4052 1341 4114 primitiae.
1369 4073 1392 4097 »ι
1416 4053 1612 4103 Geelius
1638 4067 1786 4103 versu
1813 4060 1841 4103 3
1869 4055 2013 4104 corri-

455 4124 597 4186 gebat
623 4125 720 4185 18ρὰ
737 4141 770 4171 π
783 4128 849 4171 αῦ
862 4140 888 4185 ρ
902 4140 932 4171 α
944 4158 959 4184 ,
983 4136 1070 4185 pro
1095 4128 1253 4173 ταῡτκ.

519 4272 772 4321 CCXXVI.
801 4296 865 4306 --
888 4275 903 4319 1
930 4276 1066 4319 τοῦτο
1086 4272 1229 4320 κλείτ.
1251 4270 1429 4329 Codex,
1458 4274 1506 4319 et
1531 4270 1582 4319 in
1600 4271 1812 4334 margine
1843 4278 2009 4331 ιζήτει.

459 4348 495 4393 Α
529 4342 750 4393 Jacobsio
791 4341 1012 4391 additum
1058 4342 1230 4403 ὀλίγον,
1275 4342 1585 4405 probabiliter
1627 4340 1690 4389 ob
1741 4345 2009 4405 sequentia.

456 4414 706 4463 Heckerus
738 4418 955 4460 τυννοῦτο
981 4412 1060 4461 Κλ.
1091 4412 1168 4460 vel
1195 4414 1355 4460 τυτθὸν
1375 4414 1427 4461 τὸ
1455 4414 1559 4470 Κλ.,
1583 4432 1608 4454 «ι
1629 4414 1684 4460 ut
1711 4426 1787 4474 ap.
1817 4414 2009 4464 Bueckb.
2055 4427 2060 4442 ·

459 4486 514 4533 C.
547 4485 585 4532 1.
617 4498 665 4531 n.
701 4488 833 4543 1499,
859 4496 907 4545 p.
935 4489 1043 4542 095,
1069 4496 1280 4531 marmor
1299 4484 1484 4547 praebet
1511 4486 1803 4532 'l'Ol'OTON
1819 4484 1859 4533 δ’
1877 4486 2012 4543 ἀνθή-

460 4570 632 4608 σαντας
666 4565 752 4614 pro
786 4552 964 4602 τυτθόν.
995 4572 1018 4595 υ
1047 4553 1230 4601 Boiam:
1253 4575 1276 4596 «
1305 4560 1442 4602 τοῦτο
1475 4553 1529 4601 τὸ
1555 4558 1636 4600 τοῦ
1675 4554 1779 4613 KR„
1801 4557 2013 4606 multum

460 4622 739 4671 insuaviter.
768 4622 946 4685 Scripsi
979 4642 989 4669 :
1021 4624 1160 4671 τοῦτὸ
1179 4640 1226 4671 τε
1250 4631 1332 4672 τοῦ
1361 4627 1445 4673 Κλ.
1475 4644 1498 4667 υ
1529 4622 1797 4673 Lobeckius
1828 4627 2011 4676 Pathol.

461 4694 583 4758 prol.
603 4704 651 4755 p.
675 4698 764 4741 392
789 4696 839 4741 et
863 4694 1014 4741 Elem.
1045 4706 1091 4754 p.
1115 4698 1225 4751 345,
1249 4702 1386 4743 τοῦτο
1424 4696 1478 4756 γὲ
1506 4711 1576 4743 τοι
1615 4698 1769 4745 Κλείτ.
1795 4700 2015 4760 Ungerus

462 4762 586 4813 τοῦτ’
629 4764 794 4817 αἶπος
840 4765 1166 4820 Κλείτωνος
1208 4784 1232 4807 κ
1273 4765 1406 4827 quod
1450 4766 1704 4828 ὀλιγῶλαξ,
1745 4768 2013 4829 ἀμπελεὼν,

465 4834 661 4897 ῥωπιῖον
698 4832 956 4883 ostendant
991 4836 1166 4894 ὑψηλὸν
1205 4836 1348 4885 τόπον
1393 4840 1470 4886 καὶ
1520 4844 1718 4901 τραχὺν,
1759 4842 1813 4889 ut
1859 4838 2013 4890 schol.

465 4902 666 4953 Theocr.
697 4906 736 4969 1,
773 4908 810 4953 1.
839 4922 860 4946 υ
883 4902 1146 4954 Meinekius
1173 4918 1219 4968 p.
1257 4912 1368 4968 123,

2088 2633 2291 2684 parvum
2314 2619 2502 2679 hastile,
2533 2619 2665 2681 quod
2689 2634 2801 2668 cum
2827 2621 3013 2668 calamo
3039 2621 3158 2670 nihil
3185 2635 3439 2670 commune
3470 2622 3627 2675 11111101,

2088 2704 2179 2739 nec
2211 2705 2323 2738 cum
2350 2703 2408 2738 eo
2427 2689 2693 2752 comparari
2712 2693 2887 2752 potest.
2922 2691 3241 2740 scribendum
3278 2705 3447 2740 censeo
3468 2695 3627 2754 δουρά-

2043 2796 2046 2805 .
2089 2777 2211 2810 τεον.
2244 2780 2269 2802 ›-
2311 2759 2555 2818 Brunca,
2598 2760 2724 2808 male
2757 2758 2835 2808 ille
2868 2763 3083 2823 ἀργύρεον
3124 2765 3319 2810 struens
3356 2776 3461 2811 cum
3491 2763 3628 2824 fiunto.

2044 2824 2048 2926 1
2090 2829 2294 2880 Βο1111118
2316 2831 2517 2894 conjecit
2535 2831 2792 2893 δουρατίου,
2820 2851 2841 2871 κ
2868 2830 2917 2880 id
2932 2834 3007 2881 est
3026 2833 3122 2881 ἀντὶ
3142 2833 3371 2895 δορατίου,
3393 2833 3504 2883 satis
3520 2839 3628 2883 unta

2091 2900 2259 2963 ellipsi.
2294 2922 2316 2943 »a
2348 2902 2496 2950 Aliter
2521 2900 2735 2949 sananda
2761 2915 2870 2952 vox.
2898 2930 2958 2938 —
2976 2908 3023 2952 3.
3062 2923 3087 2945 ει
3116 2906 3297 2965 Κέρατα
3325 2904 3488 2953 calami
3518 2908 3631 2953 sunt

2092 2972 2253 3033 apices
2267 3008 2279 3029 ‚
2298 2970 2382 3032 qui
2402 2972 2586 3019 calamo
2603 2971 2653 3020 iu
2672 2971 2837 3020 infima
2867 2976 3004 3035 parte
3022 2972 3138 3021 fisso
3155 2974 3395 3034 oriuntur,
3411 2974 3518 3022 alibi
3540 2977 3631 3022 διο·

2093 3042 2167 3091 σοὶ
2184 3041 2378 3096 ὀδόντες.
2404 3046 2505 3089 -4
2534 3042 2595 3097 εἰς
2615 3041 2756 3101 Cod.,
2783 3042 2867 3104 qui
2886 3056 2933 3091 v,
2960 3048 2979 3091 1
3012 3044 3071 3097 ἐς.
3106 3042 3292 3091 Dicitur
3312 3043 3489 3091 arundo
3504 3048 3623 3093 atra-

2094 3116 2310 3162 mentum
2332 3113 2383 3161 in
2410 3112 2581 3161 laevem
2604 3112 2823 3161 chartam
2848 3112 2987 3161 facile
3013 3112 3294 3162 effundens.
3324 3114 3440 3162 Nam
3459 3114 3627 3163 chartae

2095 3183 2311 3233 solebant
2339 3184 2580 3246 laevigari,
2610 3197 2670 3232 ne
2706 3184 2925 3233 calamus
2960 3184 3194 3233 festinans
3234 3185 3513 3233 retineretur
3533 3200 3627 3233 sca·

2094 3254 2249 3303 britie.
2287 3274 2309 3295 υ
2343 3256 2477 3312 dac„
2510 3253 2595 3314 qui
2624 3254 2793 3315 plura,
2830 3253 2917 3302 sed
2956 3257 3201 3316 postrema
3226 3268 3323 3303 non
3350 3254 3465 3303 satis
3500 3268 3627 3303 accu-

2094 3328 2224 3381 rate;
2262 3326 2583 3387 properata,
2630 3324 2661 3371 1.
2688 3338 2733 3372 e.
2769 3326 2989 3385 prompte
3029 3326 3079 3372 et
3107 3322 3329 3372 celeriter
3372 3328 3623 3381 exaranda,

2090 3398 2291 3457 pagina
2319 3393 2623 3456 intelligenda
2646 3408 2757 3441 cum
2777 3394 3087 3443 Boissonadio
3104 3393 3153 3441 in
3172 3394 3345 3443 latinis.
3370 3395 3625 3443 Notandum

2096 3465 2241 3514 etiam
2267 3464 2319 3512 εὖ
2356 3464 2404 3511 111
2438 3468 2647 3525 utroque
2674 3477 2823 3512 versu
2862 3463 3165 3526 duplicatum
3194 3476 3223 3511 a
3248 3468 3403 3525 poeta.
3423 3494 3481 3506 --
3500 3473 3527 3513 0
3550 3467 3622 3525 ἀρ-

2048 3520 2054 3543 ¹
2094 3538 2227 3593 τιδαῆ
2258 3533 2451 3591 codem
2482 3534 2569 3581 sed
2605 3534 2778 3582 Suidas
2814 3536 3049 3595 ἀρτιδαεῖ,
3089 3546 3331 3595 exponens
3378 3534 3621 3597 ἀρτιμαθεῖ,

2096 3620 2185 3670 pro
2204 3606 2397 3667 εὐμαθίῃ
2424 3617 2540 3653 vero
2560 3604 2781 3665 praebens
2804 3606 3012 3667 ἑργασίῃ.
3039 3624 3061 3645 α
3093 3606 3219 3652 Cum
3250 3605 3431 3667 Toupio
3458 3606 3624 3653 Brunc-

2101 3676 2211 3725 111118
2230 3677 2467 3737 σύμπονον
2493 3676 2701 3735 ἐργατίῃ.
2731 3678 2794 3723 At
2819 3675 3037 3723 calamus
3055 3674 3140 3736 qui
3166 3674 3403 3723 scribendi
3431 3675 3624 3725 studium

2100 3743 2316 3807 adjuvat,
2353 3744 2475 3793 bene
2508 3744 2603 3792 dici
2633 3746 2790 3807 potuit
2820 3746 3053 3805 σύμπνοος
3086 3744 3295 3806 εὐμαθίῃ.
3324 3746 3541 3794 Ceterum
3574 3758 3623 3791 et

2099 3814 2191 3863 hoc
2219 3827 2365 3862 versu
2384 3814 2711 3877 intelligimus,
2741 3814 2968 3865 Proclum
3004 3826 3213 3875 puerum
3236 3813 3398 3875 fuisse,
3418 3815 3497 3875 qui
3522 3815 3621 3862 scri-

2101 3884 2243 3934 bendi
2268 3888 2423 3934 artem
2450 3885 2599 3947 paulo
2625 3889 2737 3934 ante
2761 3884 3014 3934 didicerat.
3040 3904 3063 3928 ι»
3091 3886 3206 3933 Jac.

2162 4020 2475 4067 ccxxvlu.
2510 4020 2691 4068 Ἀδαίου
2710 4019 2832 4069 God.
2859 4038 2883 4062 α
2904 4020 2976 4068 De
2998 4018 3123 4067 bove
3140 4019 3359 4081 operario
3373 4054 3385 4076 ‚
3406 4031 3539 4080 quem
3564 4032 3623 4066 se-

2103 4092 2297 4137 nectute
2336 4089 2609 4138 confectum
2640 4088 2867 4137 dominus
2900 4088 3122 4139 libertate
3170 4088 3460 4146 donaverat,
3497 4088 3625 4149 idque

2100 4159 2320 4207 αἰδεσθεὶς
2346 4159 2518 4219 ἔργων,
2543 4162 2743 4207 secutus
2771 4157 3041 4221 priscorum
3070 4157 3317 4205 hominum
3337 4158 3621 4206 consuetudi-

2102 4240 2213 4275 nem
2232 4264 2244 4286 ,
2268 4240 2391 4288 quos
2409 4226 2441 4275 b
2460 4226 2565 4274 ¹bus
2589 4226 2859 4275 aratoribus
2896 4226 3165 4289 pepercisse
3206 4229 3411 4276 testatur
3443 4228 3531 4275 Cic.
3560 4229 3624 4273 De

2103 4300 2201 4345 nat.
2244 4296 2378 4346 deor.
2416 4298 2480 4356 11,
2521 4300 2599 4344 03.
2642 4298 2806 4344 AEueze
2844 4298 3006 4363 aetatis
3057 4296 3237 4345 scelera
3274 4310 3625 4345 commemorans

2105 4368 2281 4413 Aratus
2306 4364 2471 4413 l‘haen.
2502 4370 2586 4413 132
2621 4384 2633 4412 :
2661 4371 2833 4427 πρῶτοι
2868 4366 2917 4412 δὲ
2942 4367 3065 4427 βοῶν
3096 4366 3318 4413 ἐπάσαντ’
3345 4368 3571 4428 ἀροτήρων.
3602 4386 3620 4406 ν

2102 4438 2214 4484 Jac.
2247 4464 2306 4475 --
2339 4439 2380 4482 ¹.
2412 4454 2434 4477 a
2470 4434 2593 4484 Hinc
2619 4435 2792 4484 Suidas
2822 4450 2834 4477 τ
2866 4438 3132 4497 τετρυμένον
3154 4451 3167 4464 ·
3202 4452 3619 4497 tarantum-nuncu.

2106 4507 2165 4553 Et
2192 4517 2246 4552 ex
2278 4517 2325 4552 v.
2350 4512 2377 4553 2
2409 4524 2421 4551 :
2449 4502 2611 4565 ὀιοπίς,
2640 4510 2670 4564 ἡ
2708 4508 2931 4568 μάχαιρα.
2968 4525 2989 4547 υ
3031 4508 3091 4555 Β.
3116 4504 3281 4553 Codex
3306 4506 3527 4567 ἑργιτίην,
3549 4504 3621 4552 sed

2108 4579 2239 4623 recte
2276 4574 2408 4622 Plan.
2439 4577 2489 4623 et
2528 4575 2661 4624 Suid.
2702 4606 2763 4619 -
2792 4584 2819 4625 2
2858 4576 3035 4625 Ἄλκων
3058 4574 3232 4623 Suidas
3268 4589 3317 4623 v.
3344 4578 3621 4637 Τετρυμένονς

2105 4644 2229 4693 male
2253 4644 2379 4692 Cod.
2413 4648 2462 4692 et
2494 4646 2625 4693 Plan.
2656 4648 2819 4694 ἕλκων.
2846 4672 2907 4681 -
2925 4650 2951 4694 4
2980 4646 3148 4707 ἀρότου
3176 4646 3326 4705 Plau„
3350 4646 3474 4708 quod
3502 4646 3621 4693 nolim

2104 4728 2217 4762 cum
2243 4712 2466 4761 Jacobsio
2494 4714 2654 4764 dicere
2690 4734 2713 4756 «ι
2748 4716 2951 4765 sortasse
2980 4714 3185 4774 rectiuS,
3212 4735 3233 4757 υ
3260 4730 3347 4765 nec
3369 4714 3623 4765 memoravit

2106 4782 2154 4832 in
2186 4784 2384 4832 Delectu
2412 4786 2470 4844 X,
2502 4793 2541 4833 1.

2054 4830 2066 4959 i
2168 4914 2403 4963 ccxxix
2454 4934 2476 4958 n
2515 4915 2897 4979 Dentiscalpium
2926 4917 3065 4979 poeta
3094 4896 3242 4965 Lucio
3282 4916 3467 4965 cuidam
3504 4914 3619 4963 11111111
