3829 5747
988 232 1236 291 CAPUT
1276 231 1399 290 Vll.
1448 232 2004 291 EPIGRAMMATA
2051 234 2588 295 SEPULCRALIA.

250 363 459 430 οὐδενὸς
497 362 762 441 ἀνθρώπου
787 362 1065 440 δυστυχίης
1096 362 1307 439 ἔρανον,

176 450 273 516 τοῖς
294 457 567 527 τρομεροῑς
595 448 838 507 κώλοισιν
872 450 1133 520 ὑπήλυθον
1160 451 1335 528 ἠρέμα
1363 449 1574 525 τύμὸον,

246 538 409 616 εὑρὼν
433 541 633 615 οἶζυροῧ
656 537 823 616 τέρμα
852 536 999 613 μόλις
1031 538 1218 615 βιότου.

108 646 131 685 ιι
174 626 447 707 Ἠλλάχθη
472 627 516 683 δ’
543 628 621 684 ἐπ’
642 626 757 700 ἐμοὶ
779 624 969 683 νεκύων
1003 624 1171 699 νόμος·
1196 628 1252 683 οὗ
1275 625 1376 703 γὰρ
1406 629 1652 694 ἔθνησκον

248 720 458 793 πρῶτον
478 757 495 785 ,
528 714 687 773 ἔπειτ’
717 714 929 793 ἐτάφην·
965 712 1099 770 ἀλλὰ
1128 717 1304 793 ταφεὶς
1330 713 1527 771 ἔθανον.

736 857 857 907 337.
902 859 1177 905 ΑΔΗΔΟΝ.

178 989 259 1059 Μή
290 1013 355 1065 με
382 993 545 1062 θοῶς,
567 989 801 1059 κύδιστε,
830 986 1090 1067 παρέρχεο
1117 986 1335 1063 τύμὸον,
1354 989 1530 1059 δδῖτα,

248 1090 413 1136 σοῖσιν
444 1078 745 1151 ἀκοιμήτοις
773 1077 950 1146 ποσσὶ,
978 1078 1335 1154 κελευθοπόρε·

178 1165 477 1245 δερκόμενος
505 1165 548 1223 δ’
574 1164 759 1243 ἐρέεινε
777 1210 793 1235 ,
819 1165 894 1229 τίς
913 1166 947 1233 ἢ
968 1165 1151 1241 πόθεντ,
1186 1163 1457 1242 Ἁρμονίαν
1484 1166 1585 1243 γὰρ

245 1251 501 1332 γνώσεαι,
526 1246 588 1323 ἧς
611 1251 760 1332 γενεὴ
790 1251 1055 1326 λάμπεται
1080 1254 1133 1310 ἐν
1164 1252 1439 1328 Μεγάροις·

178 1343 337 1400 πάντα
356 1340 490 1418 γὰρ,
517 1340 647 1398 ὅσσα
674 1344 905 1419 βροτοῖσι
934 1340 1076 1419 φέρει
1105 1339 1281 1411 κλέος,
1308 1331 1399 1411 ἦεν
1419 1339 1650 1416 ἰδέσθαι,

250 1428 479 1505 εὔγενίην
512 1428 733 1507 ἐρατὴν,
758 1428 887 1499 ἤθεα
903 1474 920 1499 ,
941 1430 1296 1508 σωφροσύνην.

180 1518 325 1587 Τοίης
345 1515 547 1591 niuem»
574 1515 815 1592 ἄθρησον·
836 1517 884 1581 ἐς
912 1515 1148 1593 οὐρανίας
1167 1515 1266 1594 γὰρ
1290 1516 1547 1593 ἀταρποὶις

246 1604 385 1684 ψυχὴ
425 1604 711 1662 παπταίνει
739 1606 873 1679 σῶμ’
906 1604 1295 1678 ἀποδυσαμένη.

731 1750 852 1800 338.
891 1753 1168 1799 ΑΔΗΛΟΝ.

186 1874 290 1934 Ἀδε
316 1900 393 1934 τοι
418 1920 436 1949 ,
460 1877 667 1956 Ἀρχίου
696 1876 773 1935 υἱὲ
792 1876 1100 1957 Περίκλεες,
1128 1878 1161 1935 ἆ
1178 1876 1343 1935 λιθίνα
1373 1876 1465 1952 ’γὼ

253 1964 445 2022 ἕστακα
476 1967 673 2037 στάλα,
702 1975 888 2042 μνᾶμα
923 1965 1255 2042 κυναγεσίας·

188 2052 339 2109 πάντα
362 2052 419 2109 δέ
446 2076 527 2111 τοι
554 2053 674 2131 περὶ
704 2063 853 2130 σᾶμα
876 2053 1219 2131 τετεύχαται,
1244 2050 1426 2122 ἵπποι,
1456 2053 1697 2123 ἄκοντες,

260 2142 308 2195 αἱ
330 2140 506 2217 κύνες,
531 2143 582 2197 αἱ
612 2140 881 2212 στάλικες,
907 2142 1071 2197 δίκτυ’
1099 2138 1229 2220 ὑπὲρ
1256 2140 1531 2211 σταλίκων,

192 2230 301 2297 αἰαῖ,
328 2228 485 2284 λάῖνα
506 2229 693 2287 πάντα·
722 2228 1124 2307 περιτροχάουσι
1146 2228 1200 2287 δὲ
1226 2232 1390 2307 θ’ἧρες·

256 2315 399 2379 αὐτὸς
426 2316 473 2373 δ’
502 2316 761 2381 εἷκοσέτας
783 2316 1027 2394 νήγρετον
1056 2314 1213 2372 ὕπνον
1242 2315 1393 2393 ἔχεις.

721 2460 847 2511 339.
888 2462 1165 2508 ΑΔΗΛΟΝ.

198 2588 341 2645 Οὐδὲν
366 2588 676 2667 ἁμαρτήσας
700 2588 925 2667 γενόμην
948 2586 1095 2665 παρὰ
1116 2591 1218 2646 τῶν
1246 2610 1310 2661 με
1340 2585 1609 2642 τεκόντων·

196 2751 223 2763 ..
261 2675 505 2750 γεννηθεὶς
532 2678 577 2733 δ’
608 2680 635 2733 ὃ
662 2677 825 2741 τάλας
855 2675 1080 2753 ἔρχομαι
1118 2678 1187 2739 εἰς
1216 2673 1405 2743 Ἀΐδην.

202 2762 264 2819 Ὦ
287 2762 411 2835 μῖξις
436 2762 626 2841 γονέων
662 2764 1040 2841 θανατηφόροςῑ
1065 2760 1108 2841 ᾤ
1144 2784 1233 2837 μοι
1264 2761 1489 2837 ἀνάγκης
1508 2804 1525 2830 ,

263 2850 293 2920 ἦ
321 2876 381 2926 με
410 2852 761 2929 προσπελάσει
786 2854 863 2931 τῷ
889 2854 1123 2929 στυγερῷ
1144 2848 1371 2929 θανάτῳ.

202 2939 343 2996 Οὐδὲν
374 2939 472 2997 ἐὼν
500 2941 742 3017 γενόμην·
766 2939 925 2997 πάλιν
960 2937 1178 3014 ἔσσομαι
1195 2984 1211 3012 ,
1244 2939 1313 3002 ὥς
1344 2934 1507 3014 πάρος
1524 2979 1539 3006 ,
1567 2935 1729 2992 οὗδέν·

266 3026 397 3083 οὐδὲν
430 3027 521 3086 καὶ
556 3027 717 3102 μηδὲν
747 3031 850 3084 τῶν
880 3025 1121 3104 μερόπων
1142 3024 1202 3082 τὸ
1228 3023 1390 3102 γένος·

205 3113 355 3170 λοιπόν
376 3137 465 3189 μοι
481 3115 537 3172 τὸ
560 3114 813 3173 κύπελλον
842 3111 1235 3170 ἅποστίλὸωσον
1252 3157 1269 3186 ,
1297 3111 1494 3188 ἑταῖρε,

269 3205 346 3259 καὶ
365 3204 529 3273 λύπης
548 3205 571 3228 ’
604 3201 787 3272 ὀδύνην
815 3202 903 3259 τὸν
926 3201 1150 3280 Βρόμιον
1173 3198 1393 3278 πάρεχε.

725 3346 847 3397 340.
888 3347 1142 3392 ΑΔΗΔΟΝ
1152 3379 1163 3391 .

214 3475 461 3540 Νικόπολις
490 3473 805 3554 Μαράθωνιν
833 3471 1057 3544 ἐθήκατο
1076 3473 1188 3550 τῇδ’
1212 3471 1287 3529 ἐνὶ
1309 3469 1473 3546 πέτρῃ
1492 3511 1509 3538 ,

266 3643 398 3690 Nemo
424 3641 542 3690 mihi
566 3641 750 3689 modica
768 3657 879 3689 cum
906 3640 1030 3705 stipe
1057 3639 1206 3688 ferret
1228 3652 1365 3702 opem
1388 3672 1402 3695 ,

217 3726 401 3790 Prorepsi
432 3725 637 3774 tremulo
668 3725 818 3790 pede,
838 3723 1133 3786 successique
1150 3719 1431 3785 sepulchro:

266 3808 347 3856 Vix
362 3808 477 3856 abiit
496 3807 671 3856 misero
690 3807 759 3856 sic
776 3821 973 3872 quoque
1006 3806 1105 3853 vita
1134 3802 1268 3852 mihi.

216 3891 293 3935 Lex
314 3889 359 3937 in
390 3905 467 3938 me
486 3898 669 3938 mutata
694 3898 829 3937 vetus
856 3903 869 3936 ι
906 3903 997 3936 nec
1034 3894 1250 3934 mortuus
1276 3883 1343 3931 ivi

268 3973 314 4016 In
340 3971 591 4031 tumulum,
616 3969 781 4036 populi
806 3983 939 4017 more
956 4004 969 4026 ‚
991 3968 1073 4016 sed
1093 3976 1146 4016 ut
1176 3979 1405 4014 morerer.

780 4092 893 4148 337.
930 4101 1153 4135 iacun-1⁸1.

224 4202 273 4247 U
300 4217 366 4250 me
386 4211 633 4268 pratereas
654 4217 719 4248 ne
746 4200 813 4248 sic
832 4206 1113 4264 properato,
1139 4195 1313 4254 viator,

274 4283 539 4333 ludelassato
567 4282 651 4348 qui
671 4281 793 4347 pede
816 4281 969 4345 pergis
994 4278 1106 4327 iter.

226 4365 419 4428 Respice,
435 4365 557 4414 scire
577 4365 711 4429 cupis
744 4362 849 4428 quis
874 4372 923 4411 et
948 4362 1116 4411 unde?
1135 4357 1382 4408 domberis
1401 4351 1503 4403 'esse

276 4448 561 4496 Harmoniam
579 4483 596 4508 ‚
624 4435 830 4509 niegaris
855 4453 929 4493 sat
950 4460 1055 4493 mea
1086 4451 1199 4490 nota
1225 4440 1408 4489 domus.

229 4531 271 4575 ln
288 4545 352 4579 me
366 4531 602 4596 congeries
622 4530 778 4580 fuerat
795 4529 978 4578 sincera
1016 4526 1253 4576 bonorum
1266 4561 1280 4582 .

277 4612 492 4662 Nobilitas
505 4649 520 4674 ,
550 4627 707 4662 mores
725 4647 742 4671 ,
757 4610 907 4674 gratia
928 4608 1099 4658 blanda
1118 4643 1133 4666 ,
1154 4606 1325 4675 pudor.

228 4695 437 4758 Hujushie
453 4705 524 4745 est
556 4695 765 4745 tumulus
795 4710 806 4743 ε
836 4692 1001 4759 positis
1023 4707 1154 4738 mens
1173 4687 1385 4754 corporis
1410 4683 1546 4746 hujus

280 4777 450 4826 Exuviis
472 4777 575 4827 coeli
596 4777 776 4826 scandit
809 4776 867 4823 ad
896 4789 1044 4838 usque
1061 4773 1270 4820 domum.

781 4891 895 4938 338.
934 4901 1156 4936 mean-1.

234 5007 306 5053 llic
326 5008 403 5057 tibi
422 5017 515 5068 sto,
542 4979 773 5070 Pericles,
803 5007 935 5072 cujus
960 5015 1097 5071 pater
1118 5001 1323 5061 Archia,
1348 4999 1543 5062 eii‘l’ffli

413 5101 724 5143 mnemon.
760 5101 798 5142 Ι.

3266 244 3378 301 337

1888 372 1989 421 ullo
2011 370 2206 423 homine
2231 373 2482 424 infortunii
2503 375 2963 440 collectam-stipem,

1823 460 2046 510 tremulis
2073 460 2303 511 membris
2331 462 2459 511 subii
2487 464 2665 513 sensim
2691 464 2936 513 tumulum
2955 503 2966 523 ,

1886 552 2140 598 assecutus
2167 550 2357 599 miserae
2383 553 2564 600 metam
2588 564 2714 615 aegre
2742 553 2872 602 vitae.
3007 553 3379 616 [mortuus-sum

1832 638 2145 686 Mutatus-est
2180 640 2346 687 autem
2371 638 2422 687 in
2457 652 2536 688 me
2577 643 2882 689 mortuorum
2919 655 3027 690 mos
3066 656 3076 684 ε
3115 656 3211 692 non
3250 644 3378 693 enim

1885 724 2095 786 primum
2111 763 2124 783 ‚
2146 723 2318 775 deinde
2345 726 2594 789 sepultus;
2615 726 2702 776 sed
2725 729 2946 791 sepultus
2970 734 3343 780 mortuus-sum.

2401 863 2508 910 337-
2551 878 2814 920 meanti.

1824 1005 1895 1052 Ne
1925 1016 2002 1051 me
2021 1004 2166 1053 citius
2182 1042 2193 1061 ‚
2211 1005 2548 1056 honestissime
2566 1044 2579 1065 ‚
2605 1008 2982 1072 praetergredere
3000 1010 3264 1068 tumulum,
3285 1010 3382 1060 via·

1886 1093 1989 1143 tuis
2016 1094 2238 1157 insopitis
2265 1094 2472 1157 pedibus
2490 1096 2900 1157 viam-emetiens3
3245 1099 3374 1161 [tor⁹

1824 1182 2062 1244 aspiciens
2081 1195 2198 1231 vero
2213 1182 2478 1246 interroga,
2499 1184 2612 1247 quis
2635 1188 2721 1235 aut
2747 1186 2911 1234 unde?
2931 1186 3239 1235 Harmoniam
3252 1188 3380 1235 enim

1886 1282 2086 1329 nosces,
2116 1268 2258 1330 cujus
2283 1284 2436 1333 genus
2463 1272 2682 1333 splendet
2705 1272 2790 1333 (in)
2821 1274 3042 1336 Megaris.
3152 1272 3378 1336 stidore,

1826 1359 2014 1407 Cuncta
2045 1358 2174 1405 euim
2201 1370 2316 1418 quae
2355 1358 2641 1408 mortalibus
2668 1361 2883 1410 asserunt
2911 1359 3078 1420 decus,
3110 1363 3166 1409 in
3192 1373 3254 1409 ea
3278 1362 3383 1409 erat

1886 1444 2184 1494 nobilitatem
2203 1445 2456 1494 amabilem
2472 1483 2485 1504 ,
2514 1458 2676 1494 mores
2689 1484 2702 1501 ‚
2735 1444 3124 1509 temperantiam.
3260 1443 3383 1507 [vias

1829 1536 1960 1585 'ralis
1997 1536 2207 1599 semin-22
2237 1536 2486 1586 tumulum
2515 1538 2838 1599 contemplare
2872 1552 2884 1578 ι
2911 1538 2961 1586 in
2995 1536 3215 1585 coelestes
3255 1534 3382 1583 enim

1884 1624 2078 1673 animus
2103 1623 2308 1673 intendit
2334 1637 2512 1687 corpus
2529 1627 2730 1674 exutuse

2377 1753 2482 1797 338·
2533 1769 2808 1809 menan.

1822 1893 1911 1941 llic
1934 1891 2022 1941 tibi
2039 1930 2052 1951 ,
2083 1891 2274 1940 Archiae
2294 1891 2362 1939 mi
2389 1890 2624 1948 Pericles,
2653 1887 2874 1951 lapideus
2890 1900 2978 1951 ego

1885 1981 2170 2043 positus-sto
2190 1981 2363 2043 cippus
2379 2016 2392 2039 ,
2413 1979 2782 2027 mouumentum
2811 1976 3108 2032 venationis·,

1821 2072 1998 2118 cuncta
2016 2071 2182 2118 autem
2212 2067 2302 2116 tibi
2330 2067 2460 2115 circa
2487 2066 2678 2128 signum
2720 2063 3104 2123 fabricata-sunt,
3139 2062 3270 2123 equi,
3299 2064 3378 2124 ja-

1882 2170 2053 2216 canae,
2074 2169 2228 2215 vai-m,
2261 2154 2383 2203 retia
2399 2166 2548 2216 super
2576 2152 2732 2211 varis,
3200 2148 3218 2212 ἱ
3239 2150 3372 2208 cula,

1819 2242 1936 2303 heu,
1956 2242 2072 2303 heu,
2094 2256 2364 2291 marmorea
2391 2243 2595 2290 cuncta!
2627 2240 3019 2289 circumcurrunt
3041 2239 3206 2287 autem
3231 2238 3344 2285 serre
3363 2274 3376 2293 .

1881 2332 1986 2394 ipse
2007 2343 2120 2379 vero
2137 2330 2636 2392 viginti-annos-natus
2655 2329 2946 2390 perpetuum
2964 2338 3190 2375 somnum
3207 2323 3358 2373 habes
3423 2311 3427 2316 ’

2383 2472 2490 2516 339.
2540 2475 2560 2513 1
2572 2474 2608 2513 N
2619 2471 2816 2514 cmm.

1822 2596 1966 2645 Nullo
1984 2595 2392 2645 malo-commisso
2419 2598 2694 2644 natus-sum
2709 2606 2766 2641 ex
2798 2591 2858 2639 iis
2873 2590 2960 2652 qui
2977 2602 3056 2637 me
3071 2593 3344 2653 genuerunt
3363 2607 3376 2643 ς

1882 2686 2126 2746 natusque
2141 2721 2154 2741 ‚
2176 2684 2323 2733 miser
2335 2696 2425 2745 ego
2449 2694 2652 2745 propero
2670 2678 2734 2728 ad
2761 2681 2958 2728 Orcum.

1823 2774 1864 2821 0
1886 2770 2202 2819 concubitum
2229 2774 2484 2833 parentum
2509 2768 2782 2818 letiferum!
2815 2766 2892 2816 hei
2917 2763 3035 2813 mihi
3055 2765 3067 2811 ἔ
3089 2764 3346 2823 oli-satum,

1884 2859 2020 2922 quod
2044 2872 2123 2908 me
2148 2857 2427 2910 admovebit
2454 2858 2625 2908 invisae
2642 2856 2802 2906 morti.

1822 2949 1951 2997 Nihil
1967 2951 2169 2996 eram-et
2187 2949 2461 2996 natus-sum
2475 2961 2489 3002 ς
2505 2959 2678 2994 rursus
2693 2958 2778 2994 ero
2793 2983 2806 3004 ,
2826 2947 2884 2993 ut
2901 2943 3039 3007 prius
3051 2982 3063 3004 ‚
3081 2941 3214 2991 nihil.

1886 3035 2015 3084 Nihil
2039 3038 2090 3085 et
2110 3034 2247 3084 nihili
2265 3038 2341 3084 est
2363 3034 2617 3082 hominum
2635 3045 2789 3094 genus
2812 3052 2824 3080 :

1818 3126 1920 3188 jam
1939 3123 2056 3172 mihi
2081 3123 2313 3185 poculum
2335 3121 2694 3184 fac-splendeat,
2724 3119 2904 3169 sodalis
2925 3156 2938 3178 ,

1890 3213 1940 3258 et
1957 3208 2170 3258 tristitiae
2199 3207 2470 3258 remedium
2493 3205 2734 3256 Bacchum
2753 3203 2931 3266 praebe.

2385 3345 2491 3390 340.
2541 3349 2795 3390 met-:nrt
2809 3377 2822 3390 .

1824 3471 2068 3536 Nicopolis
2097 3471 2400 3521 Marathonia
2419 3471 2586 3534 posuit
2595 3469 2692 3519 hoc
2714 3470 2765 3519 in
2779 3467 2962 3532 lapide,

1890 3636 2194 3698 Venatusque
2217 3648 2346 3681 meos
2369 3631 2508 3680 docta
2537 3631 2682 3693 figura
2715 3637 2848 3677 notat
2879 3643 2892 3676 :

1824 3717 1998 3765 Omnia
2026 3731 2137 3764 nam
2155 3717 2310 3780 juxta,
2338 3715 2470 3774 vari,
2493 3714 2788 3777 distentaque
2811 3710 2936 3759 varis

1890 3801 2058 3863 Retia,
2084 3799 2362 3863 cornipedes
2379 3834 2393 3858 ,
2419 3797 2536 3854 tela,
2567 3795 2742 3858 citique
2765 3807 2905 3841 canes
2933 3807 2945 3838 :

1826 3885 1972 3931 Saxea
1997 3879 2184 3939 cubeta,
2211 3878 2323 3928 ferae
2342 3879 2520 3927 circum
2549 3891 2736 3941 quoque
2758 3882 3015 3938 :quattuor
3040 3869 3156 3918 actis

1892 3968 1964 4012 Tu
1988 3963 2148 4012 lustris
2176 3963 2357 4009 medius
2374 3961 2452 4008 sed
2483 3958 2585 4007 sine
2611 3957 2704 4005 fine
2722 3955 2881 4005 cubas.

2005 4059 2118 4118 339.
2160 4069 2388 4114 metu-ru
2413 4049 2667 4100 secundum
2698 4047 2925 4116 quosdam
2951 4057 3199 4092 patrans.

1828 4147 1906 4195 Nil
1937 4161 2022 4210 ego
2047 4159 2290 4210 peccaram
2311 4180 2326 4203 ,
2351 4157 2459 4191 cum
2479 4157 2554 4189 me
2583 4155 2785 4206 genuere
2821 4145 3066 4202 parente-53

1892 4232 2000 4276 Jam
2025 4226 2208 4290 genitus
2237 4223 2363 4273 Ditis
2391 4223 2556 4272 limina
2585 4237 2746 4270 versus
2764 4235 2840 4268 ec.

1826 4311 2032 4374 Gignere
2055 4308 2340 4374 principium
2369 4305 2488 4355 lethi
2513 4305 2602 4354 ruit
2632 4321 2644 4353 :
2676 4304 2787 4352 inde
2809 4315 2998 4350 necesse
3031 4307 3129 4360 est,

1892 4395 1977 4441 Me
2003 4391 2148 4455 magis
2173 4399 2317 4455 atque
2340 4388 2484 4452 magis
2503 4387 2670 4436 mortis
2685 4385 2806 4434 inire
2829 4383 2972 4432 viam.

1827 4476 1926 4540 Qui
1944 4475 2066 4524 nihil
2085 4483 2196 4522 ante
2219 4473 2316 4528 fui,
2342 4472 2451 4520 liam
2479 4471 2548 4519 nil
2577 4485 2740 4519 rursus
2763 4477 2817 4516 ut
2840 4474 2952 4515 ante
2973 4480 2986 4510 :

1893 4561 1991 4606 Res
2013 4556 2259 4605 hominum
2288 4563 2456 4602 ventus
2473 4560 2590 4601 'sunt
2618 4550 2764 4609 levis,
2781 4547 2974 4600 umbra,
3003 4543 3143 4593 nihil.

1828 4639 1972 4702 Quod
2001 4645 2146 4686 restat
2161 4673 2174 4692 .
2203 4635 2429 4702 cyathum
2447 4633 2566 4682 mihi
2587 4631 2662 4681 fac
2686 4631 2934 4696 splendere
2953 4665 2967 4686 ,
2986 4626 3181 4684 sodalis,

1898 4723 2068 4784 Daque
2095 4731 2278 4766 merum
2295 4750 2308 4770 ,
2339 4729 2476 4763 curas
2497 4714 2624 4779 quod
2643 4711 2910 4761 meminisse
2931 4715 3078 4756 vetat.

2423 4809 2537 4863 340.
2567 4821 2765 4853 tucn-rx
2781 4837 2796 4862 ,

2293 4901 2526 4958 repertum
2562 4885 2920 4937 Thessalonica.

1834 4992 2082 5037 Marmore
2109 4983 2359 5049 Nicopolin
2387 4982 2543 5046 posuit
2569 4977 2866 5028 Marathonis
2901 4976 2949 5024 in
2967 4975 3080 5028 isto,

3107 5063 3160 5104 22
