3829 5747
1015 173 1261 277 CAPUT
1303 216 1429 277 vn.
1475 214 2031 278 EPIGRAMMATA
2073 216 2614 277 SEPULCRALIA.
3301 222 3403 280 ιιι

705 359 841 408 715.
893 349 1295 409 ΛΕΩΝΙΔΟΥ.

228 488 427 550 Πολλὸν
450 490 544 547 ἀπ’
573 487 802 558 Ἰταλίης
828 490 1009 565 κεῖμαι
1033 490 1243 569 χθονὸς,
1274 490 1335 549 ἔκ
1360 513 1415 549 τε
1443 490 1719 568 Τάραντος

300 576 523 657 πάτρης·
557 582 709 636 τοῦτο
739 576 795 635 δέ
821 600 911 653 μοι
930 578 1233 658 πικρότερον
1264 578 1506 637 θανάτου.

227 668 458 731 Τοιοῦτος
485 664 719 722 πλανίων
748 663 895 732 ἄὸιος
924 664 1059 741 βίος·
1085 665 1222 724 ἀλλά
1251 688 1317 741 με
1343 668 1554 725 Μοῦσαι

300 752 563 830 ἔστερξαν,
588 754 790 831 λυγρῶν
819 754 864 810 δ’
894 751 1010 810 ἀντὶ
1038 752 1284 831 μελιχρὸν
1307 754 1437 833 ἔχω.

231 840 438 917 Οὗνομα
470 842 516 897 δ’
540 842 636 899 οὐκ
655 840 829 915 ἤμυσε
856 838 1145 899 Λεωνίδου·
1177 840 1308 899 αὐτοί
1336 864 1401 917 με
1423 843 1563 920 δῶρα

301 926 551 1003 κηρύσσει
576 926 826 986 Μουσέων
853 925 1052 993 πάντας
1079 929 1159 985 ἐπ’
1182 928 1407 997 ἠελίους.

488 1142 499 1152 ,
532 1084 669 1135 716.
717 1074 1129 1136 ΔιοΝΥΣῑοΥ
1174 1077 1471 1148 ponor.

238 1216 462 1293 Πρώίὀς,
488 1214 628 1273 ἀλλὰ
656 1214 891 1283 ποθεινὸς
912 1214 1025 1275 ὅσοι
1052 1216 1203 1274 πόλιν
1232 1216 1495 1277 Ἰαλύσοιο

304 1304 531 1379 ναίομεν,
552 1305 623 1370 εἰς
649 1304 813 1374 λήθης
836 1304 1019 1383 πικρὸν
1049 1303 1165 1371 ἔδυς
1193 1305 1443 1383 πέλαγος,

235 1392 542 1469 δρεψάμενος
570 1390 753 1470 σοφίην
780 1390 951 1467 ὀλίγον
976 1392 1180 1471 χρόνον·
1208 1393 1341 1473 ἀμφὶ
1364 1393 1419 1451 δὲ
1451 1391 1636 1468 τύμὸῳ

305 1478 408 1535 σεῖο
436 1479 525 1536 καὶ
551 1477 802 1538 ἅκλαυτοι
828 1482 1048 1558 γλαῦκες
1079 1479 1251 1539 ἔθεντο
1278 1480 1423 1559 γόον,

236 1566 535 1644 Φαινόκριτ’
552 1590 567 1604 ·
598 1568 742 1627 οὐδὲν
768 1568 944 1643 ὅμοιον
968 1568 1389 1642 ἐπεσσομένοισιν
1419 1568 1583 1634 ἀοιδὸς

306 1654 606 1733 φθέγξεται,
640 1654 937 1734 ἀνθρώπους
967 1656 1091 1735 ἄχρι
1118 1653 1313 1737 φέρωσι
1340 1656 1507 1722 πόδες.

726 1809 852 1858 717.
894 1810 1291 1856 ΑΔΕΣΠΟΤΟΝ.

246 1929 461 1997 Molee<
488 1930 579 1989 καὶ
608 1932 784 2012 ψυχρὰ
814 1931 1031 2009 βοαύλια
1060 1935 1227 1989 ταῦτα
1258 1930 1524 2004 μελίσσαις

314 2008 457 2093 οἶμον
486 2019 567 2074 ἐπ’
588 2018 817 2095 εἰαρινὴν
843 2017 1023 2086 λέξατε
1052 2018 1409 2093 νισσομέναις,

243 2108 302 2169 ὡς
328 2108 354 2162 ὁ
380 2104 545 2183 γέρων
573 2106 871 2172 Λεύκιππος
894 2106 975 2163 ἐπ’
1006 2104 1343 2185 ἀρσιπόδεσσι
1369 2108 1591 2183 λαγωοῖς

313 2192 485 2272 ἔφθιτο
510 2193 751 2273 χειμερίῃ
781 2194 926 2253 νυκτὶ
954 2195 1329 2274 λοχησάμενος.

250 2282 453 2357 Σμήνεα
481 2281 711 2340 δὀὗκέτι
737 2284 785 2341 οἱ
814 2282 1018 2357 κομέειν
1050 2282 1211 2361 φίλον·
1235 2283 1289 2340 αἱ
1311 2280 1367 2340 δὲ
1393 2279 1480 2337 τὸν
1510 2279 1671 2358 ἄκρης

315 2368 513 2447 γείτονα
540 2368 807 2445 ποιμένιαι
835 2367 1007 2427 πολλὰ
1033 2373 1247 2428 ποθοῦσι
1276 2368 1457 2428 νάπαι.

718 2520 851 2570 718.
899 2510 1301 2569 ΝΟΣΣΙΔΟΣ.

260 2631 327 2709 Ὠ
354 2650 487 2722 ξεῖν’,
510 2654 553 2709 εἶ
577 2653 638 2711 τύ
662 2676 723 2731 γε
744 2654 891 2719 πλεῖς
912 2652 1031 2711 ποτὶ
1050 2649 1361 2728 καλλίχορον
1387 2646 1711 2720 Μυτιλάναν,

320 2748 405 2798 τᾶν
442 2744 685 2820 Σαπφοῦς
712 2741 943 2820 χαρίτων
968 2742 1115 2807 ἄνθος
1143 2736 1513 2811 ἐναυσάμενος,

254 2829 423 2901 εἰπεῖν,
455 2830 520 2895 ὡς
546 2826 812 2888 Μούσαισι
836 2828 961 2908 φίλα
980 2830 1028 2885 τ’
1052 2818 1136 2899 ἦν,
1168 2824 1202 2884 ἅ
1235 2848 1291 2884 τε
1324 2824 1511 2904 Λοκρὶς
1538 2833 1609 2902 γᾶ

323 2916 511 2991 τίκτεν,
540 2917 675 2984 ἴσαις
699 2917 744 2974 δ’
766 2917 847 2977 ὅτι
874 2939 963 2993 μοι
982 2917 1210 2989 τοῦνομα
1240 2913 1433 2979 Νοσσὶς
1449 2957 1466 2984 ,
1484 2913 1577 2970 ἴθι.

494 3063 626 3115 719.
658 3055 994 3113 ΛΕΩΝΙΔΑ
1029 3053 1539 3112 ΤΑΡΑΝΤΙΝΟΥ.

260 3188 503 3264 Τέλληνος
531 3189 554 3212 '
578 3191 661 3250 ὅδε
684 3190 881 3268 τύμὸος
896 3213 911 3227 ·
936 3189 1044 3269 ἔχω
1063 3191 1110 3247 δ’
1132 3190 1408 3248 ὓποὸωλὲα
1432 3189 1659 3270 πρέσὸυν

326 3283 472 3351 τῆνον
494 3281 580 3339 τὸν
605 3289 803 3361 πρᾶτον
830 3278 1017 3357 γνόντα
1043 3277 1407 3355 γελοιομελεῖν.

664 3433 804 3484 720.
858 3420 1378 3482 ΧΑῙΡΗΜΟΝΟΣ.

268 3561 453 3631 Κλεύας
474 3561 862 3638 οὓτυμοκλεῗος,
894 3559 1025 3637 ὑπὲρ
1048 3559 1257 3638 Θυρεᾶν
1286 3557 1409 3634 δόρυ
1436 3553 1633 3626 τείνας,

333 3651 569 3717 κάτθανες
598 3649 885 3730 ἀμφίλογον
910 3658 1007 3725 γᾶν
1033 3644 1461 3723 ἀποτεμνόμενος.

756 3797 853 3846 721
867 3831 881 3844 .
919 3797 1039 3844 ΤΟΥ
1074 3795 1286 3841 ΑΥΤΟΥ.

271 3926 379 3991 Τοῖς
394 3923 449 3985 'A
458 3949 565 4004 ργει
596 3926 903 4003 Σπάρτηθεν
924 3924 1035 3983 ίσαι
1062 3925 1209 4002 χέρες
1224 3967 1241 3996 ,
1263 3912 1363 3980 ἶσα
1382 3919 1435 3978 δὲ
1454 3919 1619 3996 τεύχη

341 4014 683 4092 συμὸάλομεν·
708 4013 909 4093 Θυρέαι
940 4013 985 4070 δ’
1004 4003 1139 4082 ἦσαν
1169 4010 1327 4070 ἄεθλα
1352 4009 1516 4088 δορός.

299 4159 411 4172 b-

836 4223 946 4284 715·
982 4235 1211 4280 menn,

860 4294 919 4344 de
954 4291 1183 4342 leonida.

279 4379 396 4427 ltalia
420 4381 547 4444 longe
574 4381 709 4444 jaceo
726 4415 740 4438 ,
768 4377 1017 4443 patriaque
1038 4379 1245 4424 Tarento
1262 4409 1276 4433 ,

336 4457 389 4502 Et
409 4454 542 4518 magis
564 4453 665 4502 lnaec
688 4469 765 4501 res
792 4458 863 4500 est
884 4467 1044 4516 aspera
1064 4457 1217 4498 morte
1236 4445 1373 4496 mihi.

282 4528 417 4576 Invita
434 4545 575 4594 usque
602 4529 721 4578 adeo
746 4526 842 4575 vila
868 4536 938 4575 est
966 4524 1214 4591 peregrina
1236 4539 1248 4571 t
1280 4522 1363 4570 sed
1393 4519 1507 4586 ipsis

338 4607 372 4650 A
392 4605 529 4654 Musis
550 4603 719 4652 melior
738 4617 866 4650 nunc
889 4600 1007 4648 mihi
1038 4599 1132 4647 vita
1158 4597 1265 4646 data
1284 4603 1373 4646 est.

283 4677 453 4742 Quippe
483 4695 566 4744 per
590 4677 833 4727 Aonidum
864 4691 995 4724 sacra
1022 4689 1219 4722 munera
1249 4681 1435 4735 tempus
1458 4669 1507 4718 in
1535 4681 1675 4718 omne

340 4754 637 4803 Concelebrat
660 4765 839 4802 nomen
870 4751 993 4799 fama
1010 4748 1319 4798 Leonideum.

834 4835 949 4894 716.
984 4847 1210 4880 moretum
1234 4866 1247 4890 ,

831 4907 889 4956 de
917 4905 1226 4955 Pleanocrieo.

292 4998 397 5041 Ante
421 4993 533 5042 diem
548 5033 562 5056 ,
584 4994 763 5043 cum-lis
782 4992 860 5040 sed
889 5000 1047 5054 gratus
1076 4987 1360 5037 habentibus
1383 5000 1514 5048 agros

2423 361 2530 408 715.
2561 357 2867 406 LEOMDAE.

1864 500 2026 561 Longe
2047 497 2108 547 ab
2125 497 2277 547 Italiae
2292 498 2431 560 jaceo
2452 498 2608 559 terra,
2629 499 2680 547 et
2697 499 2834 546 extra
2853 499 3117 545 Tarentum

1929 584 2162 648 patriam3
2185 586 2234 635 id
2259 589 2426 635 autem
2441 584 2561 635 mihi
2581 585 2756 634 durius
2777 588 2949 634 morte.

1866 672 1995 723 Talis
2019 674 2092 723 est
2114 673 2380 723 errantium
2400 672 2688 723 non-vitalis
2712 672 2838 731 νῆες
2871 671 2958 723 sed
2985 685 3065 722 me
3087 674 3244 721 Musoe

1933 759 2210 810 dilexerunt
2224 799 2237 820 ‚
2266 774 2637 822 atnarorumque
2655 760 2764 809 loco
2789 759 3026 809 mellitum
3050 759 3220 809 habeo.

1870 852 2055 899 Nomen
2081 864 2197 899 vero
2219 864 2316 899 non
2337 850 2518 900 interiit
2541 848 2766 899 Leonidae
2789 870 2800 897 :
2823 850 2929 913 ipsa
2950 862 3030 898 me
3052 848 3178 898 dona

1930 938 2225 1001 proclamant
2247 941 2498 987 Musarum
2519 952 2689 989 omnes
2710 939 2762 987 in
2782 939 2910 988 soles
2939 937 3066 996 (dies
3079 938 3114 999 ).

2301 1086 2408 1133 716.
2443 1083 2720 1133 DIONYSII
2751 1084 2992 1131 RHODII.

1872 1224 2166 1272 Immaturus
2181 1260 2194 1281 ,
2214 1220 2300 1271 sed
2319 1220 2651 1271 desiderabilis
2667 1221 2812 1271 nobis
2831 1224 3071 1285 quotquot
3087 1220 3258 1269 urbem
3282 1221 3424 1281 Ialysi

1933 1308 2203 1369 incolimus,
2223 1308 2272 1377 in
2293 1306 2460 1357 Lethoe
2482 1321 2701 1357 amarum
2721 1307 2910 1357 intrasti
2933 1310 3153 1371 pontum,
3167 1307 3430 1371 [tumulum

1868 1396 2439 1459 postquam-decerpsisti
2457 1396 2740 1459 sapientiam
2769 1395 2904 1446 brevi
2926 1399 3169 1460 tempore-3
3191 1396 3278 1446 sed
3301 1396 3429 1445 circa

1933 1486 2074 1535 tuum
2097 1488 2147 1536 et
2173 1483 2522 1535 fletus-nesciae
2545 1486 2740 1545 noctuae
2767 1482 3023 1535 ediderunt
3047 1486 3282 1548 gemitum
3295 1518 3310 1545 ‚

1874 1576 2178 1627 l‘hoenocrite
2206 1597 2219 1627 ε
2246 1578 2314 1627 nil
2335 1578 2494 1628 simile
2521 1582 3012 1642 ventur-issulurnm
3029 1585 3167 1633 vates

1935 1664 2208 1726 eloquetur,
2239 1663 2464 1716 homines
2490 1666 2728 1729 quamdiu
2755 1669 3068 1719 sustinebunt
3097 1670 3265 1733 pedes,

2377 1797 2485 1844 717.
2531 1803 2915 1845 ΔΝΟΝῩΠΠΠ.

1875 1934 2082 1985 Naiades
2100 1937 2150 1983 et
2173 1933 2345 1997 frigida
2367 1944 2549 1995 pascua
2570 1929 2682 1981 haec
2707 1931 2880 1994 apibus

1939 2022 2032 2071 iter
2050 2021 2114 2070 ad
2135 2034 2340 2069 vernum
2359 2018 2506 2069 dicite
2527 2018 2942 2083 proficiscentibus
2956 2056 2969 2078 ‚

1877 2123 2041 2160 senem
2063 2108 2364 2171 Leucippum
2388 2105 3016 2171 agiles-habentibus··pedes
3043 2106 3288 2169 leporibus

1939 2196 2139 2260 periisse
2154 2194 2356 2245 hiberna
2379 2197 2522 2244 nocte
2539 2192 2837 2244 insidiatum.

1880 2284 2106 2334 Examina
2123 2286 2286 2334 autem
2303 2282 2524 2344 non-iam
2549 2282 2595 2333 ei
2617 2296 2792 2332 curare
2823 2282 2981 2345 placet
3003 2302 3015 2330 :
3049 2280 3136 2331 sed
3157 2281 3337 2331 montis

1941 2371 2157 2421 vicinum
2179 2371 2444 2435 pastorales
2466 2369 2606 2421 valde
2633 2370 2909 2419 desiderant
2936 2370 3102 2420 valles.

2431 2512 2540 2560 718.
2582 2510 2877 2558 NOSSIDIS.

1879 2655 1922 2701 Ο
1945 2652 2122 2715 hospes
2137 2689 2150 2713 ,
2171 2652 2212 2701 si
2235 2653 2290 2703 tu
2313 2651 2512 2715 navigas
2533 2649 2597 2699 ad
2612 2647 3316 2712 pulchros-habentem-choros
3335 2650 3380 2696 M
3387 2662 3432 2709 y-

1942 2738 2162 2801 Sapphos
2185 2751 2416 2787 venerum
2441 2736 2608 2786 florem
2635 2736 3080 2795 inde-accensurus,
3187 2734 3402 2797 [tilenam
3419 2774 3432 2795 ‚

1882 2830 2028 2881 dicito
2051 2828 2182 2892 quod
2204 2828 2358 2879 Musis
2379 2830 2578 2892 accepta
2594 2840 2744 2888 eram,
2770 2828 2822 2876 et
2852 2826 3016 2876 Locris
3045 2834 3172 2878 terra
3189 2864 3202 2887 ‚

1945 2931 2027 2966 me
2043 2917 2257 2982 peperit,
2273 2917 2464 2980 cognito
2484 2918 2650 2967 autem
2671 2915 2789 2965 mihi
2809 2929 2982 2964 nomen
3003 2929 3109 2968 esse
3131 2916 3315 2976 Νοεεὶε,
3335 2915 3432 2966 abi.

2253 3062 2360 3108 719.
2393 3058 2686 3107 LEonAE
2714 3057 3049 3107 TARENTlNI
3059 3093 3066 3104 .

1884 3195 2090 3245 Tellenis
2111 3194 2192 3244 hic
2207 3171 2462 3252 tumulum
2482 3193 2640 3244 habeo
2661 3199 2830 3246 autem
2847 3197 2942 3246 sub
2962 3195 3102 3259 gleba
3125 3209 3288 3245 senem

1947 3281 2083 3330 illum
2103 3280 2190 3343 qui
2211 3280 2397 3344 primus
2415 3279 2557 3332 scivit
2573 3282 2964 3332 mimos-canere.

2375 3427 2482 3472 720.
2517 3421 2953 3473 CHAEREMole.

1885 3565 2064 3616 Cleuas
2083 3564 2363 3628 Etymoclis,
2389 3579 2478 3630 pro
2502 3565 2705 3628 Thyreis
2723 3566 2946 3629 clypeum
2959 3563 3378 3628 qui-protendisti‚

1948 3652 2108 3703 obiisti
2132 3654 2390 3718 ancipitem
2415 3668 2584 3718 agrum
2613 3653 2966 3704 tibi-tribuens.

2444 3795 2552 3841 72¹.
2597 3802 2657 3843 Β]
2671 3801 2892 3842 USDEM.

1888 3927 2074 3991 Argivis
2090 3930 2350 3991 ‹ex-sparta
2369 3940 2513 3991 pares
2533 3940 2734 3989 manus,
2755 3927 2890 3992 paria
2912 3930 2962 3978 et
2980 3940 3115 3978 arma

1951 4012 2241 4073 oollisimus3
2267 4013 2472 4078 Thyreae
2495 4017 2662 4065 autem
2688 4017 2827 4066 erant
2845 4014 3102 4080 praemium
3130 4027 3318 4078 pugnae.

1960 4213 2169 4280 Elysios,
2191 4213 2362 4264 Lethes
2384 4215 2444 4264 ad
2464 4216 2580 4264 vada
2610 4216 2742 4278 nigra
2774 4215 2921 4263 venis.

1893 4301 2128 4362 Tempore
2145 4307 2308 4363 carpta
2336 4299 2426 4348 tihi
2453 4299 2642 4350 modico
2666 4299 2896 4364 sapientia
2920 4315 2932 4348 :
2955 4298 3036 4348 sed
3059 4315 3188 4347 nunc

1963 4384 2070 4445 Ipsa
2092 4377 2178 4430 flet
2198 4382 2255 4430 ad
2280 4382 2516 4430 tumulum
2541 4392 2715 4432 noctua
2743 4389 2878 4430 torva
2901 4389 3053 4428 tuum.

1896 4465 2192 4529 Exaequanda
2215 4465 2304 4514 tibi
2327 4465 2522 4531 posthac
2537 4502 2552 4527 ‚
2582 4464 2894 4524 Phanocrite‚
2923 4464 3050 4512 dicet

1963 4549 2144 4604 Nemo,
2177 4545 2332 4596 ferent
2357 4547 2508 4596 donec
2529 4556 2699 4596 celera·
2717 4545 2930 4595 membra
2957 4545 3115 4611 pedes.

2444 4732 2555 4776 7²¹·
2588 4729 2926 4763 cantamus.

1898 4897 2025 4950 Nos,
2062 4909 2091 4941 o
2110 4895 2304 4958 Sparta,
2335 4891 2422 4940 tibi
2446 4889 2634 4955 Thyrea
2655 4897 2844 4954 pareret
2869 4904 2927 4936 an
2957 4887 3094 4948 Argis
3111 4923 3122 4943 ,

1969 4975 2276 5038 Quoesiimus,
2304 4989 2554 5022 numerum
2575 5009 2589 5034 ,
2614 4989 2702 5021 nec
2739 4971 2892 5020 minus
2915 4985 3042 5019 arma
3068 4985 3220 5033 pares.
