3829 5747
495 223 609 280 1⁴0

487 351 594 413 (sic)
622 350 740 401 Cod.
774 350 1000 399 Affectus
1039 350 1176 413 plena
1209 349 1518 411 aposiopesis,
1563 346 1699 405 Quid
1730 347 1852 397 deos
1879 349 2031 397 testes

485 421 720 470 invocas?
737 446 800 456 —-·
819 427 862 469 2.
888 440 910 461 ιι
933 422 1072 469 Ceus.
1095 422 1208 479 XII,
1225 432 1304 481 ep.
1325 424 1432 479 237,
1453 424 1500 469 3.
1523 440 1544 461 »ι
1569 421 1691 467 3.-
1708 424 1737 468 3
1756 420 1865 467 πάλι
1888 416 2029 477 Cod.‚

486 508 511 535 ν
543 490 861 553 superposito.
902 517 962 526 —
991 494 1018 539 4
1057 491 1098 538 ὦ
1144 489 1284 551 Cod.‚
1328 503 1454 539 corr.
1495 490 1648 539 Boias.
1679 516 1741 525 —
1777 497 1804 540 5
1847 492 1873 538 ὁ
1911 491 2037 551 περί-

487 561 679 614 Gna-roe.
705 560 886 608 ἔκλαιον
912 560 1094 611 Codex.
1129 580 1152 603 «ι
1187 560 1365 623 Recepi
1392 560 1554 609 Bothii
1589 561 1949 623 conjecturam,
1981 575 2036 607 σε

489 630 665 679 Κλέων.
697 649 721 672 2»
758 631 818 679 B.
851 632 906 679 ln
943 630 1146 680 eandem
1180 630 1415 679 inciderat
1452 627 1646 680 Chardo
1677 628 1848 688 noch„
1895 629 2037 691 cujus

487 700 612 750 hanc
644 701 829 764 reperio
855 705 1021 750 notam
1057 722 1069 752 :
1109 722 1132 743 «ι
1174 702 1466 752 Acutissime
1490 700 1721 750 viderunt
1747 701 1949 749 Salmas.
1988 699 2039 747 et

485 771 694 821 Brunck.
724 770 919 821 moecho
956 771 1272 821 tribuendum
1303 786 1412 821 esse
1441 774 1496 821 τὸ
1534 772 1828 835 περίὸλεπτος
1867 785 1880 817 :
1919 768 2039 817 alias

487 839 714 904 frigidum
741 842 792 890 et
819 840 1046 903 putidum
1077 843 1168 890 est.
1203 840 1384 891 Moechi
1415 844 1580 890 autem
1607 852 1784 889 nomen
1803 837 1897 888 sub
1917 849 2039 885 voce

485 912 668 960 ἔκλαιον
691 910 812 960 mihi
836 912 986 961 latere
1004 912 1217 974 videtur,
1242 912 1312 961 sic
1339 911 1586 961 levissima
1615 910 1886 960 mutatione
1903 906 2043 957 resti:

484 981 722 1032 tuendum
753 1004 766 1033 ι

609 1127 696 1189 οὐχ
726 1126 754 1173 ὀ
783 1124 1080 1189 περίὸλεπτός
1105 1141 1160 1174 σε
1185 1125 1516 1173 Κλέων....κᾶν
1541 1124 1606 1185 μή
1632 1140 1680 1172 τι
1694 1124 1738 1186 γ’
1763 1124 1975 1182 &miden

490 1269 652 1316 Nonne
683 1280 799 1316 sane
831 1268 1046 1316 famosus
1075 1264 1154 1315 ille
1189 1266 1338 1315 Cleon
1363 1264 1668 1315 te...etiamsi
1711 1278 1773 1315 ne
1797 1264 2040 1314 tantillum

487 1338 682 1400 quidem
695 1338 864 1387 oculos
883 1351 912 1386 a
937 1336 1120 1386 foribus
1139 1336 1240 1386 tuis
1264 1338 1484 1386 avertam
1497 1375 1510 1397 ,
1531 1337 1566 1386 i.
1588 1349 1634 1385 e.
1665 1350 1855 1399 semper
1879 1336 2039 1385 inten-

485 1411 564 1459 tos
589 1408 794 1458 habeam
823 1407 886 1457 ad
911 1412 1024 1459 tuas
1049 1409 1178 1457 sores
1193 1444 1206 1465 ,
1226 1421 1286 1457 ne
1311 1407 1422 1469 quis
1436 1406 1628 1470 irrepat.
1666 1427 1689 1449 n
1716 1405 1973 1455 Jacobsius
1990 1406 2037 1453 in

484 1479 610 1529 notis
633 1492 752 1528 mss,
787 1498 800 1527 :
833 1500 855 1521 a
880 1481 1010 1527 Fert.
1041 1478 1130 1541 οὐχ
1151 1482 1176 1527 ὁ
1209 1478 1510 1541 περίὸλεπτὸς
1540 1479 1614 1537 σ’;
1637 1478 1825 1530 ἔκλυον,
1855 1481 2039 1526 Nonne

477 1550 776 1617 pulchellus
810 1550 900 1600 ille
929 1551 1061 1599 le...?
1099 1550 1284 1601 audivi
1320 1552 1475 1597 enim.
1519 1570 1542 1592 »
1583 1550 1742 1598 Minus
1773 1547 2037 1612 probabilia

483 1621 692 1669 Graetius
719 1634 768 1683 p.
797 1625 876 1671 97.
905 1620 1064 1683 Pergit
1083 1619 1237 1669 Boiss.
1271 1640 1283 1669 ι
1315 1638 1338 1659 ·
1360 1618 1436 1667 Ad
1466 1621 1554 1667 κᾶν
1591 1621 1654 1679 μὴ
1673 1621 1834 1681 potest
1857 1617 2037 1667 subau-

482 1690 574 1740 diri
597 1690 755 1752 λείπῃς
769 1692 925 1751 αὐτὸν,
938 1690 1016 1738 vel
1031 1691 1173 1751 λήγῃς
1193 1690 1332 1737 αὐτὸν
1353 1690 1596 1752 δεχομένη,
1610 1689 1687 1737 vel
1703 1688 1834 1737 aliud
1853 1686 1987 1749 quid.
2012 1708 2034 1729 ιι

485 1763 542 1810 111
570 1760 665 1809 fine
696 1760 861 1810 Codex
897 1760 982 1809 τιδ’
1016 1759 1139 1821 (sic)
1178 1759 1381 1816 ἀπείδω,
1403 1762 1674 1807 correctum
1701 1772 1732 1807 a
1762 1758 1868 1807 viro
1893 1757 2038 1806 docto

483 1843 720 1891 anonymo
747 1844 791 1880 a.
826 1835 956 1879 1812.
988 1856 1047 1865 -—
1067 1835 1113 1879 8.
1135 1828 1274 1877 Cons.
1306 1842 1383 1891 ep.
1411 1832 1494 1878 178
1521 1832 1641 1878 extr.

543 1990 812 2039 CLXXXV.
839 1992 1038 2039 Lemma
1065 2010 1077 2038 ε
1105 1990 1178 2039 ἐπὶ
1209 1989 1374 2051 πόρνῃ,
1392 1984 1610 2051 ὀψώνιον.
1638 1984 1861 2035 Reiskius
1885 1982 2039 2033 eorri-

482 2060 623 2123 gebat
647 2062 720 2109 ἐπὶ
739 2066 1008 2122 παρασκευῇ
1041 2060 1265 2123 ὀψωνίου.
1284 2084 1347 2094 ·-
1374 2066 1420 2109 2.
1459 2080 1482 2102 ιι
1513 2061 1584 2107 De
1609 2056 1851 2121 glaucisco
1867 2094 1880 2115 ,
1906 2055 2037 2118 pisce

480 2131 666 2181 incerto
686 2169 699 2191 ,
721 2130 832 2180 vide
861 2129 1142 2186 Artedium3
1166 2128 1358 2177 Jacobs.
1397 2127 1458 2176 ad
1489 2126 1668 2175 AElian.
1695 2127 1754 2174 N.
1791 2129 1846 2173 A.
1874 2127 1929 2185 1,
1962 2130 2035 2174 16.

484 2205 554 2251 De
578 2203 759 2265 physe,
781 2201 972 2250 Jacobs.
993 2200 1109 2250 ibid.
1145 2202 1250 2259 ΧΠ,
1276 2205 1353 2249 29.
1375 2224 1435 2233 —-
1454 2203 1483 2246 3
1504 2198 1648 2255 ausa:
1674 2198 1862 2257 καρίδας
1891 2194 2033 2255 eod„

397 2309 404 2313 -
481 2286 606 2321 corr.
632 2275 734 2322 Jae.
758 2272 807 2321 Si
837 2271 900 2320 sit
925 2273 1053 2329 καρὶς
1080 2269 1226 2333 piscis
1256 2270 1561 2325 (ιι-1181000118,
1583 2267 1841 2317 vernacule
1876 2266 2037 2315 dictus

480 2344 742 2406 salicoque
784 2345 835 2394 et
867 2344 1116 2401 creveno,
1165 2340 1410 2403 epitheton
1451 2340 1571 2399 κυρή
1622 2336 1927 2400 aptissimum
1974 2336 2033 2385 il·

482 2414 576 2463 lius
599 2412 872 2476 gibbositati
901 2425 1010 2462 esse
1026 2410 1235 2460 videtur.
1265 2413 1338 2458 De
1355 2408 1436 2457 illo
1463 2408 1594 2471 pisce
1612 2408 1724 2456 ride
1754 2408 1816 2456 ad
1854 2407 2035 2457 Anecd.

482 2498 590 2534 mea
625 2487 720 2543 111,
765 2500 814 2549 p.
854 2488 961 2533 441.
1000 2503 1022 2525 υ
1061 2485 1125 2531 B.
1157 2508 1217 2519 —
1243 2489 1270 2531 5
1305 2480 1557 2541 Θευὸορίου
1599 2478 1758 2528 Reisk.
1815 2498 1837 2522 α
1871 2481 2038 2540 Neque

483 2557 679 2613 δεσμοὺς
733 2569 841 2607 aum
908 2551 1116 2615 Toupio,
1170 2565 1327 2614 neque
1389 2550 1627 2611 πλόχμους
1678 2563 1790 2597 cum
1843 2548 2037 2601 Reiskio

482 2626 594 2676 addi
641 2633 795 2690 potest
840 2645 852 2673 :
897 2627 1124 2673 neutrum
1175 2622 1304 2672 enim
1334 2621 1395 2670 de
1436 2620 1628 2669 corollis
1659 2618 1756 2668 dici
1801 2618 2037 2669 usitatum

483 2700 576 2748 est.
606 2700 776 2759 Neque
811 2694 1006 2744 omnino
1033 2707 1158 2757 opus
1183 2696 1260 2743 est
1302 2691 1363 2741 ad
1396 2692 1600 2755 ῥοδίνους
1627 2688 1739 2739 addi
1777 2689 2039 2739 substanti-

484 2780 626 2823 vum3
670 2763 916 2815 omittitur
945 2765 1211 2827 στεφάνους.
1242 2764 1427 2811 Versus
1461 2761 1530 2811 ita
1570 2760 1730 2823 potius
1774 2760 2037 2823 explendus

482 2836 676 2888 videtur
703 2856 715 2885 ι
738 2837 942 2900 ῥοδίνους
961 2834 1004 2890 ἓξ
1039 2831 1278 2896 πρόσλαὸ·
1305 2831 1544 2894 ἐπείγου
1571 2833 1650 2880 καὶ
1676 2834 1816 2895 Τρυφ.
1855 2850 1877 2873 υ
1905 2833 2033 2880 Mei-

481 2908 597 2957 nelc.
633 2922 680 2971 p.
718 2913 822 2957 108.
850 2905 972 2955 Cod.
1013 2906 1126 2967 πρὸς
1157 2899 1286 2952 hol.
1323 2934 1384 2946 --
1425 2911 1453 2953 6
1479 2904 1697 2966 τρυφερὰν
1723 2902 1863 2962 Cod.‚
1904 2900 2037 2966 quod

482 2980 645 3030 servat
667 2977 840 3033 Boiss.;
863 2975 990 3025 cons.
1021 2974 1084 3023 ad
1104 2988 1181 3038 ep.
1209 2978 1313 3034 154,
1344 2981 1386 3022 2.

543 3131 843 3179 CLXXXVI.
873 3129 1072 3176 Lemma
1113 3145 1126 3174 t
1154 3127 1217 3180 εἰς
1243 3124 1494 3180 Φιλαινξδα
1531 3124 1720 3184 πόρνην.
1746 3150 1805 3160 --
1829 3130 1847 3172 1
1888 3127 2028 3174 πιθα·

483 3201 822 3259 ιῶς...δάκρυσι
842 3196 982 3255 Cod.‚
1013 3209 1137 3244 corr.
1157 3195 1408 3252 Reiskius;
1437 3197 1674 3259 δακρύοισι
1696 3195 1924 3256 Bothius,
1951 3195 2036 3262 qui

481 3274 613 3320 recte
631 3271 742 3332 post
760 3267 945 3317 Φιλαινί
969 3265 1204 3315 distinxit.

544 3409 862 3462 CLXXXVll.
893 3405 1016 3455 Vide
1043 3405 1104 3454 ad
1130 3419 1207 3468 ep.
1234 3410 1337 3456 182.

541 3553 890 3604 CLxxxvnl.
935 3553 1135 3600 Lemma
1175 3563 1188 3592 2
1218 3551 1283 3604 εἰς
1312 3549 1499 3612 Ἔρωτα
1534 3549 1739 3608 τοξότην.
1788 3550 2035 3600 Sententia

480 3623 840 3690 epigrammatis
867 3635 974 3671 esse
999 3622 1194 3671 videtur
1214 3621 1375 3670 :Nihil
1405 3635 1552 3684 pecco
1570 3621 1618 3669 in
1647 3625 1897 3684 Amorem,
1920 3622 2030 3671 dul·

479 3710 587 3746 cem
605 3695 782 3752 deum3
809 3695 1023 3744 attamen
1049 3704 1212 3741 arnore
1235 3705 1382 3755 prope
1407 3704 1566 3754 pereo.
1594 3689 1730 3740 Unde
1749 3690 1871 3740 hoc?
1894 3718 1957 3727 —
1974 3705 2033 3740 en

481 3762 778 3830 deprehendi
803 3763 1005 3812 noxium
1035 3775 1048 3804 ε
1078 3761 1201 3810 deus
1219 3775 1364 3824 quem
1392 3761 1580 3824 justum
1612 3759 1866 3822 putabam,
1896 3773 2035 3822 appa·

484 3835 583 3884 ruit
613 3833 834 3883 mortalis
866 3832 1092 3895 injustus.
1135 3831 1372 3888 ulciscar,
1403 3829 1513 3892 quis
1555 3843 1634 3878 me
1674 3827 1955 3878 accusabit?
1973 3855 2033 3864 —-

486 3913 504 3956 1
534 3907 682 3955 ἀδικῶ
704 3904 835 3953 Plan.
862 3903 1035 3958 Γλυκΰς
1051 3938 1065 3963 ,
1093 3901 1319 3951 videlicet
1346 3904 1468 3951 ἐστὶν
1489 3903 1516 3949 ὁ
1533 3901 1699 3962 Ἔρως.
1721 3901 1868 3949 Recte
1887 3902 1991 3949 Jac.
2018 3921 2029 3949 :

481 3995 506 4018 α
539 3973 704 4024 Dulcis
732 3974 881 4034 deus,
908 3993 929 4016 υ
961 3975 1012 4021 et
1041 3973 1246 4020 matrem
1263 3971 1418 4034 ipsam
1450 3972 1677 4026 testatur,
1707 3982 1802 4018 non
1820 3969 1924 4018 sine
1942 3969 2032 4018 iro-

481 4043 589 4104 nia,
615 4044 715 4093 tela
763 4044 870 4105 ejns
905 4056 1002 4092 non
1035 4041 1185 4090 semel
1223 4045 1490 4104 expertam.
1527 4039 1654 4089 Male
1681 4041 1929 4089 Heckerus
1969 4040 2033 4089 ad

481 4114 740 4166 Leonidam
764 4114 910 4164 ret'ert
941 4133 953 4162 ε
995 4133 1018 4154 «ι
1044 4126 1159 4175 ego,
1190 4114 1275 4175 qui
1306 4125 1496 4176 semper
1525 4110 1780 4160 mitissima
1807 4125 1919 4161 sum
1954 4111 2027 4160 in-

480 4185 590 4235 dole
604 4221 617 4242 ,
649 4183 789 4245 cujus
807 4183 961 4246 ipsam
982 4185 1218 4231 Venerem
1245 4187 1422 4232 testem
1449 4181 1646 4238 invoco,
1669 4193 1781 4242 erga
1804 4182 2030 4230 Amorem

481 4271 578 4305 non
621 4269 731 4305 sum
770 4255 996 4319 injustus.
1029 4273 1052 4296 υ
1080 4282 1142 4289 -
1179 4261 1207 4303 3
1236 4257 1388 4317 Θερμῷ
1431 4253 1470 4302 δ’
1499 4255 1574 4302 ἐπι
1609 4253 1776 4314 θερμὸν
1805 4252 1942 4302 Plan.
1968 4279 2031 4289 —

481 4334 526 4378 4.
545 4330 790 4390 Ἀτρακτον
803 4325 976 4374 suidas
995 4325 1201 4388 explicat
1221 4327 1368 4386 βέλος,
1381 4323 1587 4374 hocloco
1609 4335 1745 4372 nsua.
1761 4323 2027 4374 Commode

471 4401 584 4448 uae.
620 4395 842 4445 meminit
874 4395 1170 4458 Thucydidis
1205 4396 1292 4454 IV,
1323 4399 1401 4444 40.
1435 4419 1496 4430 —
1521 4403 1567 4445 5.
1612 4393 1736 4442 Huic
1767 4394 1933 4443 versui
1962 4395 2032 4444 lu-

480 4483 590 4519 cem
625 4467 791 4517 attulit
809 4467 1048 4526 Piccolos,
1071 4465 1257 4530 primus
1278 4469 1352 4515 tot
1375 4466 1691 4528 interpretum
1725 4477 1910 4513 memor
1928 4480 2031 4528 pro-

480 4539 630 4590 verbii
653 4539 756 4600 εὗρε
773 4539 871 4593 θεὸς
897 4538 977 4586 τὸν
1005 4537 1284 4601 ἀλιτρὸν,(10
1313 4551 1411 4599 quo
1445 4537 1596 4586 schol.
1622 4536 1824 4584 Theocr.
1853 4539 1913 4596 X,
1936 4542 1989 4587 17
2013 4551 2026 4581 :

481 4609 723 4672 παροιμίαι
748 4609 838 4656 εἰσὶ
869 4609 922 4655 τὸ
951 4607 1078 4670 εὗρε
1111 4608 1241 4662 θεὸς
1267 4607 1370 4654 τὸν
1407 4606 1677 4666 ἀλιτρὸν,
1699 4606 1778 4652 καὶ
1807 4607 1862 4653 τὸ
1886 4607 2025 4670 εὗρε

481 4683 605 4735 Θεὸς
636 4681 732 4728 τὸν
767 4679 968 4726 αἴτιον
1093 4679 1147 4726 τὸ
1171 4679 1220 4726 δὲ
1261 4677 1364 4740 εὗρε
1391 4677 1490 4732 θεὸς
1522 4677 1601 4725 τὸν
1634 4675 1817 4738 ἀλιτρόν
1851 4677 2029 4738 λέγεται

487 4751 562 4798 ἐπὶ
579 4755 672 4797 τῶν
693 4748 910 4797 διδόντων
929 4749 1062 4804 δίκην
1080 4755 1159 4806 τῆς
1189 4747 1428 4810 ἁμαρτίας.
1449 4744 1589 4803 Quod
1617 4745 1860 4808 ingeniose
1877 4745 2031 4797 inver-

481 4821 542 4870 tit
559 4818 792 4869 Leonidas
819 4833 829 4860 Ξ
848 4819 919 4880 χώ
940 4820 1142 4875 θνητὸς
1163 4820 1242 4868 τὸν
1260 4818 1438 4874 ἀλιτρὸν
1469 4843 1547 4879 -‚
1574 4819 1625 4866 et
1645 4816 2030 4868 subaudiendum

485 4889 770 4951 relinquitur
795 4889 916 4949 εὗρε,
936 4893 990 4936 111
1017 4887 1140 4937 sitin
1165 4887 1432 4952 proverbiis
1445 4925 1458 4946 ,
1479 4890 1508 4944 ἡ
1528 4887 1674 4950 χάραξ
1697 4888 1778 4945 τὴν
1797 4887 2002 4949 ἄμπελον
2016 4925 2031 4950 ,

483 4963 515 5007 ἁ
535 4962 632 5022 χεὶρ
649 4961 733 5008 τὰν
766 4965 896 5020 χεῖρα
923 4963 1018 5022 (ep.
1041 4963 1131 5008 208
1149 4960 1182 5020 ),
1208 4961 1258 5008 et
1288 4957 1393 5007 aliis
1423 4957 1658 5020 plurimis.
1687 4958 1790 5006 Non
1825 4956 2033 5009 debebat

417 5033 420 5038 ·
486 5029 558 5078 vir
575 5029 956 5096 elegantissimus
985 5028 1162 5080 addere
1186 5032 1298 5093 ἔχω.
1319 5029 1476 5090 (Nunc
1501 5027 1697 5078 demum
1718 5027 1858 5078 video
1885 5028 2030 5080 etiam

1595 215 1995 275 ANTHOLOG
2006 216 2102 274 1AE
2145 216 2554 276 PALATINAE

2126 350 2371 411 Ungerum
2384 351 2549 399 Bedr.
2577 361 2626 411 p.
2648 354 2700 399 31
2730 349 3007 399 meminisse
3026 351 3265 413 proverbii
3284 352 3432 409 illius,
3458 354 3543 403 sed
3568 369 3666 415 Jun-

2124 431 2237 480 gere
2264 420 2338 481 χώ
2362 420 2519 476 θνητὸς
2543 421 2622 468 τὸν
2645 420 2825 482 ἀλιτρὸν
2849 419 3078 480 τίσομαι.)
3110 419 3272 470 Codex
3296 424 3347 470 et
3382 422 3517 471 Plan.
3555 444 3565 471 ι
3602 427 3671 485 χὼ

2124 490 2283 543 Θνητὸς
2309 489 2389 537 τὸν
2417 490 2596 553 ἀλιτρόν
2626 490 2740 539 ἐσὼ
2756 507 2843 539 κει
2863 508 2875 519 ·
2903 492 3060 547 θνητὸς
3079 491 3315 552 ὁδαὶμων.
3338 492 3673 554 improbabilia

2122 560 2374 607 tentarunt
2408 562 2634 620 Brunck„
2668 562 2899 623 Lennep.,
2920 560 3019 609 alii.
3046 561 3294 611 Heckerus
3326 582 3337 610 :
3372 563 3541 625 ἐῴκει,
3565 566 3669 621 vel,

2125 632 2351 680 monente
2369 633 2547 681 ottone
2563 631 2873 691 Schneidero,
2888 630 3070 681 rectius
3088 634 3235 681 ἔοικεν
3251 634 3410 689 θνητὸς
3434 636 3460 681 ὁ
3478 635 3672 693 δαίμων,

2126 712 2214 761 pro
2233 702 2389 758 θνητὸς
2405 704 2488 763 ὢν,
2510 702 2616 751 1000
2639 700 2815 761 dativi,
2836 715 2932 751 non
2958 714 3066 750 raro
3084 714 3195 750 usu.
3216 701 3363 759 Quod
3383 703 3674 765 probabilius

2126 768 2285 818 visum
2313 770 2372 820 iis
2389 785 2502 833 quae
2528 774 2887 835 proposuerunt
2910 772 3177 821 Meinekius
3194 786 3240 835 p.
3271 779 3355 822 122
3376 794 3389 821 :
3416 775 3490 835 χώ
3522 778 3676 830 omre:

2126 842 2204 889 τὸν
2224 841 2403 905 ἀλιτρὸν
2420 844 2484 904 ἐγ
2498 845 2537 892 ὼ
2550 881 2564 906 ,
2586 861 2617 892 κ
2630 845 2677 892 εἰ
2697 845 2856 900 θνητὸς
2869 844 2925 903 (Ρ)
2940 845 2967 891 ὁ
2980 844 3159 903 δαίμων
3172 844 3393 905 ’1”1σομ“αι.
3413 848 3472 893 O.
3490 844 3675 893 Schnei-

2128 909 2276 959 derus
2299 932 2309 959 :
2335 914 2421 961 κού
2440 916 2595 970 θνητὸς
2615 916 2693 962 τὸν
2714 914 2892 975 ἀλιτρόν
2916 915 3083 962 ἐσώκει
3101 943 3160 953 —
3178 915 3287 976 ἇδμ
3300 932 3366 971 ητ
3382 932 3437 970 ος
3452 917 3480 963 ὁ
3502 915 3675 977 δαίμων

2128 1010 2188 1021 -
2214 981 2412 1042 τίσασ6’,
2438 982 2531 1032 hac
2557 984 2795 1034 sententia
2822 1004 2835 1031 ·.
2860 986 2977 1032 Non
3010 986 3257 1045 poteram
3294 997 3413 1045 eyo,
3442 986 3677 1033 mortalis

2128 1050 2314 1113 homo,
2340 1058 2541 1116 punire
2568 1054 2729 1105 deum
2755 1056 3043 1113 invictum,
3073 1052 3136 1101 de
3162 1068 3215 1103 se
3242 1054 3447 1115 loquens
3478 1068 3679 1117 persona

2128 1124 2297 1184 tertia,
2328 1138 2474 1186 quam
2500 1124 2620 1175 item
2653 1139 2767 1175 cum
2794 1125 2951 1187 prima
2971 1126 3182 1187 jungunt
3206 1127 3348 1174 Hom.
3384 1126 3444 1175 ll.
3470 1129 3511 1174 E
3528 1165 3541 1183 ,
3574 1131 3675 1185 878,

2128 1193 2373 1257 aristoph.
2396 1198 2508 1257 Lys.
2538 1200 2599 1245 42
2629 1209 2751 1257 seq.,
2775 1194 2932 1244 Thuc.
2956 1197 2997 1255 l,
3038 1200 3143 1244 128.
3174 1194 3394 1257 Denique
3430 1198 3675 1258 Ungerus‚

2128 1277 2411 1329 comparans
2448 1266 2695 1315 Platonica
2726 1266 2910 1327 (Ἔρως)
2942 1266 3159 1325 τύραννος
3184 1267 3309 1315 ἐνδον
3334 1268 3529 1315 ὲνοικῶν
3565 1270 3674 1330 Rep.

2130 1337 2211 1395 lx,
2234 1349 2283 1398 p.
2306 1341 2413 1398 573,
2435 1339 2495 1399 D,
2518 1341 2567 1387 et
2589 1336 2787 1396 similia,
2810 1336 2879 1386 sic
2900 1334 3068 1385 scribit

2248 1496 2321 1557 χώ
2344 1494 2503 1551 θνητὸς
2528 1494 2605 1542 τὸν
2628 1494 2883 1555 ἁλιτρὸν-
2901 1493 3015 1556 ἐσῴ
3030 1510 3122 1542 κει
3158 1495 3257 1550 Θνη
3272 1500 3347 1555 τῷ
3376 1495 3403 1542 ὁ
3426 1495 3677 1557 δαίμων...

2310 1565 2499 1626 τίσομαι
2515 1581 2527 1593 ·
2554 1566 2616 1627 ἐγ
2631 1567 2728 1613 κλε
2744 1581 2799 1613 ισ
2812 1570 2895 1627 μῷ
2922 1564 2963 1613 δ’
2980 1562 3142 1625 ἔσσομ’
3162 1564 3442 1626 ἀλεξόμενος.

2125 1738 2186 1750 —
2205 1722 2251 1764 6.
2272 1717 2480 1763 Versum
2501 1729 2531 1763 a
2556 1714 2723 1765 multis
2749 1717 2989 1765 tentatum
3020 1713 3329 1764 distinctione
3357 1715 3551 1764 sanavit
3576 1716 3681 1765 Mei-

2125 1785 2231 1833 nek.
2242 1822 2253 1843 ,
2269 1784 2611 1850 plaudentibus
2629 1786 2846 1835 Beckero
2864 1789 2914 1835 et
2930 1785 3136 1835 Piccolo.
3158 1784 3353 1835 Dudum
3368 1790 3679 1837 annotat-erat

2124 1855 2277 1907 Boiss.
2305 1876 2316 1904 ι
2349 1874 2372 1897 e<
2406 1856 2835 1919 interrogationem
2863 1855 2953 1905 feci
3002 1869 3149 1905 sensu
3180 1854 3308 1905 bono
3339 1877 3351 1905 ι
3399 1858 3633 1907 Ulciscor
3664 1877 3681 1909 .·

2126 1937 2310 1973 reusne
2326 1923 2499 1987 suero,
2519 1938 2604 1973 me
2627 1928 2671 1973 sl
2698 1924 3012 1988 defendam?
3047 1945 3071 1968 n
3104 1926 3377 1989 Lennepius
3412 1930 3679 1991 conjecerat

2127 1996 2296 2057 τίσομ’·
2321 1996 2594 2057 ἀνέγκλητος
2620 1996 2659 2045 δ’
2688 1996 2854 2059 ἔσσομ’
2874 1995 3158 2057 ἀλεξόμενος.

2187 2146 2480 2195 CLXXXIX.
2510 2148 2565 2194 ln
2589 2146 2724 2195 Plan.
2744 2145 3007 2206 Meleaqro
3036 2144 3327 2194 inscribitur.
3352 2172 3413 2183 -
3434 2149 3457 2195 1
3484 2148 3627 2207 μέσον
3644 2150 3679 2197 δ’

2127 2215 2376 2265 Beckerus
2393 2254 2406 2275 ,
2429 2216 2532 2264 scil.
2570 2222 2715 2280 χεῖμα
2741 2236 2752 2264 :
2787 2214 2968 2264 media
2992 2214 3160 2265 hiems
3183 2215 3357 2265 condit
3378 2218 3676 2277 Pleiadem,

2126 2283 2263 2344 cujus
2292 2298 2493 2333 occasus
2518 2298 2685 2334 mense
2716 2284 2960 2336 decembri
2984 2306 2996 2333 z
3018 2286 3218 2335 ἐπιδὺνει
3243 2286 3399 2336 active
3416 2324 3429 2347 ,
3458 2290 3682 2337 neutrali-

2124 2356 2199 2403 ter
2222 2355 2429 2404 aoristus
2464 2369 2539 2417 ap.
2572 2357 2717 2404 Hom.
2742 2357 2798 2405 ll.
2822 2358 2876 2415 Β,
2896 2360 3007 2405 413.
3030 2356 3194 2406 Codex
3212 2359 3263 2406 et
3285 2358 3413 2407 Plan.
3460 2360 3609 2417 μέσην
3627 2360 3681 2419 δ’,

2125 2424 2256 2487 quod
2292 2425 2522 2488 explicari
2548 2439 2644 2474 non
2678 2428 2857 2488 potest.
2892 2426 3267 2477 Boissonadius:
3312 2446 3337 2471 κ
3379 2429 3480 2477 Νὺξ
3512 2431 3677 2490 μακρή.

2126 2495 2355 2543 Horatius
2371 2495 2477 2551 od.
2517 2497 2557 2555 l,
2588 2502 2664 2554 25,
2699 2498 2725 2544 7
2763 2516 2775 2543 2
2817 2496 2902 2544 Me
2940 2498 3030 2545 tuo
3074 2496 3282 2558 lonqam
3307 2503 3573 2561 pereunte
3600 2515 3679 2550 no-

2126 2568 2255 2613 ctem.
2274 2601 2287 2625 ,
2310 2564 2393 2613 ubi
2414 2579 2466 2613 v.
2486 2565 2642 2613 Bentl.
2661 2567 2712 2613 et
2728 2565 2856 2613 cons.
2878 2564 3020 2614 ovid.
3040 2569 3150 2615 Am.
3178 2568 3218 2626 l,
3242 2566 3303 2615 el.
3325 2574 3372 2625 2,
3396 2571 3445 2617 3.
3474 2568 3551 2617 Ad
3568 2571 3679 2617 δύνει

2124 2637 2228 2684 Jac.
2263 2634 2493 2683 subaudit
2510 2637 2604 2690 νύξ.
2625 2634 2883 2684 subaudiri
2906 2636 3071 2685 malim
3095 2650 3271 2685 nomen
3297 2639 3421 2693 ἣλιος
3448 2659 3463 2686 2
3486 2639 3679 2688 medios

2126 2708 2265 2754 inter
2291 2704 2536 2755 Pleiadas
2578 2705 2761 2754 occidit
2786 2705 2879 2754 sol.
2920 2706 3089 2756 Hiems
3119 2705 3431 2769 significatur.
3468 2710 3681 2772 Hyginus

2124 2778 2318 2824 Astron.
2339 2777 2409 2833 ll,
2430 2780 2485 2824 21
2514 2794 2525 2822 :
2547 2774 2613 2822 In
2634 2772 2916 2824 Pleiadum
2944 2778 3091 2836 siyno
3113 2774 3367 2824 occidente
3388 2776 3505 2825 sole
3518 2775 3675 2826 hiems

2126 2844 2434 2896 ostenditur.
2476 2844 2612 2894 Δύνει
2646 2844 2718 2895 sic
2755 2845 2975 2895 absolute
3002 2845 3214 2909 positum
3251 2848 3449 2896 exstare
3489 2848 3681 2909 quidem

2124 2930 2220 2965 non
2250 2915 2478 2970 memini;
2512 2915 2597 2964 sed
2635 2919 2711 2965 est
2744 2917 2872 2974 ἣλιος
2902 2916 3030 2966 inter
3065 2915 3259 2965 nomina
3286 2929 3397 2978 quar.
3425 2931 3565 2980 saepe
3610 2933 3682 2981 pa-

2124 2987 2313 3042 tiuntur
2342 2986 2550 3049 ellipsin.
2582 3005 2605 3027 υ
2628 3011 2688 3020 -
2717 2993 2743 3034 2
2770 2987 2983 3048 νείσομαι
3012 2987 3157 3044 Cod.3
3179 2988 3427 3050 νείσσομαι
3464 2989 3599 3038 Plan.
3626 3017 3681 3025 —

2126 3062 2154 3112 3
2180 3057 2329 3113 κείνης
2365 3056 2510 3112 Cod.;
2539 3056 2725 3112 Ἑλένης
2748 3055 2907 3116 Plan„
2933 3069 2992 3105 ex
3018 3056 3273 3106 manifesta
3292 3056 3678 3120 interpolatione.

2128 3129 2340 3179 Κλεινοῦς
2368 3125 2575 3176 Meinek.
2617 3139 2664 3187 p.
2698 3131 2782 3174 105
2825 3146 2837 3174 :
2874 3145 2897 3168 α
2936 3125 3087 3174 Simili
3112 3139 3273 3175 errore
3304 3129 3451 3185 Κλίνη
3478 3129 3529 3177 111
3556 3129 3685 3177 libris

2125 3195 2343 3252 Athenaei
2362 3197 2422 3254 X,
2446 3209 2496 3258 p.
2529 3198 2640 3252 425,
2658 3197 2693 3242 E
2708 3230 2720 3250 ‚
2749 3207 2861 3256 quae
2877 3195 2971 3244 alio
2990 3196 3097 3245 loco
3120 3196 3181 3244 ab
3212 3195 3318 3257 ipso
3334 3196 3453 3244 Ath.
3482 3201 3680 3246 vocatur

2127 3267 2321 3316 K‘esmb.
2378 3285 2399 3307 ι»
2442 3265 2693 3313 fleckerus
2722 3266 2933 3326 Κλείνης,
2984 3265 3093 3315 0011.
3136 3265 3373 3315 varietate
3408 3267 3465 3315 in
3505 3273 3681 3330 Anytes

2124 3337 2470 3401 epigrammate
2493 3337 2604 3392 Vll,
2625 3337 2736 3392 480,
2771 3339 2810 3382 1.
2836 3353 2859 3376 «ι
2883 3334 3061 3397 Scripsi
3082 3335 3271 3392 Κύννης.
3293 3336 3522 3385 Meretrix
3550 3353 3675 3400 quae·

2124 3408 2237 3458 dam
2256 3405 2447 3457 nomine
2476 3405 2628 3454 Κύννα
2655 3407 2952 3454 memoratur
2969 3405 3018 3452 in
3044 3405 3217 3468 vespis
3240 3409 3373 3455 1027.
3392 3407 3525 3458 Vide
3556 3412 3683 3458 Valt-

2124 3481 2232 3528 ken.
2273 3477 2323 3525 in
2364 3475 2592 3524 Adoniaz.
2628 3489 2676 3539 p.
2712 3479 2819 3524 361.
2858 3478 2921 3524 Et
2966 3475 3017 3524 id
3046 3476 3167 3526 torte
3202 3476 3357 3527 voluit
3396 3479 3680 3539 Jacobsius,

2124 3549 2208 3611 qui
2241 3549 2410 3604 Κίννης
2438 3544 2706 3608 proposuit.
2748 3564 2772 3590 ι»
2818 3546 2881 3594 B.
2929 3547 2988 3594 In
3016 3545 3246 3595 Palatinas
3278 3548 3504 3610 exemplo
3534 3549 3682 3614 nobis-

2122 3633 2238 3668 cum
2285 3615 2638 3667 communicato
2667 3614 2924 3665 Jacobsius
2954 3617 3005 3665 et
3048 3617 3337 3665 asteriscum
3388 3619 3593 3669 sustulit
3638 3623 3683 3667 et

2124 3689 2428 3751 conjecturas
2460 3686 2511 3734 in
2542 3685 2755 3748 margine
2772 3685 2970 3748 positas.
3004 3685 3208 3734 Bothius
3234 3699 3437 3748 quoque
3462 3709 3476 3736 ι
3510 3709 3537 3732 ει
3572 3689 3681 3737 Dele

2126 3757 2346 3822 (inquit)
2376 3756 2683 3816 asteriscum,
2720 3769 2873 3816 quum
2902 3754 3022 3803 nihil
3049 3754 3179 3804 desit
3208 3759 3295 3805 aut
3324 3755 3537 3806 laboret.
3570 3778 3593 3799 ι»
3628 3783 3683 3792 -—

2120 3835 2168 3880 4.
2194 3849 2217 3872 a
2248 3829 2421 3891 Κύπρις
2450 3840 2569 3875 arcu
2598 3828 2650 3876 et
2677 3825 2865 3886 sagittis
2887 3829 3073 3876 armata
3090 3840 3171 3889 ap.
3192 3827 3399 3876 Theocr.
3438 3830 3529 3888 XI,
3578 3835 3630 3878 ¹5
3670 3851 3681 3876 ·.

2122 3901 2243 3962 ἔχων
2266 3898 2543 3960 ὑποκάρδιον
2562 3898 2691 3951 ἕλκος
2725 3896 2927 3956 Κύπριος
2954 3898 3006 3944 ἐκ
3028 3898 3249 3958 μεγάλας,
3267 3895 3299 3944 ἅ
3326 3899 3369 3944 ol
3404 3899 3554 3956 ἥπατι
3575 3901 3683 3953 uiis

2124 3973 2359 4033 βέλεμνον.
2397 3969 2542 4016 Arete
2576 3964 2821 4029 jungenda
2854 3967 3041 4029 ἀνιηρὸν
3062 3967 3116 4016 ἐκ
3142 3967 3305 4029 πυρός,
3327 3966 3361 4016 i.
3393 3981 3446 4016 e.
3478 3969 3675 4032 πυρίφλε·

2124 4058 2233 4089 κτον
2254 4041 2305 4088 et
2328 4038 2532 4102 ἀνιηρόν.
2557 4058 2582 4081 υ
2607 4041 2639 4087 J
2642 4050 2719 4086 ac.

2183 4181 2322 4228 CXC.
2354 4180 2554 4227 Lemma
2594 4195 2607 4224 ι
2637 4178 2701 4232 εἰς
2725 4177 2909 4239 Ἔρωτα
2941 4177 3231 4239 δριμύτατον.
3270 4201 3331 4212 --
3362 4181 3381 4226 1
3426 4178 3681 4242 ἀκοίμητὸν

2119 4273 2169 4306 τε
2209 4256 2417 4308 Graetius
2435 4294 2447 4315 ,
2491 4252 2819 4318 probabiliter,
2862 4267 3157 4315 quamquam
3201 4255 3344 4310 πολὺς
3376 4257 3537 4304 πνέων
3564 4271 3679 4305 con-

2121 4325 2231 4376 101·τί
2267 4328 2445 4388 potest.
2475 4351 2538 4361 —
2564 4332 2591 4374 2
2620 4326 2745 4382 ζῆλοι
2787 4324 2945 4380 Plan.;
2992 4324 3141 4379 ζήλων
3170 4321 3291 4371 cod.
3325 4343 3348 4364 «ι
3374 4326 3569 4386 Κώμων
3598 4326 3677 4372 πε·-

2120 4399 2273 4458 λαγος.
2298 4398 2417 4444 Haec
2444 4408 2500 4443 ex
2528 4394 2797 4457 antiquiore
2825 4395 2969 4456 poeta
2986 4393 3138 4456 petita
3166 4405 3273 4442 esse
3301 4393 3535 4458 colligere
3574 4395 3683 4444 licet

2121 4481 2183 4518 ex
2206 4467 2437 4515 Cicerone
2464 4465 2525 4514 de
2551 4463 2847 4526 metaphoris
2866 4467 3036 4526 agente
3056 4463 3106 4512 in
3131 4463 3254 4513 libro
3276 4467 3349 4512 De
3368 4470 3569 4514 oratore
3600 4468 3680 4523 ul,

2121 4542 2173 4587 41
2212 4550 2224 4580 :
2254 4536 2383 4584 Nolo
2413 4549 2518 4584 esse
2537 4536 2629 4584 aut
2658 4535 2833 4594 majus
2852 4547 3013 4598 quam-
3038 4548 3119 4584 res
3141 4535 3385 4598 postulet,
3412 4538 3685 4598 tempestas

2120 4607 2499 4663 comissationis,
2530 4607 2834 4665 autminus,
2855 4605 3131 4654 comissatio
3158 4605 3489 4668 tempestatis
3516 4627 3540 4648 ι»
3567 4607 3679 4656 Jac.

2118 4705 2182 4719 --
2206 4683 2253 4728 4.
2279 4681 2551 4742 ἀποψόμεθα
2577 4676 2698 4727 Cod.
2727 4680 2777 4726 et
2806 4677 2963 4738 Plan„
2987 4677 3075 4726 sed
3102 4678 3152 4727 in
3180 4677 3263 4726 illo
3289 4678 3311 4725 ἑ
3350 4677 3486 4726 inter
3514 4691 3683 4728 versus

2121 4751 2347 4814 positum.
2384 4771 2405 4792 ιι
2446 4748 2689 4812 Scriptum
2714 4750 2790 4798 est
2822 4761 3015 4797 carmen
3049 4749 3097 4797 iu
3125 4747 3455 4811 Trypheram,
3498 4747 3563 4796 ‹le
3590 4759 3683 4807 qua

2121 4833 2268 4884 supra
2294 4822 2494 4883 questus
2522 4821 2598 4869 est
2616 4832 2694 4881 ep.
2731 4823 2838 4869 154.
2870 4821 2962 4867 ch
2982 4818 3207 4880 scyllam
3230 4821 3397 4878 vocat,
3432 4817 3545 4868 sire
3582 4833 3683 4882 pro-

2120 4894 2230 4954 pter
2250 4889 2463 4953 pericula
2480 4889 2528 4938 in
2542 4902 2653 4952 quae
2680 4888 2729 4936 in
2750 4889 2855 4950 ejus
2882 4889 3231 4940 consuetudine
3260 4888 3563 4944 incurrebat.
3586 4890 3683 4938 sire.

2122 4959 2269 5010 etlam
2309 4961 2505 5023 propter
2540 4959 2869 5022 rapacitatem.
2903 4960 3140 5010 Praeclare
3169 4959 3265 5008 11110
3302 4957 3415 5008 facit
3462 4959 3684 5008 anaxilai

2123 5029 2291 5080 comici
2318 5030 2485 5094 fragm.
2516 5032 2754 5086 Νεοττίδος
2784 5045 2829 5079 v.
2872 5035 2923 5080 15
2956 5051 2967 5078 :
