3829 5747
470 165 589 224 348
1575 157 2085 218 ANTHOLOGIAE
2127 155 2536 216 PALATINAE

602 303 735 354 394.
780 294 1165 354 ominum·
1196 270 1861 353 'et-:zzmomxmx

542 433 884 511 Μυλεργάτας
913 432 1043 512 ἀντ’,ρ
1082 457 1145 508 με
1176 437 1273 504 κήν
1297 436 1431 501 ζωᾶς
1452 433 1653 512 χρόνοις

544 519 946 601 βαρυὸρομήταν
974 512 1081 598 εἶχε
1108 519 1310 592 δινητὸν
1338 519 1553 598 πέτρον,

540 609 845 690 πυρηφάτον
874 608 1152 686 Δάματρος
1175 609 1436 686 εὗκάρπου
1466 609 1671 688 λάτριν,

542 696 631 752 καὶ
654 693 922 754 κατθανὼν
953 696 1191 754 στάλωσε
1218 697 1349 774 τῷδ’
1385 698 1465 752 ἐπ’
1497 695 1656 775 ἠρίῳ,

540 781 776 856 σύνθημα
803 782 1019 860 τέχνας·
1038 781 1107 848 ὣς
1136 781 1246 860 ἔχει
1270 782 1323 858 μ’
1348 783 1427 840 ἀεὶ
1456 783 1645 861 βαρὺν,

538 871 625 929 καὶ
656 875 754 939 ζῶν
783 875 833 929 ἐν
865 874 1058 951 ἔργοις,
1092 873 1183 929 καὶ
1214 870 1379 929 θανὼν
1406 871 1487 928 ἐπ’
1516 871 1729 937 ὀστέοις.

701 1024 836 1075 395.
870 1015 1188 1074 ΜΑΡΚΟΥ
1230 1015 1774 1075 ΑΡΓΕΝΤΑΡΙΟΥ.

460 1146 628 1228 Οὗτος
657 1157 684 1212 δ
718 1154 1093 1233 Καλλαίσχρου
1118 1155 1287 1220 κενεὸς
1310 1152 1495 1233 τάφος,
1520 1153 1575 1212 ὃν
1607 1152 1736 1231 βαθὺ
1760 1159 1933 1233 χεῦμα

541 1243 760 1322 ἔσφηλεν
793 1241 1034 1301 Λιὸυκῶν
1062 1241 1403 1320 ἐνδρομέοντα
1432 1241 1637 1319 πόρων,

459 1330 653 1409 συρμος
684 1329 762 1387 ὅτ’
784 1328 1029 1406 Ὠρίωνος
1058 1328 1425 1409 ἀνεστρώφησε
1460 1330 1721 1401 θαλάσσης

544 1418 717 1496 βένθος
746 1417 846 1474 ὑπὸ
875 1420 1126 1494 στυγερῆς
1153 1416 1361 1488 οἴδματι
1398 1415 1699 1485 πανδυσίης.

462 1505 574 1568 Καὶ
603 1505 690 1564 τὸν
721 1504 813 1578 μὲν
834 1503 1080 1560 δαίσαντο
1109 1502 1405 1578 κυκώμενον
1437 1507 1509 1561 εἶν
1543 1505 1628 1562 ἁλὶ
1658 1507 1835 1582 θῆρες,

539 1590 713 1671 κωφὸν
744 1591 799 1649 δὲ
828 1591 996 1661 στήλη
1026 1591 1250 1668 γράμμα
1280 1591 1499 1670 λέλογχε
1526 1590 1658 1650 τόδε.

749 1709 909 1792 39σᾷ
934 1732 1317 1792 ΒιΑΝοΡοΣ
1359 1733 1716 1793 memor.

458 1869 731 1936 Οἰδίποδος
762 1870 959 1929 παίδων
979 1869 1139 1941 Θήὸη
1158 1869 1318 1948 τάφος
1335 1895 1347 1907 ·
1378 1871 1491 1929 ἀλλ’
1514 1875 1543 1931 ὁ
1572 1871 1817 1942 πανώλης

538 1957 736 2033 τύμὸος
764 1957 841 2015 ἔτι
872 1958 1076 2026 ζώντων
1108 1959 1411 2016 αἰσθάνεται
1434 1959 1699 2034 πολέμων.

459 2044 681 2111 Κείνους
708 2045 816 2104 οὔτ’
846 2045 1014 2114 Ἀΐδης
1040 2045 1407 2121 ἐδαμάσσατο,
1430 2051 1528 2117 κήν
1558 2046 1819 2126 Ἀχέροντι

542 2132 863 2211 μάρνανται·
895 2132 1075 2191 κείνων
1100 2136 1183 2211 χώ
1207 2133 1364 2212 τάφος
1388 2134 1695 2208 ἀντίπαλος,

461 2220 551 2278 καὶ
574 2221 695 2298 πυρὶ
727 2225 830 2297 πῦρ
859 2219 1079 2295 ἤλεγξαν
1112 2221 1354 2279 ἐναντίον.
1437 2213 1511 2279 ’Ὦ
1536 2223 1746 2281 ἐλεεινοὶ

540 2308 721 2373 παῖδες
740 2351 756 2379 ,
784 2307 1085 2384 ἀκοιμήτων
1109 2306 1365 2386 ἁψάμενοι
1389 2308 1643 2387 δοράτωνῑ

745 2457 881 2506 397.
926 2448 1266 2507 ΕΡΥΚΙΟΥ
1306 2449 1738 2508 ΘΕΤΤΑΛΟΥ.

464 2585 587 2662 Οὐχ
611 2583 694 2643 ὅδε
724 2585 945 2653 δείλαιος
976 2587 1215 2665 Σατύρου
1238 2586 1425 2668 τάφος,
1448 2585 1555 2645 οὐδ’
1581 2586 1683 2644 ὑπὸ
1704 2587 1896 2666 ταύτῃ,

542 2677 611 2739 ὡς
631 2673 809 2751 λόγος,
838 2673 1052 2746 εύνηται
1080 2680 1313 2754 πυρκαῖᾐ
1342 2676 1599 2753 Σάτυρος·

464 2763 583 2818 ἀλλ’
612 2760 780 2820 εἵπου
808 2762 923 2820 τινὰ
954 2762 1141 2822 πόντον
1167 2761 1379 2820 ἀκούετε
1397 2805 1413 2833 ,
1443 2762 1627 2840 πικρὸν
1650 2765 1873 2834 ἐκεῖνον,

544 2849 632 2909 τὸν
660 2850 824 2916 πέλας
847 2849 1123 2928 αἶγονόμου
1153 2849 1462 2926 κλυζόμενον
1487 2849 1776 2927 Μυκάλας,

462 2938 616 3019 κείνῳ
640 2938 865 3010 δινήεντι
897 2939 987 2997 καὶ
1012 2938 1277 3019 ἀτρυγέτῳ
1302 2938 1376 2996 ἔτι
1402 2947 1583 3014 κεῖμαι

542 3024 725 3100 ὕδατι,
755 3028 1053 3106 μαινομένῳ
1080 3026 1407 3107 μεμφόμενος
1426 3027 1619 3107 Βορέῃ.

890 3178 1024 3230 398.
1073 3171 1591 3229 ΑΝΤΙΠΑΤΡΟΥ.

463 3308 577 3366 Οὐκ
604 3297 699 3364 οἷδ’
725 3308 771 3363 εἰ
800 3307 1044 3366 Διόνυσον
1078 3306 1447 3384 ὀνόσσομαι,ἢ
1477 3308 1597 3375 Διὸς
1625 3308 1818 3386 ὅμὸρον

544 3393 813 3474 μέμψομ’·
844 3397 1109 3474 ὀλισθηροὶ
1138 3397 1183 3454 δ’
1212 3399 1285 3463 εἷς
1312 3398 1473 3463 πόδας
1496 3396 1801 3477 ἀμφότεροι.

466 3483 675 3564 Ἀγρόθε
705 3483 806 3563 γὰρ
835 3484 1083 3543 κατιόντα
1115 3483 1399 3552 Πολύξενον
1429 3482 1487 3542 ἔκ
1507 3506 1635 3541 ποτε
1672 3484 1843 3550 δαιτὸς

540 3570 737 3648 τύμὸος
766 3570 875 3650 ἔχει
898 3570 1159 3650 γλίσχρων
1185 3569 1477 3649 ἐξεριπόντα
1499 3570 1701 3649 λόφων·

462 3668 631 3717 κεῖται
658 3659 703 3716 δ’
730 3659 969 3723 Αἰολίδος
1006 3658 1253 3736 Σμύρνης
1278 3658 1415 3723 ἑκάς.
1503 3658 1659 3718 Ἀλλά
1688 3682 1765 3719 τις
1786 3659 1977 3738 ὄρφνης

906 3830 1023 3892 395.
1054 3845 1209 3877 nster
1244 3845 1567 3878 Αισικτμιιι.

463 3940 555 3987 Hic
576 3948 647 3989 est
673 3936 945 3988 Callaeschri
978 3939 1216 3999 tumulus,
1235 3938 1317 3987 sed
1341 3937 1518 4001 inanis,
1550 3938 1612 3988 ab
1632 3938 1751 3987 Afro

530 4020 711 4070 Littore
738 4035 881 4085 quem
909 4029 1099 4069 vectum
1125 4020 1230 4068 dira
1257 4019 1427 4069 refellit
1448 4036 1571 4085 aqua
1599 4035 1612 4069 τ

462 4104 581 4150 Cum
602 4102 790 4167 pelagus
810 4100 1031 4162 subiens,
1066 4101 1193 4166 quod
1214 4102 1312 4167 jam
1338 4102 1565 4151 turbabat
1588 4101 1738 4151 Orion
1755 4137 1769 4163 ,

526 4182 681 4232 Exciit
695 4200 753 4231 cx
776 4183 883 4232 imis
902 4198 1094 4248 :equora
1122 4190 1247 4232 torta
1276 4184 1425 4233 vadis.

460 4266 603 4314 Illum
625 4266 792 4316 subter
812 4283 958 4333 aqum
982 4266 1132 4333 pisces
1147 4268 1289 4317 cdere
1312 4266 1509 4329 marini;

528 4350 747 4399 Nominis
770 4349 871 4399 hm:
896 4360 1055 4399 servat
1083 4358 1216 4398 muta
1243 4350 1466 4399 columna
1494 4356 1649 4398 notas.

920 4444 1036 4505 ³96.
1078 4458 1307 4491 ιιωιοιιιι
1331 4458 1566 4499 tin-nun,

922 4538 983 4587 de
1006 4542 1199 4589 Eteocle
1226 4551 1272 4589 et
1296 4538 1536 4607 Polynice.

466 4630 723 4695 ossdipodoe
743 4632 864 4680 natis
889 4632 1003 4681 urbs
1024 4641 1094 4681 est
1115 4632 1339 4682 Thebana
1358 4631 1689 4697 sepulchrum;

533 4722 599 4762 At
622 4714 829 4763 tumulus
854 4716 1094 4779 quondm
1118 4715 1279 4781 proelin
1296 4715 1442 4765 sentit
1463 4712 1639 4764 adhuc.

468 4800 573 4861 Ipse
596 4810 687 4843 nec
712 4792 799 4844 hos
826 4794 1047 4846 Acheron
1072 4798 1282 4858 domuit,
1306 4797 1387 4847 scd
1418 4805 1593 4862 pugnat
1620 4797 1669 4845 in
1695 4800 1821 4845 Orco

540 4882 649 4925 Pars
676 4892 864 4941 quoque
880 4914 893 4937 ,
910 4893 1001 4927 nec
1020 4878 1213 4928 bustum
1242 4878 1414 4928 l'oedern
1439 4877 1567 4943 pacis
1591 4876 1755 4927 habet.

472 4964 609 5008 Secta
632 4958 791 5007 favilla
813 4958 969 5010 docet.
994 4960 1184 5009 Miseri!
1214 4960 1295 5025 qui
1316 4958 1427 5008 talia
1454 4960 1547 5009 tela

2467 300 2575 347 394.
2606 260 2879 345 οΡΗΠᾸΡΡΙ
2907 299 3282 347 THESSALON.

2101 442 2188 490 Vir
2212 441 2405 490 molitor
2427 453 2507 490 me
2531 443 2582 490 et
2609 441 2658 490 in
2693 440 2807 490 vitm
2837 442 3137 504 temporibus

2099 530 2631 594 graviter-strepentem
2649 528 2856 578 habebat
2874 529 3148 579 versatilem
3174 534 3364 592 petram
3383 569 3398 590 ‚

2101 619 2820 669 frumentum-comminuentem
2838 618 3027 666 Cereris
3049 617 3220 667 feracis
3245 619 3498 667 famulam
3515 658 3528 677 ,

2101 711 2152 758 et
2175 711 2398 756 mortuus
2420 705 2872 769 cippi-vioe-posuit
2899 705 2994 754 hoc
3017 719 3163 770 super
3192 709 3534 756 monument.)
3550 743 3562 762 .

2099 795 2332 846 indicium
2357 794 2476 844 artis
2505 814 2518 843 ε
2548 795 2618 843 sic
2639 793 2791 842 habet
2819 807 2898 842 me
2926 807 3117 856 semper
3139 807 3340 856 gmrem
3357 831 3372 854 ,

2102 887 2152 934 e‘t
2171 883 2344 933 vivens
2373 884 2422 932 in
2441 882 2710 942 laboribus,
2731 885 2782 931 et
2809 885 3032 931 mortuus
3056 895 3200 945 super
3217 895 3355 932 ossa.

2496 1026 2602 1072 395.
2639 1022 2835 1070 ΜΑΒΟΙ
2865 1023 3254 1071 ARGENTARII.

2103 1162 2194 1212 Hic
2219 1163 2497 1213 Callaeschri
2521 1177 2708 1214 vacuus
2737 1165 2982 1225 tumulus,
3007 1178 3156 1227 quem
3182 1165 3500 1229 profundum
3529 1166 3676 1214 nuen-

2163 1251 2332 1300 mersit
2361 1251 2537 1312 Libyca
2559 1255 2918 1314 percurrentem
2941 1252 3064 1302 freta
3077 1291 3091 1315 ‚
3543 1253 3680 1317 {tum

2103 1349 2254 1398 quum
2279 1337 2759 1400 violentus-impetus
2781 1338 2972 1388 Orionis
2995 1339 3173 1389 evertit
3195 1341 3352 1390 maris
3763 1394 3765 1412 ἢ

2165 1423 2449 1473 imas-sedes
2484 1424 2864 1474 tumenti-fluctu
2889 1439 2975 1488 per
2997 1426 3244 1478 funestum
3277 1427 3681 1477 astriooeasum.
3764 1413 3765 1428 ¹

2105 1514 2164 1560 Et
2174 1525 2285 1560 eum
2295 1511 2492 1574 quidem
2509 1512 2852 1575 epulans-sunt
2861 1513 3304 1576 pessum-datumin
3325 1515 3466 1564 mari
3487 1515 3680 1574 belluae,

2165 1597 2355 1647 inanem
2377 1611 2493 1648 vero
2515 1599 2684 1663 cippus
2707 1599 2906 1649 titulum
2934 1601 3240 1651 sortitus-est
3261 1602 3428 1651 hunc.

2656 1748 2763 1794 396.
2809 1745 3106 1794 BIANORIS.

2106 1878 2272 1940 OEdipi
2302 1892 2562 1941 puerorum
2579 1882 2759 1932 Thebae
2783 1883 3034 1942 tumulus3
3060 1882 3146 1932 sed
3169 1883 3542 1933 omnia-delens

2170 1967 2444 2029 sepulcrum
2470 1968 2630 2018 adhuc
2655 1970 2769 2018 riva
2789 1971 2935 2020 sentit
2953 1983 3136 2022 eorum
3159 1969 3302 2020 belin.

2108 2057 2222 2108 Illos
2247 2070 2404 2119 neque
2427 2059 2572 2109 Pluto
2594 2059 2810 2120 domuit,
2839 2064 2890 2111 et
2913 2061 2963 2110 in
2995 2062 3265 2112 Acheronte

2163 2154 2408 2214 pugnant3
2438 2152 2634 2203 illorum
2657 2155 2734 2204 vel
2762 2153 2985 2203 tumulus
3011 2151 3334 2202 adversarius
3351 2189 3366 2210 ,

2099 2243 2148 2288 et
2172 2239 2268 2302 igni
2295 2239 2458 2302 ignem
2486 2241 2866 2292 manifestarunt
2883 2239 3202 2291 contrarium.
3233 2243 3273 2289 Ο
3305 2239 3606 2289 miserandi

2159 2329 2324 2391 pueri,
2343 2329 2569 2393 insopitis
2591 2330 3208 2394 qui-manum-admoristis
3233 2329 3436 2379 hastis!

2523 2461 2630 2506 397.
2675 2459 2888 2508 ERYcll
2917 2459 3228 2506 THESSALL

2107 2598 2210 2644 Non
2234 2597 2326 2645 hoc
2351 2600 2428 2646 cst
2455 2597 2686 2647 miserum
2715 2598 2870 2660 Satyri
2889 2597 3164 2661 sepulcrum
3181 2634 3194 2658 ,
3221 2611 3388 2660 neque
3413 2599 3520 2648 sub
3553 2599 3668 2655 hoc.

2167 2686 2226 2732 ut
2243 2685 2370 2733 fama
2393 2685 2526 2749 sert,
2551 2685 2730 2734 dormit
2754 2699 2870 2750 rogo
2895 2688 3097 2747 Satyrus
3123 2698 3136 2728 τ

2107 2772 2192 2820 sed
2219 2771 2372 2822 sicubi
2401 2771 2642 2835 quendum
2668 2775 2870 2837 pontum
2893 2772 3093 2831 auditis,
3117 2785 3343 2821 amarum
3377 2771 3564 2830 illum,

2170 2875 2265 2911 non
2293 2860 2459 2924 procul
2489 2860 2898 2925 capras-pascenti
2926 2861 3238 2911 fluctuantem
3258 2861 3470 2923 Mycala
3486 2900 3502 2921 ,

2108 2950 2256 3000 in-illa
2277 2950 2518 3000 vorticosa
2541 2952 2592 2999 et
2615 2950 2892 2999 infoecunds
2913 2950 3073 2999 adhuc
3095 2948 3231 3011 iaceo

2168 3052 2294 3100 aqua
2308 3076 2320 3100 ‚
2345 3039 2584 3088 furentem
2603 3038 2826 3089 incusans
2847 3040 3063 3087 Boream.

2633 3177 2738 3223 398.
2771 3174 3116 3222 ΑΝΤΙΡΑΤΒΙ.

2109 3311 2280 3361 Nescio
2301 3314 2468 3361 utrum
2490 3312 2733 3363 Bacchum
2750 3311 3145 3375 culpaturus-sim
3162 3350 3175 3373 ,
3197 3325 3256 3361 sn
3273 3312 3427 3362 Jovis
3445 3312 3662 3362 imbrem

2169 3401 2489 3449 accusaturus
2516 3413 2529 3442 ²
2555 3412 2668 3449 nam
2691 3399 3078 3462 lapsare-saciant
3097 3398 3243 3463 pedes
3259 3399 3439 3449 nubo.

2105 3491 2306 3549 Ex-agro
2315 3488 2444 3537 enim
2453 3490 2778 3537 revertentem
2789 3487 3084 3550 Polyxenam
3093 3487 3358 3551 aliquando
3369 3492 3492 3551 post
3503 3502 3694 3536 cernam

2169 3576 2388 3627 tumulus
2409 3576 2558 3627 habet
2581 3575 2782 3625 lubricis
2799 3576 3077 3639 prolapsum
3095 3576 3326 3633 collibus:

2101 3667 2328 3729 jacetque
2353 3666 2507 3715 AEolia
2530 3668 2730 3728 Smyrna
2747 3666 2933 3728 procul.
2955 3668 3062 3715 sam
3083 3666 3286 3727 quisque
3305 3668 3472 3715 noctu

2179 3832 2463 3877 Tractariuit
2478 3866 2492 3891 ‚
2516 3844 2716 3893 quorum
2737 3844 2832 3876 non
2853 3828 2995 3877 datur
3019 3827 3114 3875 ulla
3141 3826 3294 3892 quies.

2579 3930 2690 3991 397.
2733 3943 2906 3975 tucn
2939 3942 3184 3976 rumam.

2113 4024 2222 4071 Non
2242 4030 2312 4070 αἱ
2330 4020 2412 4070 hic
2429 4020 2578 4086 Satyri
2605 4021 2842 4079 tumulus,
2867 4034 2930 4067 ne
2948 4018 3126 4068 credite
3155 4016 3290 4065 famoe
3320 4031 3335 4063 ε

2178 4102 2442 4168 Belliquias
2467 4101 2620 4165 Satyri
2635 4116 2732 4151 non
2755 4100 2870 4165 tegit
2897 4099 2987 4149 iste
3011 4114 3169 4163 rogus.

2111 4184 2426 4234 Hor-visorium
2447 4192 2623 4231 vestras
2649 4182 2686 4230 si
2713 4182 2842 4247 quod
2869 4197 2999 4229 mare
3023 4180 3152 4229 venit
3181 4180 3240 4228 ad
3263 4196 3416 4231 aures
3433 4221 3450 4241 ,

2179 4268 2318 4331 Quod
2344 4267 2553 4332 Mycales
2580 4265 2734 4332 pulsnt
2755 4280 2926 4331 pascua
2951 4274 3086 4327 grata
3110 4264 3267 4329 capris
3286 4302 3303 4326 ,

2114 4352 2248 4401 Illius
2265 4351 2316 4399 in
2341 4350 2484 4399 vastis
2499 4360 2544 4400 et
2565 4349 2700 4399 triste
2730 4348 2996 4398 furentibus
3024 4348 3160 4397 undis

2178 4438 2318 4485 Nunc
2347 4434 2489 4483 ctiam
2505 4434 2640 4499 Jaceo
2664 4468 2678 4491 ‚
2703 4432 2856 4497 deque
2881 4430 3120 4495 Aquilone
3133 4446 3334 4493 queror.

2635 4601 2642 4607 .
2672 4532 2781 4594 398.
2817 4545 3100 4578 Anum-rar.

2113 4633 2344 4680 Accusem
2367 4628 2544 4677 Bromii
2565 4627 2751 4675 laticem
2772 4626 2943 4689 magis,
2973 4640 3034 4673 an
3057 4628 3188 4673 ,Iovis
3217 4622 3462 4686 imbrem,

2179 4711 2376 4770 Nescio;
2405 4726 2512 4758 nam
2537 4708 2705 4757 dubios
2733 4708 2853 4757 fallit
2877 4717 3078 4771 uterque
3106 4704 3265 4771 pedes.

2115 4796 2224 4841 Post
2242 4793 2404 4857 epulas
2431 4790 2571 4840 rediit
2591 4789 2672 4855 qui
2701 4804 2813 4838 rure
2841 4789 3129 4853 Polyxenus,
3157 4802 3270 4835 ecce

2181 4874 2274 4925 Hic
2297 4875 2423 4939 jacet
2438 4910 2451 4935 ‚
2477 4890 2535 4922 ex
2559 4872 2692 4923 collis
2713 4870 2889 4921 decidit
2912 4871 2994 4920 ille
3016 4871 3136 4921 luto.

2119 4962 2272 5020 Quam
2307 4972 2430 5006 nunc
2450 4959 2648 5021 Smyrna
2677 4956 2776 5003 viro
2805 4954 2972 5022 procul
3005 4952 3174 5002 molis!
3205 4950 3372 5001 Imbre
3397 4952 3696 5013 mandentes.
