3829 5747
450 232 576 292 238

456 361 509 413 δὶ
525 360 760 421 ἀναβάτην
783 361 850 411 ἔτι
869 361 1128 426 ἀρχομένου
1163 368 1245 412 τοῦ
1275 361 1448 427 δρόμου
1477 364 1730 413 συνέπεσεν
1759 364 2013 414 ἀποδαλεῖν

449 433 595 491 αὐτήν
609 449 623 463 ·
651 435 734 482 καὶ
751 433 883 484 οὐδέν
903 451 947 481 τι
973 433 1123 493 ἧσσον
1141 435 1311 483 Θὲουσα
1328 435 1377 482 ὲν
1394 433 1564 496 κόσμῳ
1584 435 1688 499 περί
1705 451 1756 484 τε
1787 437 1872 494 τὴν
1897 437 2009 484 νύσ-

415 548 422 552 .
452 519 543 553 σαν
575 503 849 568 ἐπίστρεφε,
868 505 954 552 καὶ
979 505 1079 554 ὶπεὶ
1095 509 1178 563 τῆς
1203 504 1462 566 σάλπιγγος
1481 507 1680 562 ἤκουσεν
1697 541 1712 566 ,
1731 505 2012 568 ἐπετάχυνεν

451 575 498 631 ἐς
526 574 665 624 πλέον
682 577 762 624 τὸν
783 574 955 637 δρόμον
969 609 985 634 ,
1017 575 1174 636 φθάνει
1194 577 1244 624 δὲ
1266 576 1322 632 δὴ
1348 575 1424 624 ἐπὶ
1443 576 1550 630 τοὺς
1571 575 1892 632 Ἑλλανοδίκας
1916 577 2013 637 ὰφι-

449 647 626 708 ιιομένη
643 682 658 706 ,
687 647 768 695 καὶ
799 651 983 695 νικῶσα
1017 645 1140 708 ἔγνω
1171 647 1252 694 καὶ
1282 646 1483 695 παύεται
1513 651 1596 694 τοῦ
1619 646 1813 708 δρόμου.
1841 647 2014 694 Ἠλεῖοι

449 716 500 766 δὲ
522 713 834 778 ἆνηῖὄβῑυσαν
865 716 940 764 ἐπὶ
963 720 1023 778 τῇ
1055 715 1162 776 νίκῃ
1185 717 1264 764 τὸν
1291 717 1536 765 Φειδώλαν
1551 753 1566 775 ,
1579 719 1660 766 καὶ
1699 719 1933 768 ἇναθεῖναί
1968 720 2014 768 οἱ

448 789 533 843 τήν
558 787 701 836 ἵππον
722 785 894 843 ταύτην
913 785 1112 847 ἐφιᾶσιν.
1138 811 1201 822 -
1219 793 1248 836 2
1269 786 1431 849 ἀρετάς
1453 787 1576 836 cod.

510 891 770 981 c-XXXVI.
800 931 1002 980 Lemma
1032 948 1046 979 t
1078 931 1315 994 ἀνάθημα.
1337 951 1362 975 «ι
1399 931 1636 982 Nimirum
1669 932 1838 993 vestis,
1865 945 2013 994 quam
2053 923 2060 1012 Ι

447 1000 562 1050 dure
589 1001 822 1051 mulieres
841 999 1056 1051 fecerant
1073 1039 1086 1064 ,
1103 1001 1258 1052 altera
1273 1006 1558 1052 ornamenta
1573 1002 1680 1063 ejus
1698 1001 2013 1062 adumbrans,

447 1071 602 1122 altera
629 1071 692 1120 ad
712 1070 887 1134 prioris
903 1075 1118 1122 mentem
1144 1074 1313 1122 texens
1335 1091 1347 1122 ι
1369 1072 1513 1136 quasi
1531 1071 1668 1122 dicas
1696 1073 2014 1122 :Praxidica

444 1140 592 1202 fecit,
618 1141 826 1203 Dyseris
844 1142 1064 1192 invenit.
1083 1167 1150 1178 —
1168 1148 1196 1192 2
1229 1143 1504 1206 ἀμφοτέροις
1531 1142 1723 1193 Suidas.
1742 1143 1912 1193 Voluit
1931 1145 2017 1206 ἁμ-

445 1213 674 1274 φοτὲραις.
704 1230 728 1256 ¹·
758 1213 879 1264 lac.
901 1211 999 1262 sed
1016 1212 1125 1274 eius
1145 1213 1268 1263 liber
1285 1214 1504 1277 optimus
1522 1214 1808 1278 ἀμφοτέρων.

509 1353 797 1402 cxxxvn.
835 1353 1036 1403 Lemma
1065 1372 1078 1402 ι
1117 1353 1333 1416 ἀνάθημα
1357 1358 1425 1416 τῷ
1448 1353 1696 1404 Ἀπόλλωνι
1724 1355 1852 1418 παρὰ
1893 1358 2015 1405 Ναυ-

447 1421 663 1484 νράτους.
689 1447 752 1458 -
781 1427 823 1472 1.
848 1443 874 1466 «ι
902 1423 1128 1487 Πρόφρων
1147 1461 1163 1484 ,
1183 1423 1236 1473 id
1254 1427 1332 1474 est
1347 1426 1580 1488 προθυμος
1597 1462 1612 1484 ,
1631 1427 1788 1481 εὔνους
1804 1463 1820 1485 ,
1855 1428 1913 1475 ιιι
1948 1426 2017 1474 in-

446 1493 746 1554 terpretatur
765 1490 976 1556 Hesych.
1006 1519 1067 1528 -·
1087 1499 1131 1542 2.
1155 1493 1386 1556 Εὗχωλή,
1411 1493 1520 1556 ipsa
1543 1497 1774 1544 votorum
1809 1493 1987 1543 solutio
2000 1530 2012 1553 ,

445 1573 528 1610 res
547 1565 662 1612 voto
675 1563 948 1626 promissae.
976 1583 1001 1607 n
1028 1566 1147 1615 lac.

509 1699 814 1749 cxxxvlll.
846 1701 1047 1750 Lemma
1077 1719 1090 1748 ι
1133 1699 1320 1763 ὁμοίως.
1360 1719 1386 1742 «ι
1425 1699 1622 1749 Scilicet
1657 1698 1874 1760 ἀνάθημα
1901 1697 2016 1760 [vel

450 1767 670 1828 ἀνάθημα
685 1774 756 1832 τῷ
781 1771 1050 1820 Ἀπόλλωνι.
1080 1769 1270 1832 Beryk.
1292 1769 1312 1834 ]
1338 1771 1416 1819 est
1439 1769 1612 1832 ὁμοίως
1628 1780 1642 1793 ·
1673 1768 1760 1818 sed
1786 1768 1929 1829 cujus
1946 1769 2015 1818 rei

449 1836 601 1889 fuerit
634 1852 766 1888 nunc
791 1839 1056 1904 ignoratur.
1093 1861 1118 1886 ιι
1151 1843 1215 1891 Β.
1238 1867 1300 1878 -
1327 1845 1346 1889 1
1368 1841 1449 1892 τὸν
1475 1841 1526 1890 δέ
1561 1840 1602 1889 δ’
1619 1840 1692 1889 ἐκ.
1723 1839 1866 1899 θοαὶ,
1887 1852 2012 1888 corr.

444 1909 550 1988 lac.
597 1933 660 1943 —
693 1909 978 1971 2ἰστασαν,
1016 1914 1112 1967 τοῖς
1155 1909 1406 1960 Heckerus
1453 1912 1506 1971 1,
1551 1923 1599 1973 p.
1643 1913 1889 1976 1ι8ςφιο
1932 1909 2017 1958 mi-

443 1990 574 2027 nime
591 1989 732 2041 opus.

505 2115 752 2196 cmlx..
781 2115 1010 2166 Lemma:
1032 2115 1246 2179 ἀνάθημα
1259 2115 1387 2179 παρὰ
1404 2113 1698 2180 Πραξαγόρα.
1715 2140 1779 2151 -
1792 2119 1820 2164 2
1837 2117 2019 2165 Anaxa-

445 2197 580 2304 323¹
581 2186 2018 2320 ¹13uffie‘issv‘issoeaffifss‘cffiffiuzzgssi“bi’ffipfffiffi'l

446 2324 659 2374 candum
693 2324 873 2376 secisse
897 2330 1064 2377 narrat
1089 2327 1354 2378 Pausanias
1382 2329 1446 2388 V,
1473 2332 1552 2386 23,
1571 2327 1602 2390 §
1629 2333 1675 2378 3.

511 2479 648 2528 cxl..
677 2479 916 2529 Lemmat
943 2478 1162 2543 ἀνάθημα
1184 2479 1314 2544 παρὰ
1331 2479 1574 2531 Μελάνθου
1597 2486 1656 2544 τῇ
1683 2481 1876 2542 Σεμέλῃ.
1907 2481 2017 2530 Imo

449 2545 553 2598 sulio
577 2548 821 2609 Semeles,
855 2545 1066 2599 Baccho.
1110 2549 1279 2600 Fuerit
1312 2550 1488 2614 tripus.
1525 2573 1588 2587 —-
1630 2557 1648 2600 1
1697 2550 2015 2613 φιλοστεφάνῳ

447 2617 740 2678 Barnesins,
764 2629 916 2682 quem
940 2619 1122 2684 Bergk.
1152 2623 1204 2670 et
1219 2620 1302 2670 alii
1332 2621 1490 2671 secuti
1518 2623 1664 2682 sunt3
1684 2619 2015 2683 φιλοστεφάνου

447 2687 570 2738 Cod.
599 2688 854 2739 Hesterna
875 2689 934 2748 Ι,
959 2703 1008 2754 p.
1047 2690 1134 2741 147
1161 2693 1276 2755 apte
1301 2691 1510 2742 inseruit
1527 2691 1590 2754 μ’.

511 2835 677 2888 cxm.
705 2838 908 2888 Lemma
942 2857 956 2889 ι
995 2837 1213 2901 ἀνάθημα
1246 2843 1305 2903 τῇ
1327 2837 1506 2904 Ἀθηνᾷ.
1535 2867 1598 2882 -·
1638 2841 1656 2889 1
1689 2837 2013 2902 Ῥυσαμένη...

449 2906 678 2971 δυσηχέος
704 2908 884 2959 suidas
907 2907 961 2959 in
991 2912 1232 2973 Δυσ-ηχὴς,
1257 2910 1287 2959 ό
1321 2910 1578 2974 κακόηχος.
1615 2936 1674 2947 -
1708 2914 1756 2960 2.
1789 2928 1814 2951 κ
1849 2908 2016 2959 Malim

449 2978 700 3041 κρίμαμιαι.
721 2996 748 3021 ²·
769 2978 960 3042 Bequ.

1574 230 2084 294 ANTHOLOGIAE
2126 227 2533 293 PALATINAE

2102 361 2256 414 derna
2288 376 2353 414 ex
2389 361 2679 426 Thucydide
2712 366 2753 423 1,
2786 367 2889 414 105.
2937 362 3082 413 Plura
3106 361 3169 412 de
3196 361 3429 414 Leocrate
3464 363 3631 416 Schnei-

2103 432 2234 483 dew.
2275 446 2325 496 p.
2372 439 2481 484 201.
2520 459 2585 470 -—
2628 441 2674 484 2.
2704 433 2955 497 Significat
2996 437 3209 485 statuam
3249 447 3359 484 esse
3394 437 3635 497 χαρίεσσαν,

2104 504 2398 567 elegantem,
2420 503 2690 569 pulchram.
2710 532 2776 542 -
2792 511 2823 556 3
2852 505 3139 566 ἀιαδημείαν
3165 505 3299 567 (sic)
3324 505 3466 564 θοὰς
3486 507 3631 564 ἀκαδη-

2104 575 2213 637 μίαν
2246 574 2423 626 suidas
2446 590 2497 628 v.
2532 581 2763 638 Ἆγοστῷ,
2808 581 2879 638 τῷ
2926 577 3106 637 ἀγκῶνι
3128 611 3141 633 ,
3161 575 3246 624 ubi
3282 575 3383 624 duo
3428 577 3557 626 codd.
3592 592 3637 628 ex

2102 644 2299 708 optimis
2326 649 2411 705 τὴν
2454 647 2579 710 (pro
2618 648 2753 709 τῆς).
2782 673 2848 684 ·—-
2882 651 2913 696 4
2956 646 3244 710 εὐεργεσίαν,
3266 648 3562 710 superposito
3586 667 3635 708 η,

2103 715 2274 765 Codex
2302 718 2513 778 utroque
2536 717 2662 767 loco.

2166 855 2347 903 CXLV.
2370 857 2571 904 Lemma
2601 867 2613 896 ²
2646 855 2862 916 ἀνάθημα
2892 857 3175 915 Σοφοκλέους
3200 861 3399 913 ποιητοῦ
3428 863 3517 906 τῶν
3546 873 3637 920 rpu-

2104 926 2306 987 γῳδιῶν.
2338 945 2363 968 «
2405 926 2723 974 Manifestum
2754 929 2832 974 est
2858 939 2956 974 non
2984 938 3094 975 esse
3124 926 3443 976 Anacreontis
3466 925 3641 983 soetum,

2104 995 2153 1044 in
2180 998 2324 1059 cnjus
2355 999 2553 1047 aetatem
2587 1011 2683 1046 non
2715 998 2848 1047 cadit
2878 997 3164 1062 Sophoclea.
3194 1019 3219 1041 ιι
3242 1003 3301 1049 B.
3322 999 3579 1048 Brunckius
3603 1004 3643 1046 et

2104 1068 2197 1115 hoc
2224 1067 2465 1117 distichon
2487 1070 2538 1117 et
2560 1068 2653 1118 alia
2668 1069 2901 1131 quaedam
2925 1083 2983 1120 ex
3006 1068 3397 1132 praecedentibus
3420 1070 3643 1120 Simonidi

2102 1136 2364 1187 tribuenda
2411 1151 2523 1188 esse
2556 1138 2921 1202 suspicabatur.
2966 1139 3199 1202 Bergkius
3226 1153 3277 1202 p.
3314 1145 3406 1190 925
3450 1155 3463 1182 =
3496 1159 3519 1180 α
3560 1143 3643 1189 Hoc

2104 1207 2304 1268 quidem
2332 1208 2633 1272 epigramma
2656 1210 2786 1259 falso
2806 1247 2820 1270 ,
2846 1213 2905 1260 ut
2930 1212 3159 1274 apparet,
3190 1222 3282 1259 nec
3303 1214 3467 1260 tamen
3495 1209 3645 1272 Sopho-

2104 1279 2168 1327 cli
2201 1279 2358 1328 ausim
2386 1280 2649 1330 vindicare.
2680 1301 2705 1324 ιι
2734 1307 2799 1318 —·
2826 1286 2854 1331 2
2884 1281 2975 1330 tue
3002 1281 3251 1331 fleckerns
3268 1319 3281 1342 ‚
3312 1281 3427 1331 coll.
3454 1281 3644 1344 Appi-nd.

2104 1361 2181 1411 ep.
2213 1353 2298 1398 271
2345 1370 2358 1398 :
2396 1353 2528 1407 ιιλὲος
2564 1352 2687 1400 εἷλον
2724 1352 2952 1414 ἀοίδιμον.
2988 1351 3153 1402 Codex
3190 1352 3311 1413 εἶδε,
3345 1351 3465 1401 editi
3506 1353 3646 1412 plures

2104 1420 2232 1481 εἶχε,
2260 1431 2317 1468 ex
2344 1432 2470 1469 corr.
2501 1421 2700 1470 Reiskii.

2054 1571 2061 1592 ν
2166 1549 2375 1599 chvl.
2421 1551 2623 1600 Lemma
2672 1571 2685 1601 :
2728 1551 2949 1613 ἀνάθημα
2978 1549 3108 1612 παρὰ
3144 1551 3440 1606 Λυιιαινίδος.
3486 1549 3647 1599 Adscri-

2106 1623 2248 1682 ptum
2294 1640 2305 1668 :
2352 1621 2476 1678 ζήτει
2496 1639 2508 1650 ·
2545 1622 2612 1678 δὶς
2651 1623 2851 1686 φέρεται.
2894 1625 3079 1672 Iterum
3125 1621 3363 1685 scriptum
3404 1621 3528 1672 infra
3555 1626 3649 1685 post
3740 1676 3742 1686 Ι

2104 1691 2253 1754 epigr.
2276 1695 2383 1741 274.
2417 1717 2474 1727 —
2510 1695 2531 1741 1
2555 1693 2765 1750 εἰλήθυια
2792 1691 2961 1742 Codex
2980 1730 2993 1753 ,
3018 1690 3107 1742 sed
3132 1691 3287 1741 altero
3314 1692 3425 1741 looo
3450 1692 3489 1740 εί
3512 1707 3539 1740 a
3564 1705 3649 1740 cor-

2104 1764 2309 1810 rectore.
2350 1763 2477 1811 Item
2501 1760 2654 1810 altero
2690 1761 2799 1811 loco
2831 1763 3083 1816 καλούσης.
3124 1787 3182 1798 -
3208 1767 3237 1810 2
3268 1761 3479 1823 εὐτυχίηι
3504 1761 3647 1810 Codex

2104 1829 2261 1879 altero
2308 1830 2416 1880 loco
2435 1869 2448 1888 ,
2492 1831 2625 1880 unde
2683 1832 2932 1881 lleckerus
2976 1831 3193 1894 εὺτυιίῃ,
3224 1851 3250 1874 «ι
3297 1829 3433 1893 quod
3476 1831 3649 1879 minime
3742 1825 3744 1832 '

2104 1903 2274 1963 aptum
2297 1900 2414 1951 huic
2439 1901 2549 1952 loco
2566 1938 2579 1959 .
2601 1902 2689 1964 qui
2714 1901 2837 1951 mihi
2861 1902 3003 1951 εὐκο
3017 1903 3115 1964 λίῃ
3144 1901 3390 1964 requirere
3418 1899 3549 1951 visus
3569 1906 3647 1950 αι.

2105 1969 2230 2032 (Hic
2238 1970 2400 2021 Codex
2419 1974 2469 2021 et
2482 1969 2595 2022 edd.
2618 1973 2822 2036 εὐτοκίῃ.
2843 1975 2857 2026 )
2875 1971 3019 2030 Quod
3033 1970 3271 2034 suspicari
3294 1970 3455 2034 possis
3467 2008 3479 2026 ,
3498 1971 3651 2018 ὠδίνων

2104 2041 2294 2104 εὔλοχος
2312 2043 2644 2106 conjungenda
2676 2056 2803 2102 esse,
2836 2041 2887 2092 id
2913 2042 3026 2092 ideo
3062 2042 3169 2090 lieri
3200 2055 3297 2090 non
3332 2043 3522 2104 potest,
3541 2055 3651 2102 quo-

2103 2112 2233 2162 niam
2257 2114 2446 2172 εὐτοιιίη
2469 2127 2598 2177 aegre
2622 2114 2865 2178 adjectivo
2892 2115 2971 2164 vel
3007 2113 3222 2178 genitivo
3260 2112 3487 2176 adjectivi
3516 2113 3653 2161 vicem

2104 2184 2325 2246 explente
2365 2189 2566 2236 careret.
2596 2206 2621 2228 ιι
2660 2187 2880 2236 Meinek..
2910 2185 3068 2236 Diatr.
3112 2198 3161 2249 p.
3202 2189 3311 2236 291.
3346 2212 3410 2221 -
3446 2190 3474 2234 3
3500 2188 3559 2240 ὡς
3590 2201 3653 2231 τοι

2104 2254 2247 2314 θοὰ,
2282 2255 2439 2305 altero
2481 2255 2593 2306 loco
2634 2257 2687 2312 ἃς
2719 2258 2845 2319 (pro
2886 2257 2977 2316 ἃς)
3000 2257 3139 2315 τόδε,
3167 2269 3294 2304 corr.
3336 2255 3528 2304 Jacobs.
3560 2258 3657 2312 Qua

2103 2326 2341 2376 varietate
2376 2327 2601 2385 firmatur
2629 2327 2855 2378 Meinekii
2873 2325 3151 2378 emendatio
3174 2333 3325 2388 supra
3338 2339 3417 2389 ep.
3450 2331 3553 2384 126,
3576 2331 3611 2372 1.

2166 2465 2396 2518 CXLVII.
2426 2469 2629 2519 Lemma
2657 2481 2672 2512 t
2719 2467 2950 2531 ἀνάθημα.
2994 2487 3019 2511 ι
3048 2471 3239 2517 Aceson
3265 2479 3359 2530 pro
3388 2479 3545 2514 uxore
3568 2469 3651 2514 De-

2104 2536 2297 2586 modice
2328 2541 2500 2588 votum
2534 2539 2715 2588 fecerat
2746 2539 2875 2602 apud
2907 2536 3273 2602 AEscnlapium3
3310 2535 3407 2586 boc
3427 2537 3529 2599 jam
3560 2548 3659 2598 per-

2104 2607 2269 2657 solvit.
2300 2607 2445 2665 Quod
2487 2621 2550 2658 ne
2588 2607 2762 2658 lateret
2799 2607 2950 2657 deum
2970 2643 2983 2666 ,
3026 2607 3249 2657 tabulam
3290 2619 3347 2656 se
3390 2607 3659 2669 apposuisse

2105 2675 2239 2728 dicit.
2272 2698 2297 2722 ιι
2331 2681 2448 2728 Jac.
2484 2684 2615 2728 -1,
2651 2677 2827 2728 Suidas
2849 2678 2963 2727 hinc
2994 2691 3007 2721 τ
3042 2679 3235 2740 ἀπέχω,
3272 2679 3513 2740 αἰτιατικῇ
3536 2713 3549 2734 ,
3572 2679 3659 2725 ἀντὶ

2102 2755 2187 2798 τοῦ
2202 2749 2450 2798 ἀπᾶαὸον.
2477 2747 2573 2804 Qui
2597 2761 2695 2798 om.
2726 2751 2805 2803 ὡς.
2825 2773 2887 2784 --
2916 2754 2962 2797 2.
2994 2765 3019 2790 «ι
3045 2746 3149 2797 Nisi
3176 2750 3393 2797 metrum
3422 2748 3661 2810 coegisset,

2054 2799 2061 2901 Ι
2104 2832 2202 2869 non
2237 2819 2443 2869 dubium
2492 2822 2571 2869 est
2612 2819 2733 2882 quin
2774 2819 2939 2879 ὤφειλε
2979 2817 3270 2883 scripsisset.
3304 2837 3329 2860 ιι
3360 2817 3578 2867 Meinek.
3610 2843 3661 2852 —

2104 2896 2134 2941 3
2158 2892 2435 2951 γιγνώσκειν
2460 2890 2605 2951 cod„
2636 2893 2915 2939 correctum
2940 2890 2991 2939 in
3018 2902 3183 2954 apogr.
3216 2889 3396 2952 Guyeti
3431 2893 3483 2939 et
3508 2902 3539 2937 a
3562 2890 3664 2949 Tyr-

2107 2960 2281 3012 whitto
2295 2999 2310 3024 ,
2338 2961 2664 3024 probantibus
2690 2963 2795 3010 Jac.
2822 2964 2875 3010 et
2910 2960 3055 3011 Mein.
3084 2958 3438 3011 Boissonadius
3464 2974 3475 3001 ε
3504 2978 3527 3001 ιι
3568 2960 3661 3007 Non

2104 3037 2210 3084 erat
2235 3032 2356 3083 satis
2376 3046 2553 3096 magna
2575 3044 2727 3081 causa
2752 3044 2843 3080 cnr
2862 3030 3237 3081 emendantibus
3261 3030 3542 3091 γιγνώσκεις
3560 3028 3666 3076 viris

511 3114 698 3165 exul,
719 3115 952 3167 Lemmaz
987 3116 1206 3180 &³140an
1234 3122 1304 3179 τῷ
1331 3118 1562 3180 Διονύσῳ,
1581 3142 1645 3154 .-
1677 3120 1698 3167 1
1745 3117 1876 3167 δίδου
1901 3118 2017 3167 gnte
2052 3104 2065 3155 t
2104 3104 2190 3153 dd.
2210 3116 2431 3168 parerem
2452 3120 2466 3163 ;
2492 3123 2517 3147 ιι
2536 3102 2785 3165 vertitque
2801 3114 3059 3164 connexe.
3086 3099 3273 3151 Deinde
3302 3099 3476 3150 Codex
3495 3104 3545 3149 et
3570 3098 3666 3147 Sui-

449 3187 532 3235 ιιαὶ
557 3183 706 3236 habet
731 3184 912 3247 Codex,
944 3184 1034 3235 sed
1055 3185 1251 3249 punctis
1277 3189 1517 3238 notatum.

513 3325 727 3376 cxmu.
756 3326 958 3375 Iaemna
993 3345 1007 3375 :
1041 3326 1258 3390 ἀνάθημα
1284 3331 1354 3391 τῷ
1369 3328 1515 3389 Ἑρμῇ
1533 3326 1662 3389 παρὰ
1693 3326 2012 3389 Τιμώνακτος.
2055 3342 2061 3365 ι

454 3414 478 3437 «ι
509 3394 767 3456 Timonax,
805 3395 924 3445 artis
959 3396 1274 3459 palaestrica,
1295 3400 1355 3446 ut
1379 3394 1597 3456 videtur,
1625 3396 1872 3460 magister,
1901 3400 2017 3447 ante

451 3464 751 3515 vestibulum
777 3464 958 3515 aedium
981 3478 1186 3517 suarum
1203 3464 1255 3515 in
1271 3466 1506 3515 honorem
1533 3466 1760 3517 Mercurii
1787 3467 1893 3517 sive
1910 3464 2015 3516 ber-

2052 3156 2061 3261 Ῑ
2103 3172 2194 3223 das
2220 3174 2337 3234 λάθῃ
2355 3173 2438 3223 καί
2462 3190 2541 3237 μιν
2569 3173 2653 3223 ἀπ.
2688 3172 2963 3222 Brunckius
2980 3175 3093 3236 post
3118 3169 3367 3234 Toupium
3388 3172 3473 3219 καὶ
3492 3172 3547 3227 δή
3570 3188 3665 3228 μιν.

2102 3242 2309 3294 Bothius
2327 3246 2405 3293 καὶ
2420 3246 2484 3306 μή
2506 3261 2601 3306 μιν,
2628 3242 2895 3293 Salmasius
2916 3242 3034 3306 λάθῃ
3052 3243 3169 3292 ποτὲ
3186 3276 3197 3295 .
3220 3240 3300 3290 καί
3332 3258 3429 3302 μιν.
3454 3240 3605 3291 Boiss.
3624 3243 3669 3287 et

2103 3314 2308 3362 Meinek.
2344 3315 2632 3377 receperunt
2668 3312 2869 3362 Porsoni
2896 3313 3230 3376 conjecturam
3268 3309 3321 3361 in
3331 3311 3568 3374 Append.
3606 3308 3661 3357 ad

2103 3383 2279 3447 Toupii
2308 3386 2488 3446 opusc.
2520 3386 2607 3443 lv,
2631 3397 2682 3447 p.
2712 3386 2825 3443 485,
2844 3384 2923 3431 καὶ
2956 3384 3174 3446 μισθὸν
3204 3380 3290 3431 ἀπ.
3313 3378 3467 3431 Nobis
3482 3380 3667 3441 contigit

2107 3452 2203 3503 frui
2237 3452 2527 3504 Jacobsiano
2560 3454 2791 3513 invento,
2827 3452 2915 3515 qui
2942 3449 2994 3503 in
3022 3454 3148 3503 nott.
3192 3464 3313 3501 mss.
3366 3473 3378 3501 ι
3428 3468 3455 3494 α
3500 3449 3669 3513 Scripsi

451 3548 609 3595 mam,
631 3534 664 3585 i.
691 3548 736 3585 e.
756 3534 1036 3586 columnam
1054 3535 1370 3599 quadratam,
1393 3535 1496 3585 sive
1515 3548 1652 3586 aram
1674 3536 2013 3587 collocaverat.
2102 3529 2236 3587 τῖμον
2251 3561 2266 3586 ι
2286 3523 2421 3587 (Ιῦοᾶ
2440 3524 2617 3574 docum
2638 3526 2785 3587 Ρθθῐὸ
2809 3520 3020 3574 ‘lehem‘
3052 3519 3344 3573 Amh5¹00h⁰
3380 3533 3462 3585 ³1)-
3494 3520 3665 3570 Athen.

449 3607 556 3655 Hoc
571 3606 945 3656 monumentum
963 3609 1318 3671 praetereuntes
1339 3604 1622 3669 alloquitur,
1647 3620 1830 3670 eosque
1853 3608 2016 3659 horta·

449 3678 536 3725 ιιιι·
579 3679 637 3725 ιιι
689 3674 962 3727 Ἰῖιιιοιιοοιί
1009 3676 1308 3727 Mercurium
1357 3679 1680 3741 apprecentnr
1732 3678 2013 3741 propitium.

449 3744 606 3795 Simul
633 3745 866 3795 Timonax
891 3746 1132 3809 palestre
1158 3745 1394 3796 studiosis
1414 3757 1614 3809 operam
1640 3757 1782 3795 suam
1809 3747 2011 3809 promit-

450 3821 530 3873 tit.
559 3826 636 3874 lta
669 3822 836 3887 (quod
863 3823 1009 3875 valde
1031 3825 1382 3885 memorabile)
1407 3821 1492 3873 illa
1521 3822 1754 3873 columna
1775 3822 1854 3873 vel
1879 3823 2016 3874 arula

450 3892 748 3945 inserviebat
772 3894 934 3945 eidem
966 3894 1106 3957 usui,
1131 3909 1282 3959 quem
1322 3894 1505 3945 nostris
1531 3892 1802 3943 artificibus
1835 3893 2019 3944 tabulae

451 3962 644 4014 oedibns
681 3976 912 4028 appensae
951 3967 1207 4030 praestant.
1247 3983 1276 4013 ιι
1304 3968 1422 4017 Jac.
1465 3988 1529 4001 -
1553 3967 1586 4014 3
1622 3963 1844 4027 ιριιὸιντι
1871 3964 2017 4025 cod„

452 4044 580 4083 corr.
607 4034 816 4084 Brunck.

515 4172 637 4221 Post
659 4168 758 4222 hoc
783 4171 1080 4236 epigramma
1097 4172 1274 4223 lacuna
1300 4176 1377 4224 est
1393 4172 1444 4223 in
1457 4170 1640 4224 codice
1665 4186 1748 4224 sex
1764 4186 2017 4235 versuum,

457 4253 577 4291 cum
601 4244 722 4292 nota
747 4240 802 4291 in
826 4256 980 4307 marg.
1015 4255 1030 4286 τ
1059 4243 1116 4293 οὐ
1133 4243 1280 4293 λείπει
1306 4248 1372 4300 ὣς
1391 4244 1522 4307 οἶμαι
1541 4244 1648 4294 οὐδὲ
1663 4242 1877 4293 ἐνταῦθα.

2106 3595 2147 3657 1,
2172 3607 2220 3658 p.
2247 3599 2295 3654 8,
2318 3598 2378 3654 A,
2402 3594 2481 3645 vel
2511 3592 2741 3657 AEschylo
2775 3592 2993 3658 Choepb.
3013 3598 3121 3645 910.
3150 3612 3174 3637 ιο

2166 3730 2423 3780 chvm.
2454 3732 2657 3779 Lemma
2702 3749 2714 3778 ι
2755 3728 2992 3791 ἀνάθημα.
3026 3728 3270 3792 Loquitur
3310 3726 3517 3778 lucerna
3546 3724 3673 3775 dedi-

2104 3802 2231 3849 cata.
2260 3825 2325 3837 ·-
2360 3804 2400 3849 1.
2444 3797 2732 3861 intelligitur
2758 3798 2979 3861 serapis,
3022 3797 3087 3848 de
3118 3798 3262 3859 cujus
3294 3796 3489 3860 templo
3524 3797 3673 3845 Cano-

2104 3869 2217 3919 bico
2238 3869 2553 3921 celeberrimo
2572 3908 2584 3927 ,
2611 3869 2663 3918 in
2678 3882 2781 3931 quo
2802 3868 3124 3928 incubabant,
3152 3867 3258 3930 lege
3276 3866 3508 3917 strabon.
3530 3868 3673 3923 XVll,

2105 3956 2155 4006 p.
2178 3940 2339 4005 801,§
2372 3944 2445 3991 17.
2480 3944 2621 3990 Notae
2645 3941 2917 4005 polymyxi
2952 3939 3180 3990 lucerna·
3208 3952 3273 3988 ex
3296 3937 3513 3987 Martiali
3552 3938 3673 3991 xlv.

2106 4018 2184 4068 61,
2220 4014 2271 4063 et
2295 4012 2358 4062 al.
2384 4037 2448 4048 —
2477 4017 2505 4062 2
2534 4014 2564 4069 ἡ
2593 4012 2681 4073 Κρ.
2705 4011 2848 4071 Cod.,
2874 4024 3002 4060 corr.
3034 4009 3240 4060 Meinek.
3269 4012 3394 4057 -4,
3428 4028 3455 4051 ιι
3482 4010 3676 4062 'Earum

2105 4082 2292 4135 dictum
2312 4085 2371 4134 ut
2388 4095 2467 4147 ap.
2500 4082 2730 4133 Philostr.
2764 4082 2915 4145 Epist.
2952 4085 3014 4132 33
3040 4101 3053 4129 ε
3082 4082 3206 4131 οὕτω
3228 4082 3307 4129 καὶ
3329 4081 3503 4143 λύχνος
3526 4080 3675 4127 πίπτει

2103 4152 2248 4213 πυρὸς
2276 4152 2483 4210 ἡττηθεὶς
2503 4152 2734 4214 μείζονος·
2762 4153 2814 4200 et
2848 4156 2907 4201 50
2942 4169 2955 4197 ι
2980 4152 3059 4199 τὸν
3088 4148 3171 4212 μὲν
3194 4150 3325 4206 ἣλιον
3352 4151 3565 4210 ἡγοῦμαι
3600 4163 3678 4195 πε-

2058 4261 2065 4291 ,
2105 4221 2356 4271 mmmm.
2381 4239 2406 4265 ιι
2430 4223 2549 4272 Jac.

2058 4314 2065 4361 ξ
2168 4349 2377 4399 cxmx.
2400 4346 2637 4412 Loquitur
2654 4347 2815 4413 gallus
2834 4346 3154 4412 gallinaceus,
3172 4342 3437 4396 donarium
3462 4345 3681 4408 positum

515 4390 722 4441 cmv.
749 4393 953 4445 ramma
979 4406 996 4439 ²
1021 4394 1239 4457 ἀνάθημα
1260 4397 1331 4458 τῷ
1349 4394 1500 4459 Ἑρμῆ
1533 4394 1666 4459 παρὰ
1697 4394 2018 4459 Λεωκράτους·
2058 4380 2065 4489 ξ
2107 4416 2397 4477 Tyndaridis
2432 4416 2495 4466 ab
2521 4420 2759 4468 ruaeneto
2783 4417 2849 4467 ob
2878 4416 3131 4467 victoriam
3152 4416 3170 4479 (
3190 4418 3247 4465 ut
3278 4410 3539 4478 probabile
3578 4416 3679 4471 est,

452 4468 538 4511 τοῦ
568 4464 728 4513 αὐτοῦ.
760 4464 858 4515 Sed
881 4464 1015 4515 idem
1041 4464 1342 4530 epigramma
1365 4465 1496 4516 intra
1519 4469 1635 4530 post
1658 4479 1738 4530 ep.
1770 4472 1860 4517 213
1888 4478 2021 4530 repe-

453 4531 602 4582 titum
639 4533 690 4583 in
733 4534 914 4586 codice
947 4536 1230 4587 inscribitur
1265 4536 1539 4589 Simonidi.
1578 4534 1672 4587 C'ui
1705 4536 2019 4587 tribuendum

455 4615 566 4653 esse
590 4608 760 4655 censet
781 4606 1015 4669 Bergkius
1038 4608 1196 4669 Lyric.
1214 4620 1263 4671 p.
1295 4612 1407 4667 918,
1426 4606 1563 4671 quod
1586 4606 1683 4657 hoc
1709 4607 1816 4657 loco
1836 4606 2021 4671 aliquid

455 4671 708 4723 turbatum
731 4675 886 4726 fuisse
911 4676 1093 4727 evincit
1104 4677 1294 4727 lacuna.
1328 4696 1352 4720 α
1379 4677 1579 4729 Accedit
1593 4676 1730 4741 quod
1750 4677 2021 4728 Simonides

456 4742 668 4793 eundem
704 4747 986 4797 Leocratem
1032 4748 1245 4798 cannine
1273 4747 1412 4811 epioo
1449 4748 1780 4799 celebraverat
1793 4786 1806 4807 ,
1848 4748 1907 4800 rr.
1939 4754 2016 4800 21.
2058 4757 2065 4783 ¹

457 4813 767 4878 Epigramma
796 4818 988 4867 Herma)
1023 4818 1088 4867 ab
1117 4820 1352 4869 Leocrate
1377 4819 1428 4868 in
1458 4820 1599 4871 ulnis
1619 4818 1897 4870 Academioe
1926 4832 2015 4883 po-
2059 4841 2065 4895 ε

2059 4490 2065 4591 Ι
2107 4488 2358 4547 curulem;
2387 4500 2437 4538 v.
2464 4488 2611 4539 neck.
2634 4492 2675 4549 1,
2697 4503 2744 4553 p.
2773 4493 2859 4539 152
2883 4496 3025 4551 seq).
3064 4506 3089 4530 «ι
3129 4489 3187 4537 Ιιι
3212 4498 3317 4549 quo
3334 4484 3679 4548 respicitur-ad

2108 4558 2221 4621 galli
2254 4559 2604 4610 fortitudinem.
2636 4560 2754 4610 Erat
2782 4558 2934 4622 liujus
2969 4558 3074 4608 avis
3104 4558 3425 4607 simulacrum
3462 4556 3517 4605 in
3550 4556 3684 4621 galea

2107 4629 2339 4680 Minervae
2356 4668 2369 4691 ,
2390 4632 2461 4679 ὅτι
2486 4630 2615 4680 οὗτοι
2647 4631 2985 4694 προχειρότατα
3003 4630 3191 4692 ἔχουσιν
3222 4630 3287 4684 εἰς
3312 4626 3476 4691 μάχα-ς
3488 4664 3505 4690 ,
3524 4626 3685 4691 inquit

2108 4701 2312 4749 Pausan.
2334 4703 2518 4763 V1‚2s.
2552 4722 2574 4744 ι·
2598 4702 2712 4751 Jac.

2168 4826 2265 4875 CL.
2292 4856 2355 4865 —
2380 4834 2419 4877 1.
2446 4827 2541 4879 Isis
2572 4826 2815 4888 Inachia,
2839 4830 2955 4890 qula
2980 4826 3151 4877 eadem
3174 4824 3445 4888 putabatur
3462 4838 3587 4889 qum
3614 4828 3681 4875 Io.

459 4885 556 4935 silo
581 4898 678 4936 non
710 4885 772 4936 ab
808 4888 941 4951 ipso,
970 4888 1060 4938 sed
1091 4890 1154 4939 ab
1181 4890 1485 4941 antistitibus
1521 4892 1752 4943 ludorum
1776 4892 2021 4957 gymnico-
2060 4902 2064 4938 ἑ
2108 4899 2201 4946 Res
2222 4900 2353 4947 nota.

461 4970 572 5005 rum
601 4956 894 5021 inscriptum
936 4959 1144 5011 iidetur.
1179 4981 1202 5003 ›-
1241 4960 1663 5015 Schneidewinus
1696 4980 1742 5029 p.
1799 4971 1906 5015 200.
1958 4992 2019 5005 -·-
2060 4952 2065 4998 Ι

465 5030 486 5079 1
523 5026 744 5092 Στοίσον,
782 5028 937 5079 altero
959 5030 1068 5085 loco
1093 5032 1330 5096 Στρὸμδου
1359 5032 1546 5095 Codex,
1576 5036 1780 5085 correxit
1816 5034 2014 5085 Schnci-
2056 5032 2064 5094 ι’
2170 5037 2289 5087 CLl.
2328 5036 2517 5086 Tubam
2549 5036 2743 5086 tubicen
2778 5036 3009 5086 Minervae
3052 5032 3261 5085 dedicat.
3312 5033 3551 5085 imitatur
3588 5033 3683 5099 epi·
