3829 5747
481 174 594 232 ¹90

559 300 891 382 βουκολικοὶις
915 301 1133 375 ὕμνους,
1159 299 1343 356 ἄνθετο
1369 295 1508 356 Πανὶ
1537 295 1678 353 τάδε·

477 393 591 456 τοὺς
622 387 842 467 τρητοὺς
865 389 1123 456 δόνακας,
1154 386 1214 443 τὸ
1239 383 1562 462 λαγωὸόλον,
1589 381 1706 449 δξὺν
1739 381 1957 451 ἄκοντα,

558 477 764 556 νεδρίδα
784 521 801 553 ,
831 475 926 533 τὰν
947 474 1143 554 πήραν,
1169 465 1205 554 ᾇ
1231 477 1348 532 ποτ’
1379 471 1712 551 ἐμαλοφόρει.

940 631 1004 680 17
1017 631 1068 680 8.
1113 619 1589 679 ΗΙἯΣΙΠΠΟΥ.

479 758 633 826 Δέξαι
661 761 737 833 μ’,
765 756 1068 836 Ἡράκλεις,
1102 755 1490 835 Ἀρχεστράτου
1516 752 1654 832 ἱερὸν
1686 753 1868 823 ὅπλον,

556 845 720 926 ὄφρα,
749 844 871 904 ποτὶ
896 843 1080 913 ξεστὰν
1109 843 1356 902 παστάδα
1381 841 1688 919 κεκλιμένα,

478 932 715 1012 γηραλέα
737 933 1029 1008 τελέθοιμι,
1055 936 1227 1013 χορῶν
1251 927 1439 989 ἀίουσα
1466 931 1556 989 καὶ
1581 929 1772 1005 ὕμνων·

558 1020 782 1099 ἀρκείτω
808 1019 1032 1099 στυγερὰ
1055 1021 1197 1098 δῆρις
1221 1017 1516 1078 Ἐνυαλίου.

1019 1164 1146 1215 1ῑ9.
1194 1154 1496 1215 ΑΡΧΙΟΥ.

482 1294 752 1375 Ἀγραύλῳ
778 1295 903 1354 τάδε
933 1295 1072 1354 Πανὶ
1111 1294 1353 1374 βιαρκέος
1377 1293 1530 1359 ἄλλος
1549 1295 1642 1350 ἀπ’
1680 1292 1843 1363 ἄλλης

562 1383 810 1460 αὗθαιμοι
849 1384 1054 1464 τρισσοὶ
1078 1385 1219 1461 δῶρα
1239 1382 1574 1452 λινοστασίης
1597 1425 1613 1452 ,

485 1471 690 1550 Πίγρης
718 1474 813 1547 μὲν
844 1473 1112 1551 δειραχθὲς
1136 1465 1384 1549 ἐῢδροχον
1413 1468 1570 1547 ἅμμα
1596 1471 1853 1538 πετανῶν,

564 1566 733 1635 Δᾶμις
764 1558 809 1617 δ’
842 1560 1107 1634 δλονόμων
1137 1557 1322 1616 δίκτυα
1345 1558 1699 1637 τετραπόδων,

486 1648 646 1727 ἄρκυν
676 1648 722 1705 δ’
753 1647 988 1706 εἷναλίων
1017 1645 1257 1724 Κλείτωρ
1285 1643 1461 1724 πόρεν·
1491 1634 1566 1710 οἶς
1589 1643 1652 1702 σὺ
1673 1645 1739 1701 δι’
1771 1643 1953 1724 αἴθρας

563 1735 653 1793 καὶ
681 1733 938 1813 πελάγευς
965 1735 1054 1792 καὶ
1084 1743 1179 1810 γᾶς
1201 1729 1428 1811 εὔστοχα
1455 1733 1634 1808 πέμπε
1657 1731 1792 1789 λίνα.

999 1879 1117 1930 180.
1168 1882 1287 1928 ΤΟΥ
1327 1881 1544 1927 ΑΥΤΟΥ.

485 2009 673 2069 Ταῦτά
699 2031 779 2068 σοι
809 2007 868 2067 ἔκ
891 2011 937 2066 τ’
965 2008 1151 2086 ὀρέων,
1182 2005 1242 2066 ἔκ
1266 2010 1313 2065 τ’
1341 2007 1565 2087 αἰθέρος,
1592 2006 1652 2066 ἔκ
1681 2031 1738 2068 τε
1775 2012 2045 2081 θαλάσσης

568 2105 701 2169 τρεῖς
727 2096 912 2173 γνωτοὶ
944 2094 1132 2175 τέχνης
1157 2093 1398 2169 σῦμὸολα
1417 2141 1432 2166 ,
1461 2094 1580 2155 Πὰν
1603 2139 1618 2168 ,
1647 2095 1849 2155 ἔθεσαν·

487 2190 654 2243 ταῦτα
681 2186 774 2260 μὲν
809 2182 1046 2242 εἷναλίων
1081 2183 1314 2262 Κλείτωρ
1338 2183 1479 2259 λίνα,
1507 2192 1652 2242 κεῖνα
1676 2184 1729 2242 δὲ
1762 2183 1967 2263 Πίγρης

567 2273 782 2342 οἰωνῶν,
802 2274 975 2347 Δᾶμις
993 2269 1062 2330 τὰ
1087 2271 1240 2349 τρίτα
1266 2270 1642 2350 τετραπόδων.

489 2351 563 2427 οἶς
595 2358 707 2434 ἅμα
730 2358 1085 2440 χερσαίαισιν,
1121 2359 1215 2433 ἅμ’
1250 2359 1507 2438 ἦερίαισιν
1541 2362 1596 2418 ἐν
1627 2359 1810 2439 ἄγραις
1830 2407 1843 2425 ,

571 2448 752 2528 Ἀγρεῧ
771 2491 786 2520 ,
819 2444 910 2522 ἅμ’
940 2448 992 2504 ἐν
1022 2452 1281 2516 πλωταῖς,
1305 2450 1374 2512 ὡς
1400 2447 1522 2526 πρὶν
1541 2491 1556 2520 ,
1591 2448 1790 2527 ἀρωγὸς
1813 2448 1904 2510 ἴθι.

1022 2591 1139 2643 181.
1176 2594 1294 2639 ΤΟΥ
1334 2595 1550 2642 ΑΥΤΟΥ.

490 2719 773 2798 Ἰ”ρίζυγες,
800 2719 1113 2799 οὖρεσίοικε,
1145 2722 1447 2797 κασίγνητοι
1489 2720 1612 2781 τάδε
1636 2721 1825 2801 τέχνας

571 2808 724 2872 ἄλλος
753 2805 842 2866 ἀπ’
864 2807 1076 2872 ἀλλοίας
1103 2808 1184 2865 σοὶ
1210 2807 1232 2828 “
1263 2807 1412 2880 τάδε,
1450 2807 1593 2885 Πὰν,
1615 2808 1820 2883 ἔθεσαν,
1901 2851 1904 2855 -

493 2897 581 2955 καὶ
603 2898 668 2955 τὰ
692 2896 787 2971 μὲν
813 2896 1029 2974 ὀρνίθων
1061 2896 1287 2976 Πίγρης,
1313 2896 1380 2955 τὰ
1423 2896 1477 2957 δὲ
1505 2898 1687 2956 δίκτυα
1717 2903 1892 2979 θηρῶν

573 2991 761 3060 Δᾶμις,
789 2987 816 3041 ὁ
839 2986 892 3041 δὲ
923 2984 1164 3061 Κλείτωρ
1201 2985 1437 3042 εἶναλίων
1461 2984 1662 3064 ἔπορεν·

494 3076 598 3131 τῶν
626 3076 654 3131 ὁ
677 3069 769 3147 μὲν
790 3073 842 3128 ἐν
873 3070 1187 3151 ξυλόχοισιν,
1221 3077 1248 3129 ὃ
1270 3073 1316 3130 δ’
1336 3071 1574 3151 ἠερίῃσιν
1604 3076 1656 3131 ἐν
1689 3075 1871 3155 ἄγραις

579 3158 707 3230 αἰὲν,
735 3161 763 3216 ὁ
781 3158 827 3215 δ’
854 3160 908 3215 ἐν
928 3158 1148 3235 πελάγει
1175 3160 1425 3237 εὔστοχον
1459 3162 1622 3240 ἄρκυν
1648 3162 1778 3241 ἔχοι.

691 3307 817 3359 182.
866 3300 1377 3361 ΑΛΕΞΑΝΔΡΟΥ
1411 3303 1850 3364 ΜΑΓΝΗΤΟΣ.

500 3439 701 3517 Πίγρης
732 3439 946 3519 ὀρνίθων
975 3440 1080 3497 ἄπο
1107 3440 1319 3514 δίκτυα,
1345 3446 1517 3519 Δᾶμις
1546 3442 1754 3521 ὀρείων,

1601 161 2104 220 ANTHOLOGIAE
2148 157 2551 218 PALATlNAE

2177 299 2425 350 bucolicus
2448 297 2657 360 hymnos
2674 334 2685 356 ‚
2717 296 2834 345 Pani
2854 295 3097 346 dedicavit
3122 295 3265 344 lime:

2116 389 2387 452 per-seratas
2406 385 2694 444 ‘arundineS,
2720 383 2916 448 pedum,
2939 385 3137 433 acutum
3148 383 3387 447 jaculum,

2178 477 2559 541 capreae-pellem
2572 513 2585 538 ,
2612 488 2779 538 peram
2805 487 2906 537 qua
2921 473 3035 524 olim
3056 473 3402 524 mam-ferebat.

2648 622 2750 668 178.
2787 619 3007 668 HEGESl
3018 618 3132 666 [³1²1.

2123 759 2297 821 Accipe
2315 771 2411 818 me,
2432 758 2683 816 Hercules,
2715 755 3010 806 Archestrati
3042 767 3237 805 sacrum
3263 755 3498 817 clypeum
3516 793 3529 814 ‚

2183 846 2256 906 ut,
2276 845 2483 908 politum
2508 844 2573 894 ad
2590 843 2889 894 vestibulum
2910 843 3189 904 reclinatus,

2122 946 2390 994 senescant,
2416 932 2591 982 choros
2614 931 2817 981 audiens
2840 934 2891 981 et
2904 929 3110 994 hymnos
3138 954 3148 980 2

2186 1021 2387 1072 satis-sit
2411 1033 2555 1071 exosa
2573 1019 2817 1070 contentio
2848 1019 3033 1069 Martis.

2695 1166 2799 1213 179.
2837 1161 3105 1212 ARCHIA-2.

2130 1302 2315 1366 Agresti
2338 1301 2443 1351 baec
2464 1301 2581 1351 Pani
2598 1301 2724 1350 alius
2747 1301 2810 1350 ab
2831 1301 2927 1350 alia
2941 1300 3473 1351 victum-ministrante

2188 1387 2655 1438 venatione-retiaria
2681 1387 2895 1450 germani
2911 1391 3013 1438 tres
3028 1387 3172 1449 dona,
3328 1387 3477 1449 [lum
3504 1387 3689 1439 avium.

2131 1473 2293 1537 Pigres
2315 1473 2517 1536 quidem
2538 1473 3028 1537 cervicem-premens
3051 1474 3489 1536 bene-laqueatum
3532 1473 3693 1521 vinc-u·

2192 1563 2359 1612 Darnis
2376 1565 2540 1612 autern
2564 1561 2861 1612 silvestrium
2876 1563 2999 1612 retia
3020 1561 3401 1626 quadrupedum
3421 1600 3437 1622 ‚

2132 1649 2371 1700 cassidem
2392 1663 2509 1698 vero
2524 1649 2823 1698 marinorum
2856 1650 3010 1700 Clitor
3036 1649 3205 1700 dedit:
3234 1649 3431 1712 quibus
3480 1653 3535 1699 tu
3566 1650 3611 1697 in
3634 1663 3691 1696 εε-

2191 1739 2241 1786 et
2258 1737 2428 1800 pelago
2445 1740 2496 1787 et
2512 1739 2641 1788 terra
2658 1736 2814 1787 felicia
2832 1737 2971 1787 mitte
2998 1737 3110 1787 lina.
3555 1737 3695 1800 [there

2674 1885 2779 1931 180.
2837 1891 3115 1932 Rursum!
3126 1918 3139 1931 .

2138 2020 2260 2067 Hoec
2278 2017 2363 2068 tihi
2383 2023 2432 2069 et
2454 2031 2510 2067 ex
2537 2019 2805 2080 montibus„
2830 2023 2880 2070 et
2897 2033 2955 2068 ex
2976 2019 3178 2080 subere,
3196 2022 3247 2069 et
3262 2033 3318 2069 ex
3344 2019 3485 2068 mari

2196 2108 2296 2155 tres
2326 2106 2520 2167 fratres,
2543 2107 2665 2157 artis
2684 2107 2903 2170 symbola
2916 2146 2930 2167 ,
2954 2121 2986 2157 o
3003 2110 3122 2169 Pan,
3166 2093 3453 2170 posuerunt
3480 2127 3493 2154 ι

2136 2191 2243 2242 haec
2259 2193 2459 2255 quidem
2484 2195 2784 2244 marinorum
2810 2195 2909 2245 lina
2932 2195 3111 2256 Clitor,
3140 2195 3223 2245 illa
3242 2199 3413 2246 autem
3448 2195 3615 2259 Pigres

2200 2281 2365 2330 avium
2386 2319 2399 2342 ,
2423 2281 2589 2332 Darnis
2605 2282 2751 2332 tertia
2772 2281 3169 2346 quadrupedum.

2140 2367 2327 2427 Quibus
2347 2383 2461 2418 curn
2482 2369 2531 2418 in
2559 2369 2887 2431 terrestribus,
2916 2373 3023 2420 tum
3048 2370 3099 2420 in
3122 2369 3265 2420 aeriis
3290 2371 3667 2428 venationibus,

2204 2455 2329 2506 dem
2352 2459 2580 2516 Venator,
2610 2460 2660 2507 et
2686 2458 2737 2506 in
2764 2458 3070 2520 natantibus,
3094 2462 3149 2508 ut
3162 2459 3316 2522 prius,
3334 2459 3549 2523 adjutor
3572 2463 3693 2509 vem!

2701 2605 2805 2651 181.
2848 2613 3151 2655 musnet.

2141 2739 2283 2787 Terni
2312 2739 2500 2800 fratres,
2520 2753 2552 2788 o
2577 2740 2837 2791 monticola
2856 2739 3002 2801 deus,
3032 2740 3140 2790 haee
3160 2745 3263 2792 arte

2202 2825 2329 2875 alius
2348 2825 2411 2876 ab
2428 2825 2524 2876 alia
2537 2827 2644 2889 tibi,
2666 2829 2782 2890 Pan,
2806 2828 2934 2879 dona
2951 2833 3249 2893 posuerunt:

2142 2916 2193 2963 et
2206 2914 2371 2963 avium
2390 2915 2588 2978 quidem
2611 2916 2790 2979 Pigres,
2818 2918 3030 2967 serarum
3057 2922 3225 2968 autem
3252 2920 3383 2968 retia

2204 3002 2371 3051 Darnis
2383 3041 2396 3062 ,
2420 3003 2575 3053 Clitor
2592 3003 2802 3067 denique
2818 3006 3115 3056 marinorum
3142 3006 3375 3069 praebuit.

2143 3092 2365 3147 Quorum
2382 3090 2463 3140 hie
2480 3091 2677 3153 quidem
2700 3092 2751 3141 in
2769 3092 2954 3155 lustris,
2980 3094 3059 3143 ille
3079 3098 3244 3145 autem
3268 3095 3320 3143 in
3340 3097 3501 3145 aeriis
3514 3100 3696 3147 renati»
3723 3148 3724 3160 ἢ

3562 3185 3697 3233 ‘nibus

2210 3190 2415 3239 semper,
2436 3179 2707 3242 tertiusque
2726 3180 2775 3229 in
2804 3181 2989 3245 pelago,
3012 3182 3119 3231 felix
3143 3185 3244 3232 rete
3266 3182 3477 3233 haheat.

2520 3324 2622 3370 182.
2663 3324 3009 3372 ALEXANDRI
3040 3324 3351 3373 MAGNESH.

2152 3457 2313 3520 Pigres
2333 3458 2396 3507 ab
2413 3459 2587 3509 avibus
2609 3461 2748 3521 retia,
2772 3462 2939 3511 Darnis
2960 3476 2989 3511 a
3006 3461 3265 3521 montanis,

536 3554 3683 3591 ——-—————-————————————.——-—-..

565 3610 717 3658 Dulce
738 3626 914 3659 canens
946 3611 1070 3659 tritis
1092 3627 1284 3661 carmen
1311 3613 1628 3663 arundinibus
1652 3630 1665 3663 :

502 3694 715 3744 Nebrida
743 3710 851 3743 eum
875 3694 1023 3744 ternis
1047 3695 1238 3745 calamis
1254 3733 1269 3758 ,
1293 3697 1619 3763 jaculumque,
1653 3700 1923 3766 pedumque
1942 3738 1957 3763 ,

567 3782 626 3828 Et
647 3794 830 3844 peram,
855 3779 1094 3843 quondam
1118 3796 1212 3843 qua
1237 3794 1321 3828 sua
1341 3796 1482 3846 poma
1509 3782 1636 3831 tulit.

1092 3924 1108 3953 r
1122 3924 1202 3970 79.
1241 3924 1449 3958 ancara.

503 4016 732 4080 Agricolae
756 4018 916 4063 Fauno
941 4023 1037 4063 tres
1057 4015 1215 4077 praeda
1241 4014 1400 4063 vivere
1421 4016 1542 4064 sueti

569 4102 786 4159 Fratres,
815 4096 1013 4161 quisque
1031 4096 1190 4161 operis
1209 4096 1334 4144 dona
1358 4098 1512 4145 tulere
1531 4097 1604 4145 sui
1630 4113 1643 4147 :

506 4180 663 4244 l‘igres
691 4178 885 4228 alitibus
918 4179 1101 4227 nodant
1131 4195 1236 4243 quae
1263 4178 1452 4227 vincula
1471 4178 1647 4240 fauces,

575 4262 734 4312 Darnis
751 4261 973 4311 silvicolis
991 4262 1088 4311 lina
1111 4262 1318 4311 timenda
1337 4262 1466 4323 feris,

508 4349 626 4410 Quae
651 4345 797 4411 pisces
815 4345 1009 4411 capiunt
1035 4346 1206 4397 Clitor.
1234 4350 1308 4395 Tu
1333 4347 1500 4395 dexter
1530 4348 1710 4402 adesto,

579 4430 643 4475 Ut
666 4427 845 4492 pelago,
877 4428 1040 4483 terris,
1071 4444 1181 4476 aere
1209 4443 1309 4475 rem
1336 4427 1530 4477 faciant.

1091 4582 1104 4609 ι
1118 4566 1198 4613 80.
1243 4581 1481 4626 uusnzn,

1142 4674 1202 4723 de
1237 4674 1414 4725 codem.

513 4788 626 4833 lla-c
655 4784 743 4834 tibi
764 4794 860 4833 tres
887 4784 1054 4835 fratres
1077 4786 1135 4834 dc
1164 4786 1404 4835 montibus
1425 4824 1437 4846 ,
1455 4804 1586 4846 aere,
1615 4797 1764 4853 ponto

580 4873 896 4919 Instrumenta
922 4870 1078 4935 operis
1095 4906 1109 4932 ,
1141 4874 1257 4931 Pan,
1287 4887 1486 4935 posuere
1508 4872 1601 4921 sui.

514 4950 653 5001 Retia
683 4950 916 5015 fluctivagi
939 4951 1093 5001 Clitor
1117 4953 1287 5016 gregis,
1317 4954 1464 5001 altera
1487 4953 1640 5015 rign-es

2215 3626 2431 3674 Alituum
2452 3662 2467 3685 ,
2497 3629 2658 3677 Darnis
2682 3629 2823 3677 tertia
2842 3629 3217 3695 quadrupedum.

2148 3710 2219 3755 Tu
2250 3708 2401 3757 bonus
2436 3719 2491 3758 ut
2518 3726 2706 3776 semper
2740 3710 2888 3759 facilis
2910 3710 2984 3761 fac
3019 3713 3175 3777 prinda
3196 3713 3257 3762 sit
3281 3712 3404 3767 illis,

2216 3794 2333 3853 Quae
2348 3791 2493 3851 volat,
2518 3803 2567 3842 et
2590 3809 2693 3858 quae
2716 3808 2766 3842 se
2794 3793 2885 3843 sert
2907 3794 3054 3859 pede,
3074 3811 3273 3859 quaeque
3298 3806 3467 3845 natat.
3708 3770 3710 3818 Ι

2742 3938 2758 3966 ι
2770 3922 2797 3967 8
2809 3938 2825 3966 r
2838 3958 2850 3968 .
2897 3936 3133 3979 nusum,

2791 4034 2850 4083 de
2876 4034 3054 4084 eodem.

2152 4166 2261 4210 Hoec
2287 4162 2373 4210 tibi
2402 4172 2496 4211 tres
2528 4162 2696 4210 fratres
2712 4162 2867 4210 studio
2885 4162 3069 4211 diversa
3091 4161 3308 4227 professi,

2220 4248 2333 4298 Pan,
2362 4243 2545 4293 habitas
2574 4245 2748 4294 montis
2776 4246 2858 4307 qui
2885 4247 3009 4311 juga,
3034 4247 3156 4294 dona
3187 4245 3354 4294 serunt
3380 4264 3393 4295 :

2154 4327 2367 4376 Alituum
2394 4329 2549 4391 Pigres
2568 4364 2582 4388 ,
2611 4328 2773 4379 Damis
2789 4330 2869 4378 dat
2898 4329 2975 4378 fila
2998 4328 3201 4395 ferarum
3218 4364 3232 4385 ,

2218 4410 2371 4460 Clitor
2392 4426 2498 4474 quae
2526 4410 2672 4460 satum
2694 4410 2899 4476 piscibus
2922 4426 3020 4460 esse
3043 4410 3211 4460 solent.

2152 4492 2241 4539 1:10
2270 4490 2341 4539 fac
2374 4507 2401 4537 e
2422 4492 2553 4540 silvis
2570 4492 2809 4556 deportet,
2838 4492 2901 4541 ab
2926 4508 3035 4541 aere
3058 4491 3263 4559 praedam

2219 4573 2373 4632 Alter,
2396 4572 2455 4621 ab
2484 4573 2654 4622 insanis
2674 4574 2842 4623 tertius
2864 4573 3147 4639 oequoribus.

2570 4702 2677 4749 132.
2708 4717 2985 4748 srmzxatmru
3010 4684 3255 4748 ansusi-ns
3272 4735 3289 4759 ,

2798 4818 2857 4867 de
2881 4817 3054 4867 eodem.

2158 4950 2255 4999 Fila
2282 4952 2435 5015 Pigres
2458 4948 2633 5007 avium,
2662 4950 2814 5001 Clitor
2841 4950 2957 4999 vada
2984 4950 3101 4999 salsa
3128 4957 3385 5000 natantum
3404 4988 3421 5011 ,
