3829 5747
532 228 713 287 256-

521 354 619 406 bac
645 356 809 407 autem
832 356 1053 420 Thespiis
1086 352 1356 405 dedicatam
1370 388 1384 411 ‚
1410 352 1622 415 primum
1647 351 1801 415 ipsius
1828 352 2084 403 Praxitelis

524 426 653 489 (vide
674 427 846 480 Athen.
862 429 993 485 xiil,
1013 440 1059 487 p.
1083 430 1191 483 591,
1213 428 1270 474 Α)
1291 437 1341 472 n.
1361 426 1471 481 204,
1490 420 1665 472 deinde
1684 422 1863 472 Juliani
1878 423 2087 487 AEgyptii

522 512 572 548 n.
610 504 717 557 203,
744 501 795 547 et
819 496 1047 547 Leonidae
1072 493 1315 545 Tarentini
1350 507 1399 542 n.
1432 500 1541 543 206.
1576 492 1767 541 Gemini
1792 493 1956 542 autem
1981 492 2083 555 epi-

523 580 742 633 gramma
766 567 1024 632 legendum
1056 568 1133 616 est
1154 568 1279 615 ante
1305 564 1400 614 1100
1422 565 1643 612 nostrum
1671 581 1685 611 z

646 698 763 748 Ἆντὶ
791 698 840 760 μ’
860 699 1027 761 ἔρωτος
1045 697 1231 757 Ἔρωτα
1256 697 1407 760 βροτῷ
1428 695 1529 744 θεὸν
1547 694 1710 743 ὤπασε
1729 692 1888 757 Φρύνῃ

716 769 991 828 Πραξιτέλης
1011 768 1175 829 μισθὸν
1192 768 1273 815 καὶ
1294 768 1394 814 Θεὸν
1414 764 1673 828 εὑρόμενος.

648 839 706 886 Ἥ
732 839 773 887 δ’
798 838 886 886 οὐκ
902 838 1074 899 ἠρνήθη
1096 836 1177 885 τὸν
1200 836 1394 884 τέκτονα
1408 852 1420 861 ·
1444 835 1572 883 δεῖσε
1592 834 1681 896 γάρ
1700 836 1744 883 οἱ
1760 834 1871 897 φρὴν

712 912 776 972 μὴ
801 912 901 965 Θεὸς
920 909 1019 958 ἀντὶ
1039 909 1202 971 τέχνης
1220 906 1450 968 σύμμαχα
1468 906 1579 961 τόξα
1598 906 1735 966 ›sifi-n·

647 982 805 1043 ταρὸεῖ
823 980 864 1029 δ’
883 980 1037 1029 οὐκέτ-ι
1057 996 1151 1027 που
1166 980 1245 1026 τὸν
1269 979 1495 1040 Κύπριδος
1508 1014 1521 1036 ,
1540 977 1655 1025 ἀλλὰ.
1671 978 1753 1025 τὸν
1772 976 1825 1024 ἐκ
1847 978 1964 1039 σοῦ,

708 1051 979 1115 Πραξίτελες
994 1086 1010 1112 ,
1030 1051 1195 1113 τέχνην
1218 1049 1376 1111 μητέρ’
1400 1046 1697 1110 ἐπισταμένη.

524 1200 671 1247 {lunc
689 1202 915 1247 Amorem
937 1195 1187 1245 Praxitelis
1198 1196 1299 1259 jam
1320 1193 1513 1256 Phryne
1539 1192 1675 1242 velut
1695 1192 1743 1241 in
1762 1191 1869 1255 ipsa
1896 1186 2088 1239 Amoris

524 1271 649 1319 urbe
663 1309 676 1332 ‚
699 1268 937 1332 Thespiis,
964 1266 1116 1332 pouit.
1136 1294 1196 1303 —-
1216 1274 1243 1316 2
1265 1267 1380 1329 ὑπὲρ
1418 1267 1619 1329 λέκτρων
1644 1264 1853 1314 0101Ιί118
1894 1262 1944 1311 in
1987 1266 2085 1325 Ap-

523 1339 671 1404 pend.
700 1339 763 1389 ad
788 1342 938 1390 laocr.
964 1340 1078 1399 Περὶ
1098 1338 1243 1387 ἀντιδ.
1262 1349 1311 1400 p.
1333 1340 1424 1386 404
1440 1375 1456 1398 ,
1480 1336 1615 1399 quod
1632 1336 1920 1398 receperunt
1934 1332 2085 1382 Boiss.

524 1414 575 1459 et
591 1410 756 1467 Both.;
776 1410 891 1471 ὑπὲρ
908 1411 1081 1471 λεχέων
1097 1407 1355 1457 Jacobsius
1372 1407 1421 1456 in
1442 1406 1631 1455 ultimae
1644 1417 1820 1455 manus
1838 1392 2088 1465 exemplm

524 1481 640 1542 ὑπὲρ
657 1482 830 1529 τέκνων
852 1478 995 1535 eod..
1026 1477 1161 1527 Plan.
1182 1480 1234 1525 et
1254 1475 1445 1525 suidas,
1463 1476 1592 1524 Olim
1608 1477 1710 1523 Jac.
1734 1476 1847 1537 ὑπεὶρ
1866 1475 2086 1533 κτεάνων,

527 1550 591 1599 ob
619 1549 836 1599 divilias
864 1551 1073 1598 Veneris
1099 1559 1199 1611 ope
1223 1547 1594 1626 comparatas,-
1612 1558 1699 1607 pro
1726 1556 1824 1605 quo
1848 1542 2092 1623 {leel-erus
2134 1579 2140 1628 ι

524 1618 863 1681 103101131ὺπὲρ
878 1620 1093 1681 κερδέων,
1110 1616 1224 1665 coll.
1247 1614 1544 1664 Callimacho
1560 1617 1669 1663 xm
1682 1652 1696 1675 ‚
1714 1626 1789 1676 ep.
1812 1620 1888 1663 25.
1908 1612 2092 1662 Deinde
2135 1636 2139 1655 ι

528 1686 779 1750 legebatur
800 1686 1075 1741 θεσπιάσιν,
1100 1705 1123 1727 α
1145 1683 1281 1748 quod
1305 1688 1462 1734 metro
1485 1684 1733 1734 adversari
1768 1682 1959 1732 monuit
1994 1686 2087 1732 Lo-

526 1755 731 1805 beckius
760 1754 810 1804 in
836 1756 1025 1804 Ruti-m.
1053 1756 1269 1803 Gramm.
1295 1757 1334 1802 t.
1372 1755 1439 1813 11,
1482 1767 1529 1815 p.
1572 1758 1679 1802 352.
1720 1750 2090 1801 Restituendum

523 1824 661 1887 quod
686 1823 807 1886 ipsae
824 1823 1120 1873 membranae
1146 1822 1377 1872 Palatinoe
1394 1825 1445 1872 et
1462 1821 1626 1871 suidas
1651 1820 1819 1885 optimi
1836 1820 1946 1869 libri
1965 1834 2088 1883 prae·

528 1891 649 1941 beni
671 1891 920 1943 Θεσπίεσιν
946 1892 1036 1953 (sic
1054 1892 1148 1951 illi,
1170 1890 1415 1942 debebant
1433 1894 1675 1951 Θεσπιέσι)
1695 1905 1784 1954 pro
1808 1894 2062 1941 Θεσπιεῦσι
2076 1928 2091 1950 ,

528 1966 586 2011 ut
619 1964 837 2026 δρομάσι,
855 1965 1041 2023 τοκὲσι,
1061 1977 1111 2011 v.
1133 1964 1319 2013 Buttm.
1339 1966 1375 2013 t.
1403 1966 1444 2024 l,
1472 1977 1521 2026 p.
1548 1968 1633 2014 193
1668 1976 1770 2024 aeq.
1791 1961 1933 2011 Ceut.
1969 1964 2089 2010 Leo—

526 2031 693 2082 nidam
721 2033 854 2083 Plan.
874 2046 959 2096 ep.
982 2040 1092 2094 206,
1117 2039 1159 2083 1.
1196 2054 1221 2077 n
1260 2032 1480 2085 Becker.
1504 2037 1610 2082 —3
1640 2032 1916 2093 ζητούμενον
1949 2029 2092 2090 cod..

530 2102 742 2153 alterum
768 2103 902 2154 Plan.
932 2104 1061 2153 Male
1089 2103 1481 2166 distinguebatur
1502 2104 1615 2165 post
1649 2104 1819 2164 τέχνη,
1854 2100 1943 2149 aed
1975 2100 2088 2162 ¹iun-

529 2170 686 2235 genda
711 2184 820 2222 0880
852 2174 1082 2237 Κύπριδος
1100 2175 1245 2235 δῶρον
1262 2171 1386 2221 vidit
1404 2172 1670 2221 Heckerus.
1692 2172 1846 2233 Τέχνη
1866 2169 1930 2219 de
1948 2184 2094 2233 opere

529 2243 651 2292 artis
663 2280 677 2303 ,
696 2245 815 2292 noto
836 2256 954 2292 usu.
974 2270 1036 2280 —·
1054 2247 1103 2293 4.
1127 2244 1202 2299 ἐς
1221 2244 1505 2307 ἀμφοτέρως
1520 2254 1609 2304 pro
1636 2240 1778 2291 solito
1804 2241 2092 2303 ἀμφοτέροις.

532 2331 557 2354 ⁰«
583 2313 725 2362 Cous.
744 2312 1057 2376 Antipatrum
1074 2313 1209 2363 Plan.
1240 2317 1323 2363 184
1357 2332 1370 2362 1
1403 2314 1596 2375 ἔπρεπεν
1620 2314 1758 2375 duem
1786 2314 1873 2360 Καὶ
1895 2314 2094 2374 μέγαρον

530 2384 707 2447 Βάκχῳ
732 2385 813 2433 καὶ
836 2386 1031 2448 Βρόμιος
1052 2386 1247 2449 μεγάρῳ
1264 2422 1277 2445 ,
1298 2386 1349 2433 et
1369 2382 1531 2433 ovidii
1558 2385 1671 2432 Her.
1699 2385 1803 2445 XV,
1832 2388 1910 2433 181
1946 2402 1958 2431 ι

640 2524 777 2567 Grata
800 2522 943 2578 lyram
962 2524 1094 2579 posui
1116 2522 1198 2568 tibi
1211 2555 1225 2575 ,
1244 2522 1441 2574 Pboebe,
1460 2522 1635 2577 poetria
1654 2520 1839 2579 sappho
1852 2534 1867 2563 ι

692 2583 917 2627 convenit
933 2583 1012 2627 illa
1030 2584 1164 2638 11111ιί,
1186 2583 1405 2627 convenit
1422 2582 1496 2627 illa
1520 2582 1616 2627 tibi.

530 2710 779 2763 Artificem
820 2710 1027 2763 decebat
1065 2712 1159 2762 1100
1199 2712 1413 2773 donum,
1455 2710 1589 2775 quod
1634 2711 1857 2774 Phrynen
1906 2710 2095 2775 perdite

529 2783 749 2843 amabat3
792 2784 1074 2845 mulierem,
1110 2782 1243 2845 quod
1284 2782 1476 2832 Amoris
1506 2782 1803 2844 Venerisque
1828 2796 1921 2845 ope
1949 2782 2094 2831 talem

530 2856 822 2917 tantumque
850 2852 1087 2903 artificem
1102 2852 1367 2904 allexisset.
1393 2872 1418 2897 ι
1447 2852 1665 2904 Becker.
1682 2880 1745 2888 —
1763 2860 1790 2904 5
1824 2855 1950 2911 δοίης
1989 2852 2093 2914 (sic)

534 2925 590 2972 ἐκ
628 2925 791 2986 τέχνης
809 2925 835 2948 ⁴*
869 2925 1133 2986 αἶνοὸροτὸν
1166 2923 1364 2981 Codexz
1397 2925 1537 2972 αἰνέω
1576 2926 1738 2988 βροτὸν
1785 2925 1940 2982 Plan„
1961 2924 2091 2985 quod

534 2993 787 3043 edebatur.
814 3013 839 3036 «ι
884 2994 1034 3044 Junxi
1073 2993 1269 3044 initium
1301 2993 1451 3057 hujus
1491 3007 1667 3044 versus
1710 2993 1871 3045 versui
1906 3007 2091 3056 1111000-

528 3065 683 3116 denti.
713 3065 872 3129 Vulgo
916 3066 1058 3129 plene
1101 3067 1389 3116 distinctum
1430 3068 1541 3128 post
1562 3067 1729 3129 Ἔρως.
1758 3068 1867 3115 Jam
1907 3066 2094 3114 clarum

532 3137 591 3186 fit
616 3149 725 3186 esse
748 3137 876 3196 δοιήν
891 3139 1058 3201 τέχνην
1078 3141 1233 3188 artem
1258 3137 1477 3200 Phrynes
1495 3139 1748 3199 artemque
1766 3136 2041 3200 sculptoris.
2069 3157 2093 3180 n

531 3209 695 3256 Boi-rs.
719 3205 815 3256 Sed
840 3206 1057 3256 dubitari
1084 3220 1181 3256 non
1204 3208 1369 3269 potest
1395 3205 1513 3269 quin
1538 3219 1658 3255 vere
1696 3208 1946 3257 lleckerus
1971 3206 2091 3256 8011·-

529 3275 683 3339 pserit
706 3277 858 3324 nivet
893 3275 1074 3338 βροτόν,
1103 3295 1127 3318 «ι
1168 3275 1273 3324 scil.
1310 3275 1528 3337 Phryne,
1564 3278 1616 3326 ct
1647 3280 1843 3340 propter
1877 3291 2094 3328 amorem

532 3358 634 3406 quo
658 3359 713 3394 se
736 3345 1142 3409 complecteretur
1166 3345 1429 3395 Praxiteles
1451 3349 1501 3395 et
1520 3350 1718 3409 propter
1740 3361 1990 3398 summum
2025 3362 2094 3397 ar-

532 3413 743 3463 tificium
758 3428 860 3479 quo
885 3414 1079 3464 Amoris
1102 3415 1360 3483 imaginem
1382 3415 1728 3467 elaboraverat.
1750 3437 1775 3460 n

594 3555 795 3604 chxl.
829 3574 853 3598 κ
892 3551 1099 3604 Simonis
1126 3555 1253 3616 filio,
1278 3555 1465 3606 natales
1487 3556 1777 3616 celebranti,
1814 3561 1960 3621 poeta
1995 3571 2094 3609 am-

530 3623 717 3687 pullam
744 3638 933 3675 oeneam
976 3626 1171 3676 muneri
1206 3626 1375 3676 mittit.
1400 3652 1463 3663 —
1492 3633 1533 3676 1.
1560 3629 1662 3676 cur
1686 3627 1957 3690 appelletur
1987 3627 2095 3678 11100

531 3696 744 3760 ampulla
794 3697 1039 3748 Indiwm
1078 3710 1239 3760 opus,
1280 3711 1334 3747 se
1368 3697 1588 3762 ignorare
1632 3699 1815 3749 fatetur
1852 3699 2090 3750 Reisliius.

529 3767 632 3816 Nec
652 3766 773 3816 mihi
800 3767 1065 3832 quicquam
1090 3768 1153 3817 de
1182 3767 1417 3818 Indorum
1437 3768 1487 3817 in
1512 3767 1795 3832 hujusmodi
1813 3769 2001 3820 artibus
2019 3784 2094 3833 pe-

528 3836 642 3885 ritia
658 3841 865 3888 constat.
889 3857 915 3882 »
930 3840 1047 3888 Jae.
1066 3865 1128 3875 —·
1146 3844 1193 3888 2.
1214 3839 1373 3888 schol.
1392 3839 1585 3889 Codicis
1600 3838 1650 3888 in
1667 3852 1817 3902 marg.
1833 3839 2091 3890 hilariore:

530 3909 651 3964 ζήτει
689 3908 835 3966 ὄλπην
868 3927 881 3958 ι
919 3907 1132 3966 λήκυθον.
1160 3913 1217 3959 111
1255 3922 1406 3973 marg.
1436 3912 1590 3959 exter.
1624 3927 1638 3958 ι
1677 3911 1887 3966 λήκυθον.
1919 3911 2048 3966 ὄλπις
2079 3928 2090 3958 =

529 3977 739 4040 οἰνοχόη.
768 3980 964 4036 λήκυθος
984 3980 1034 4029 δέ
1052 3981 1177 4029 ἐστιν
1195 3980 1463 4044 ἐλαιοδόχον
1482 3981 1668 4044 ἀγγεῖον
1694 3983 1725 4039 ἢ
1744 3980 1942 4044 οἷνηρὸν.
1971 3981 2095 4031 Hinc

530 4047 680 4098 etiam
696 4047 873 4098 suidas
894 4069 907 4098 ι
930 4049 1051 4107 ὄλπη
1064 4087 1079 4112 ,
1098 4053 1131 4110 ἡ
1152 4051 1361 4109 λήκυθος.

590 4197 817 4248 ccaxu.
851 4201 908 4247 In
950 4197 1079 4262 lupi,
1104 4200 1163 4247 ut
1186 4197 1400 4260 videtur,
1430 4199 1492 4248 ab
1522 4197 1702 4248 Eualce
1728 4199 1921 4262 pastore
1947 4197 2095 4246 occisi

529 4267 744 4318 aurias.
762 4293 826 4304 —
847 4272 866 4317 1
889 4269 973 4326 τὴν
990 4268 1153 4330 νομίην
1176 4268 1371 4330 eodem
1390 4271 1469 4319 τὸν
1484 4271 1646 4332 νομίην
1666 4268 1844 4318 suidas
1862 4281 1910 4317 v.
1938 4271 2093 4317 Βώτο-

528 4353 601 4398 ρες
616 4373 633 4398 ,
650 4343 823 4401 νομεῖς.
848 4339 1095 4388 1100110108
1115 4340 1195 4389 τὸν
1218 4341 1444 4402 ποίμνην,
1466 4339 1530 4389 ad
1552 4339 1760 4390 uaditos
1784 4337 1965 4389 ductus
1991 4353 2097 4402 1110-

528 4404 643 4467 pius
666 4405 905 4456 accedens
926 4421 1075 4470 quam
1094 4408 1261 4458 ceteri.
1283 4407 1540 4458 Jacobsius
1564 4409 1695 4458 τόνδε
1722 4409 1868 4470 νομὴν
1896 4411 1978 4456 καὶ
1996 4409 2092 4469 ἔτι,

529 4478 699 4536 postea
727 4476 923 4539 pronior
953 4477 1116 4527 factus
1146 4477 1198 4527 in
1228 4477 1449 4528 salmasii
1476 4478 1805 4540 conjecturam
1830 4480 1909 4528 τὸν
1937 4481 2095 4540 μόνων

529 4545 610 4594 vel
650 4547 825 4607 μονιὸν,
868 4545 1085 4608 lupum,
1125 4546 1258 4610 quod
1288 4561 1380 4598 nec
1403 4547 1467 4598 de
1492 4547 1611 4611 lupo
1634 4561 1726 4597 nec
1749 4547 1812 4597 de
1849 4559 1968 4612 apro
1998 4548 2096 4600 dici

530 4614 691 4664 solum
706 4615 811 4665 sine
832 4615 999 4666 addito
1022 4618 1157 4672 λύκος
1175 4621 1265 4667 aut
1287 4623 1373 4673 σῦς
1390 4655 1404 4676 ,
1424 4617 1653 4667 observat
1672 4617 1878 4667 Meinek.
1906 4631 1956 4680 p.
1988 4623 2091 4678 112,

530 4681 635 4744 ipse
650 4697 835 4745 ponens
851 4687 930 4734 τὸν
947 4703 1005 4735 τι
1024 4688 1169 4745 νομὴν
1188 4688 1267 4735 καὶ
1288 4687 1466 4735 ἔπαυλα
1480 4722 1495 4744 ,
1522 4707 1545 4730 α
1566 4685 1660 4736 hoc
1682 4699 1829 4736 8011811
1845 4725 1857 4747 ,
1872 4691 1932 4736 ut
1949 4689 2096 4750 lupus

528 4753 763 4801 armentis
780 4757 831 4802 et
849 4754 899 4802 in
916 4755 1113 4817 pascuis
1128 4757 1181 4804 et
1194 4753 1243 4803 in
1262 4754 1469 4805 stabulis
1485 4755 1745 4806 insidiatus
1763 4769 1871 4806 esse
1884 4755 2089 4807 dicatur.

530 4823 670 4872 Feroe
702 4836 880 4874 nomen
914 4829 1081 4875 autem
1106 4829 1164 4875 ut
1189 4824 1411 4876 disertim
1438 4827 1704 4877 adderetur
1726 4841 1824 4877 non
1864 4831 1972 4878 erat
2005 4841 2091 4877 ne-

529 4893 824 4954 cessarium,
857 4895 1087 4956 quoniam
1124 4908 1319 4945 carmen
1362 4896 1457 4946 boc
1488 4897 1648 4946 arbori
1675 4897 1970 4959 insculptum
1999 4897 2092 4945 iin-

530 4962 678 5025 311111,
704 4976 763 5012 ex
786 4977 888 5026 qua
912 4964 1015 5028 lupi
1036 4964 1230 5015 exuviae
1257 4979 1508 5028 suspensas
1534 4969 1689 5016 erant.
1714 4987 1737 5010 ν
1757 4993 1813 5003 —-
1845 4971 1874 5015 3
1902 4969 2095 5024 ιῦαλιιής

2136 2356 2144 2403 Ι

1646 220 2158 283 ANTHOLOGlAE
2199 220 2602 283 PALATINAE

2175 352 2450 413 Beckerus,
2476 356 2533 404 nt
2559 355 2848 419 μεσημθρινά
2880 357 2960 417 ῙΧ,
2998 368 3076 420 ep.
3113 362 3222 407 841.
3261 358 3399 409 Idem
3425 356 3580 409 addit
3604 379 3618 406 ι
3653 378 3676 399 α
3701 360 3752 407 111

2177 423 2277 473 line
2301 425 2532 474 mutilum
2560 424 2692 474 haud
2717 424 2866 476 dubie
2892 430 2968 477 est
2989 426 3298 491 epigramma.
3323 450 3347 474 u
3365 430 3524 479 Nobis
3541 441 3606 478 ea
3625 428 3688 479 de
3705 443 3761 479 1-0

2177 494 2389 545 dubitari
2412 510 2555 559 posse
2581 496 2792 548 videtur.

2241 622 2491 679 CCLXIH.
2519 629 2575 678 ln
2601 627 2736 678 Plan.
2757 629 2923 686 ἄδηλον
2951 630 3042 679 est.
3063 631 3138 679 De
3161 630 3300 680 laone
3323 643 3354 679 a
3375 633 3586 693 pastore
3619 628 3754 679 hasta

2176 698 2340 748 occiso
2353 738 2365 759 ,
2380 698 2500 747 dum
2515 699 2724 749 vitulum
2744 700 2870 749 intra
2887 699 3134 749 stabulum
3149 699 3420 750 dilaniaret.
3440 729 3508 742 —
3533 706 3552 749 1
3575 707 3752 761 mmsis

2177 768 2363 825 Codex.
2388 762 2420 819 i.
2447 783 2491 820 e.
2517 776 2709 833 πυρσῶ,
2727 768 2862 832 quod
2893 769 3059 833 posuit
3087 769 3289 819 Meinek.
3311 784 3358 833 p.
3387 776 3496 829 122,
3521 768 3754 831 idemque

2177 833 2371 889 Codicis
2397 839 2479 889 ἀπ’
2509 841 2814 898 ὠφλοιώσατο
2855 840 3070 891 correxit
3111 841 3193 890 ἀπ’
3223 841 3291 889 ὧν
3326 842 3635 901 φλοιώσατο,
3667 841 3754 889 alio

2178 908 2410 959 dorismo.
2431 912 2498 957 Ex
2524 910 2658 959 Plan.
2684 909 2922 961 edebatur
2942 918 3122 974 πυρσοῦ
3148 914 3200 960 et
3221 911 3623 974 ἀπεφλοιώσατο,
3645 914 3761 959 ilec-

2179 980 2325 1030 kerus
2371 980 2510 1030 malit
2547 980 2763 1030 activum
2808 982 3098 1043 ἀπεφλοίωσε
3145 984 3201 1031 τὸ
3241 984 3387 1044 δέρμα
3401 1019 3417 1042 ,
3445 986 3512 1031 ut
3555 983 3756 1031 Nonnus

2178 1050 2321 1099 Dion.
2356 1052 2483 1111 XIV,
2527 1056 2638 1111 380,
2678 1065 2825 1114 quem
2864 1054 3072 1104 contulit
3108 1054 3214 1101 Jac.
3243 1052 3293 1101 in
3324 1053 3536 1103 Delectu
3565 1066 3618 1115 p.
3649 1058 3752 1102 387.

2178 1145 2239 1155 —
2267 1126 2294 1169 2
2317 1120 2584 1183 βουπαλίων
2613 1121 2733 1172 Cod.
2757 1124 2808 1171 et
2842 1123 2994 1182 Plan„
3015 1142 3038 1165 σι
3073 1122 3209 1187 quod
3245 1124 3445 1173 Grotius
3479 1122 3752 1180 convertit,

2177 1192 2267 1241 sed
2311 1192 2548 1256 corrigere
2587 1195 2750 1258 potius
2793 1194 2979 1246 debuit.
3019 1198 3248 1247 Correxit
3290 1197 3652 1246 Valckenarius
3681 1196 3761 1252 (ad.

2179 1270 2400 1312 Ammon.
2429 1276 2477 1327 p.
2513 1266 2630 1326 ¹90)
2664 1266 2930 1316 verissime.
2961 1288 2985 1310 1»
3013 1269 3073 1316 B.
3101 1292 3163 1303 -—-
3189 1273 3218 1317 3
3248 1268 3616 1331 καταδρύχοντα
3633 1267 3761 1325 eod.

2179 1335 2229 1383 et
2255 1334 2411 1393 Plan..
2435 1336 2644 1385 alterum
2663 1336 2836 1385 Suidas
2849 1374 2862 1395 ‚
2883 1351 3124 1401 exponens
3142 1340 3380 1402 τρώγοντα
3393 1374 3408 1397 ,
3425 1340 3752 1387 κατεσθίοντα.

2180 1432 2240 1445 -
2265 1409 2292 1454 4
2325 1406 2519 1468 μάνδρης
2547 1404 2690 1464 θοὰ,
2718 1407 2927 1456 alterum
2958 1408 3112 1468 Plan„
3148 1410 3234 1472 qui
3262 1408 3391 1464 αὖθις
3423 1410 3482 1457 et
3513 1410 3749 1471 ξυλὸχους.

2180 1472 2388 1537 Ξύλοχος
2436 1476 2600 1527 Suidae
2659 1478 2922 1541 σύνδενδρος
2969 1480 3046 1527 καί
3085 1478 3286 1537 ξυλώδης
3335 1480 3515 1540 πάγος,
3559 1480 3750 1540 δρυμὸς,

2179 1546 2292 1603 ὕλη·
2315 1548 2438 1595 οἶδὲ
2458 1548 2617 1606 κοίτην
2639 1549 2811 1610 θηρίου.
2833 1580 2894 1589 -
2908 1556 2937 1599 5
2959 1551 3167 1612 μοσχείῳ
3197 1548 3340 1607 C0d.;
3368 1548 3568 1613 μοσχίῳ
3597 1548 3752 1609 said„

2183 1636 2208 1659 α
2229 1616 2389 1680 (111οά,
2415 1621 2472 1666 ut
2502 1632 2647 1682 supra
2677 1624 2868 1679 πυρσῷ,
2893 1620 3098 1669 sortasse
3120 1634 3177 1669 ex
3201 1618 3366 1669 dorica
3405 1618 3750 1669 terminatitme

2181 1688 2341 1735 ortum
2359 1689 2451 1736 est.
2471 1706 2495 1729 2·
2513 1690 2550 1735 J
2551 1701 2630 1736 ac.
2655 1687 2902 1738 Edebatur
2921 1689 3145 1751 μοσχείου
3169 1702 3232 1738 ex
3251 1689 3383 1738 Plan.
3402 1713 3465 1724 —
3487 1696 3518 1738 Β
3543 1688 3750 1749 ἀλγεινὸν

2184 1756 2457 1813 Ηο01101118ς
2479 1758 2576 1807 οἶδα
2593 1756 2694 1807 duo
2711 1757 2853 1807 codd.
2881 1760 3035 1817 Plan.,
3057 1759 3200 1808 male.
3225 1760 3362 1819 Εἱδε,
3383 1760 3643 1821 expertus
3665 1758 3761 1814 ext,

2183 1838 2330 1890 supra
2354 1842 2431 1891 011.
2460 1834 2568 1890 258,
2583 1833 2632 1891 4,
2651 1833 2703 1880 et
2721 1830 2832 1880 alibi
2857 1844 2953 1879 non
2982 1843 3106 1879 raro.
3131 1850 3154 1872 α
3175 1830 3362 1881 Nollem
3381 1828 3544 1892 hujus
3573 1842 3740 1878 versus

2183 1896 2460 1948 versionem
2508 1904 2610 1950 tam
2654 1901 2868 1964 ineptam
2919 1900 3157 1950 excidisse
3201 1904 3358 1964 poetae
3405 1900 3584 1950 latino.
3611 1900 3761 1955 Nune,

2184 1968 2374 2019 occisus
2399 1970 2476 2020 leo
2505 1970 2622 2020 nihil
2658 1971 2758 2032 ,iam
2799 1972 2918 2021 vult.
2949 1971 3183 2021 Volebam
3221 1972 3458 2036 corrigere
3487 1973 3646 2034 111110,-
3673 1968 3750 2019 sed

2184 2039 2414 2091 orationis
2441 2042 2596 2091 sonna
2614 2042 2666 2091 id
2687 2043 2770 2091 vix
2795 2042 2995 2106 patitur.
3027 2062 3051 2085 1»
3083 2042 3142 2091 B.

2247 2170 2496 2222 ccbxlv.
2529 2176 2736 2223 scutum
2781 2173 2873 2223 viri
2913 2174 3053 2223 sortis
3096 2168 3302 2235 Apollini
3337 2172 3674 2221 cousecratur.
3693 2194 3750 2206 --

2190 2246 2210 2291 1
2247 2244 2405 2301 φυλεός
2432 2244 2571 2300 cod„
2603 2258 2728 2293 corr.
2759 2244 2994 2293 Reiskins.
3023 2246 3268 2293 Incertum
3305 2242 3518 2295 Φυὶλεὺς
3552 2252 3640 2303 pro
3664 2252 3742 2302 pa-

2185 2312 2336 2363 trisne
2349 2314 2602 2364 Alexandri
2616 2314 2808 2364 nomine
2820 2315 2882 2363 sit
2897 2314 3084 2363 habend
3091 2324 3192 2373 um,
3205 2328 3266 2361 an
3279 2312 3475 2362 dicatur
3486 2310 3748 2361 Alexander

2185 2381 2306 2432 civis
2331 2386 2516 2433 Φύὶλου
2534 2424 2546 2445 ,
2568 2384 2702 2434 urbis
2718 2385 3005 2442 Thessaliae,
3029 2384 3114 2433 ubi
3133 2422 3146 2443 ,
3165 2386 3292 2433 teste
3315 2382 3554 2432 Strabone
3569 2419 3584 2441 ,
3603 2378 3746 2431 Ἀπόλ-

2184 2452 2326 2508 λωνος
2353 2459 2436 2501 τοῦ
2465 2455 2702 2503 ψυὶλαίου
2737 2457 2876 2517 ἱερὸν,
2903 2454 3150 2503 ethnicum
3174 2457 3335 2502 autem
3361 2454 3566 2506 Φυλλεῖς
3601 2462 3739 2498 311110-

2184 2525 2318 2571 tatur
2339 2537 2368 2571 a
2397 2524 2655 2588 Stephano.
2687 2527 2742 2573 In
2771 2525 2867 2573 line
2892 2525 2974 2573 ἄδι
2997 2523 3181 2583 Codex,
3209 2522 3344 2587 quod
3369 2524 3474 2571 Jac.
3501 2521 3566 2570 ab
3585 2520 3744 2568 ultima

2185 2606 2252 2642 m.
2278 2592 2484 2643 reduxit.
2505 2622 2568 2632 —
2593 2603 2620 2644 2
2644 2596 2916 2658 χρυσοκόμᾳ
2941 2596 3187 2644 Heckerus
3206 2595 3247 2653 l,
3269 2606 3320 2657 p.
3341 2596 3417 2641 71.
3439 2620 3504 2629 —
3523 2596 3571 2639 3.
3591 2608 3614 2631 α
3635 2587 3742 2637 ilinc

2185 2663 2360 2713 Suidas
2383 2686 2395 2714 :
2413 2666 2509 2721 ἴτυς
2523 2682 2536 2694 ·
2555 2667 2814 2727 περιφέρεια
2831 2668 2992 2715 ὅπλου.
3019 2686 3042 2709 »ι
3063 2670 3119 2715 B.
3139 2689 3198 2700 --
3213 2668 3238 2713 4
3258 2664 3330 2713 αἷς
3348 2662 3472 2712 Cod.
3489 2665 3542 2710 el.
3561 2657 3741 2708 suidas.
3760 2690 3761 2709 1

2187 2754 2210 2776 α
2241 2734 2421 2797 Scripsi
2455 2737 2510 2784 ἂν
2549 2736 2705 2797 ἔκιχον
2738 2750 2848 2785 111111
2879 2735 3137 2785 anckio.
3167 2730 3424 2783 Jacobsius
3467 2733 3524 2785 ἇς
3574 2732 3740 2793 ἔκιχον,

2185 2806 2388 2857 verbum
2422 2806 2657 2870 κιγχάνειν
2692 2806 2958 2869 analogiam
2983 2800 3244 2854 verborum
3268 2804 3534 2865 τυγχάνειν,
3570 2801 3734 2861 lanai·

2183 2895 2295 2936 νειν,
2329 2883 2482 2940 κυρεῖν
2527 2877 2667 2939 sequi
2710 2879 2947 2926 statuens.
2978 2875 3124 2934 Quod
3165 2883 3338 2938 larum
3381 2870 3614 2922 credibile
3647 2872 3737 2926 est,

2184 2959 2340 3007 quum
2366 2947 2601 3010 κιγχάνειν
2619 2946 2810 3010 proprie
2833 2947 2960 2995 idem
2989 2945 3052 2995 sit
3082 2945 3215 3009 quod
3239 2947 3433 2994 ἱκάνειν.
3463 2965 3489 2988 n
3523 2939 3734 2993 Meinel‘.

2184 3027 2232 3078 p.
2255 3022 2331 3067 91.
2362 3015 2624 3065 Salmasius
2646 3017 2699 3072 ἂς
2719 3017 2895 3079 ἔτυχον.
2921 3017 3069 3078 Ἀρετὴ
3103 3015 3198 3064 1100
3227 3014 3335 3063 1000
3360 3013 3423 3063 de
3451 3011 3618 3062 laude
3643 3011 3734 3058 vir·

2186 3086 2336 3147 tutis,
2361 3089 2478 3135 noto
2510 3099 2617 3135 usu.
2638 3117 2697 3129 -
2721 3094 2766 3136 5.
2795 3107 2818 3128 ιι
2850 3089 2921 3136 De
2951 3083 3088 3136 hiatu
3115 3083 3165 3134 in
3200 3087 3375 3148 ἀριστὲῑ
3401 3086 3450 3140 ὃς
3550 3097 3599 3131 v.
3629 3083 3737 3130 ller-

2185 3168 2346 3206 mann.
2376 3157 2440 3208 ad
2468 3158 2619 3220 orph.
2641 3172 2688 3221 p.
2712 3161 2798 3208 731
2823 3171 2958 3221 seqq.
2985 3178 3008 3201 υ
3027 3161 3144 3207 Jac.

2247 3293 2470 3342 CCLXV.
2503 3313 2524 3330 e·
2557 3291 2836 3355 Theophilis
2852 3331 2864 3353 ‚
2895 3292 3118 3342 Cleocbae
3149 3292 3274 3354 mia,
3309 3291 3534 3342 Nossidis
3573 3291 3735 3343 mater.

2188 3359 2370 3411 Junoni
2400 3362 2608 3412 Lacinia>
2631 3365 2819 3412 10810111
2848 3362 3120 3425 byssinam,
3139 3375 3286 3425 quam
3317 3360 3459 3412 simul
3503 3371 3616 3408 cum
3649 3357 3736 3406 filia

2184 3435 2437 3492 texuerat,
2476 3431 2684 3482 dedicat.
2725 3460 2788 3468 —
2831 3439 2870 3481 1.
2903 3433 3090 3496 Templi
3125 3433 3332 3481 sunonis
3369 3431 3609 3489 laciniae,
3637 3427 3732 3490 ipsa

2183 3503 2394 3552 Crotone
2411 3540 2423 3562 ‚
2447 3503 2498 3550 ln
2525 3504 2668 3566 cujus
2691 3503 2828 3552 urbis
2856 3501 3100 3551 vicinitate
3122 3502 3272 3551 situm
3291 3503 3398 3551 erat
3413 3539 3424 3559 ‚
3443 3496 3732 3550 illustrioris,

2183 3571 2556 3634 descriptionem
2596 3572 2732 3622 dedit
2777 3573 2945 3623 Livius
2983 3575 3147 3631 xxiv,
3178 3577 3224 3622 3.
3255 3593 3278 3614 ιι
3301 3571 3591 3620 10080188.
3628 3567 3734 3614 citat

2185 3641 2400 3692 Maaocb.
2421 3641 2472 3690 in
2497 3641 2614 3691 Tab.
2646 3642 2836 3692 Heracl.
2869 3655 2919 3704 p.
2942 3647 3021 3691 31.
3051 3641 3214 3690 Codex
3248 3641 3479 3689 λακείνιον
3513 3640 3574 3696 ἃ,
3592 3650 3621 3685 a
3643 3646 3734 3682 cor-

2184 3716 2372 3762 rectore
2407 3715 2456 3770 ἠ.
2495 3711 2672 3761 Suidas
2710 3713 2954 3762 Δακώνιον
2993 3715 3025 3770 ἢ
3065 3713 3146 3767 τὸ,
3184 3711 3294 3760 cod.
3341 3709 3475 3759 Leid.
3521 3707 3646 3755 αὐτὸ.
3681 3728 3734 3781 3-

2185 3789 2232 3834 2.
2265 3802 2287 3823 «
2319 3781 2484 3832 Placet
2504 3782 2723 3831 salmasii
2767 3783 3042 3845 coniectum
3069 3783 3266 3844 ποοῳῇς
3303 3783 3396 3830 vei
3422 3782 3616 3839 ιιοορῇι
3650 3773 3732 3852 qut

2183 3852 2324 3914 quasi
2349 3855 2713 3914 κατανεισομὲνα
2739 3855 2862 3916 ὀρῇς.
2887 3873 2910 3895 u
2932 3855 3092 3902 Boias.
3120 3871 3142 3892 «ι
3165 3851 3276 3900 Sine
3304 3863 3454 3900 causa
3479 3843 3732 3923 Branchus

2183 3923 2407 3985 aequitur
2427 3923 2714 3972 salmasium
2730 3961 2743 3982 ,
2765 3927 2821 3973 ut
2847 3923 2993 3972 docet
3021 3922 3235 3971 Dioscor.
3265 3933 3414 3982 supra
3435 3933 3514 3981 ep.
3549 3920 3644 3968 126.
3673 3929 3729 3969 μη

2183 3994 2369 4053 κατίδῃς
2399 4008 2482 4053 μι,
2507 3991 2592 4041 ubi
2615 3992 2730 4041 item
2759 3996 3010 4056 exspectes
3037 3993 3270 4054 προσίδῃς.
3295 3988 3436 4038 Cous.
3469 3991 3608 4036 Leon.
3627 3984 3724 4029 Tar.

2185 4064 2265 4122 IX,
2290 4075 2366 4126 ep.
2394 4067 2498 4123 179,
2518 4069 2563 4112 3.
2589 4084 2614 4107 υ
2635 4063 2855 4112 Meinek.
2877 4077 2923 4126 p.
2944 4069 3023 4114 95.
3041 4067 3144 4110 -3
3171 4063 3391 4123 βάσανον
3413 4057 3555 4115 cod„
3573 4051 3728 4102 eadem

2183 4145 2250 4180 m.
2273 4132 2322 4180 in
2345 4133 2484 4195 βύσσ.
2503 4134 2762 4181 mutatum.
2789 4153 2812 4174 ι
2837 4133 2962 4181 Hinc
2991 4130 3169 4180 Suidas
3199 4151 3211 4178 ε
3239 4131 3475 4193 βύσσινον,
3495 4132 3546 4174 τὸ
3578 4125 3725 4200 βύσσῳ

2187 4204 2490 4266 βεὸαμμὲνον.
2513 4203 2638 4252 Male
2657 4203 2832 4265 βύσσον
2854 4217 2942 4266 pro
2959 4203 3121 4251 colore
3144 4200 3330 4250 babuit.
3359 4202 3422 4248 Et
3444 4217 3456 4246 ι
3481 4197 3590 4258 εἷμα
3604 4211 3615 4222 ·
3637 4196 3726 4249 21²²·

2186 4289 2302 4332 τιον,
2340 4275 2524 4334 ἔνδυμα.
2548 4291 2574 4316 ¹·
2596 4275 2658 4323 B.
2689 4274 2744 4320 In
2772 4273 2868 4322 fine
2893 4272 3002 4322 cod.
3033 4270 3167 4321 Leid.
3197 4273 3516 4328 &vomu—4
3541 4263 3727 4324 θειιφιλὴἑ

2187 4341 2331 4401 eod„
2358 4356 2484 4392 corr.
2509 4345 2709 4392 Kuster.
2732 4345 2820 4392 aut
2847 4342 3109 4392 Bentlcius.
3132 4345 3219 4403 Ap.
3247 4339 3383 4388 Suid.
3405 4339 3580 4400 ὕφαινε.
3601 4352 3626 4373 ι
3645 4335 3724 4379 Pro

2185 4413 2396 4476 Κλεόχας
2431 4415 2491 4461 G.
2527 4411 2808 4462 Dindorfius
2843 4411 2894 4461 in
2925 4411 3072 4461 Thes.
3099 4410 3273 4460 maluit
3313 4409 3522 4467 κλεὸὶα,
3557 4405 3722 4482 pal-¹⁹¹⁵.

2175 4485 2369 4545 opinor,
2395 4495 2568 4532 uomen
2596 4481 2876 4532 desiderans
2897 4503 2909 4530 ι
2931 4495 3018 4545 per
3036 4495 3090 4530 80
3111 4480 3242 4531 0111111
3269 4479 3452 4538 Κλεόχη
3471 4487 3563 4522 11011
3581 4479 3724 4520 minus

2184 4555 2314 4601 recte
2343 4553 2605 4602 τοι-1111111111
2631 4556 2709 4602 est
2729 4565 2878 4615 quam
2913 4554 3131 4614 κλὲοχος.
3161 4572 3186 4594 2·
3215 4545 3436 4599 Meinek.

2246 4687 2488 4735 chxvl.
2525 4684 2817 4748 Hegelocbia
2859 4685 3029 4733 Dianoe
3071 4683 3135 4730 ob
3183 4681 3446 4738 ἐπιφάνειαν
3487 4673 3721 4736 imaginem

2183 4755 2318 4818 pouit
2337 4755 2386 4803 in
2405 4756 2566 4805 trivio.
2590 4755 2732 4817 (Vide
2755 4754 2816 4802 ad
2835 4768 2885 4802 v.
2906 4756 2975 4814 3.)
2999 4773 3022 4794 οι
3042 4753 3115 4800 De
3135 4750 3327 4813 poetica
3347 4748 3496 4811 hujus
3514 4747 3720 4810 epigram·

2183 4827 2329 4876 matis
2366 4827 2550 4877 virtute
2592 4841 2642 4875 v.
2679 4829 2939 4875 Hermann.
2983 4827 3164 4885 opusc.
3196 4824 3236 4877 Ι,
3280 4835 3328 4884 11.
3365 4827 3445 4870 90.
3483 4839 3507 4862 ιι
3541 4819 3644 4867 110.
3667 4835 3720 4847 -·

2189 4902 2209 4947 1
2241 4899 2367 4958 ἀγελ.
2411 4897 2532 4947 Cod.
2559 4921 2624 4934 —-
2649 4902 2676 4946 3
2720 4899 2882 4944 εἴσατο
2923 4897 3226 4943 liei-mannus
3263 4891 3324 4940 ad
3369 4889 3520 4953 orph.
3551 4902 3594 4951 p.
3623 4887 3714 4936 785,

2179 4969 2357 5030 posuit
2371 5004 2387 5025 ,
2408 4970 2466 5016 ut
2491 4979 2568 5029 ep.
2589 4971 2698 5023 268,
2725 4969 2766 5022 t:
2787 4969 2896 5021 271,
2917 4967 2962 5020 1,
2977 4966 3028 5012 et
3051 4960 3178 5010 alibi.
3197 4962 3498 5022 Receperunt
3515 4950 3714 5006 meinekw

530 5031 716 5083 Codex.
745 5035 1017 5086 Ἐκινύκτια
1040 5034 1385 5086 adverbialiter
1424 5035 1715 5100 capiendum
1757 5048 1863 5086 esse
1897 5039 2096 5086 ainnotat
2136 5047 2144 5088 ι
2183 5036 2335 5086 Boisa.
2366 5041 2416 5086 et
2443 5037 2580 5086 Both.
2612 5034 2771 5086 codex
2815 5035 3015 5094 ἕσσατο,
3051 5029 3224 5080 suidas
3261 5031 3462 5091 ἔσσα-ιο,
3497 5032 3717 5090 ezrom-s
