3829 5747
400 189 479 245 ΞΟ
1331 218 1338 224 -
1505 177 1900 240 ANTHOLOG
1909 178 2006 237 1AE
2048 175 2448 235 PALATmAE

369 353 380 360 .
400 333 483 364 συν
496 319 518 364 ·.'
545 328 606 364 an
633 316 866 377 ἁμφίοισιν
881 320 899 351 ³
915 317 1017 362 Hoc
1035 313 1175 363 verti.
1193 344 1252 355 —
1271 317 1316 362 4.
1351 315 1530 360 Forsan
1555 308 1805 372 ἐσπερίοιο.
1825 327 1849 349 ›»
1872 308 1934 355 B.

455 476 594 522 XCV.
625 476 974 536 Argumentum
993 471 1187 521 videtur
1212 485 1273 520 ex
1300 469 1449 518 rebus
1475 464 1736 516 Justiniani
1763 476 1941 512 eruen-

396 543 540 600 dum3
569 545 694 592 cons.
715 557 789 606 ep.
820 548 898 594 91.
916 542 1202 592 Chai-donus
1221 539 1482 601 adscripsit
1503 560 1515 586 :
1537 558 1558 580 «
1583 537 1694 585 Vid.
1713 535 1934 598 inscript.

396 625 472 674 ap.
507 612 802 662 Bandurium
831 616 867 661 t.
889 616 929 672 1,
949 625 996 673 p.
1026 617 1128 661 180.
1155 631 1178 652 n

456 770 615 818 xcvi.
650 788 672 808 e«
702 773 776 816 An
801 769 1053 820 Amantius
1078 769 1156 816 ille
1182 767 1244 816 ‹le
1273 781 1375 829 quo
1401 766 1468 814 ad
1493 767 1639 832 epigr.
1669 771 1736 816 δὲ’
1760 787 1781 808 ιι
1813 768 1857 814 Β
1895 790 1941 798 -

395 844 422 885 2
453 839 707 895 θεουδίησιν
733 837 851 888 cod.

455 987 642 1046 XCVII,
671 988 881 1038 XCVIII.
930 1005 954 1029 α
986 990 1101 1036 Erat
1141 990 1263 1035 tunc
1289 985 1572 1036 Theodorus
1603 985 1802 1034 tertium
1829 995 1941 1031 con-

393 1057 498 1116 sul,
527 1059 579 1105 τὸ
611 1057 760 1118 τρίτον
801 1058 922 1119 ἔχων
953 1058 1190 1115 ὓπατηΐδα
1213 1058 1377 1119 τιμήν,
1395 1069 1453 1105 ae
1473 1054 1779 1105 Justinianus
1803 1065 1939 1102 sum-

392 1139 506 1175 mus
531 1127 836 1176 exercituum
855 1127 957 1177 dux
973 1166 985 1188 ,
1003 1135 1218 1190 στρατιῆς
1247 1129 1437 1189 ἠγήτωρ
1461 1128 1611 1182 πάσης
1626 1163 1640 1186 ,
1661 1124 1941 1186 μεγασθενὴς

392 1197 714 1260 στρατιάρχης.
735 1199 852 1246 Haec
873 1198 964 1246 suit
977 1235 989 1258 ,
1010 1200 1238 1260 regnante
1251 1197 1471 1255 Justino,
1499 1193 1758 1244 Justiniani
1776 1195 1942 1242 00350-

391 1267 459 1316 ris
484 1267 706 1330 dignitas.
737 1270 946 1316 Zonaras
981 1270 1103 1327 XIV,
1151 1275 1198 1326 5,
1244 1281 1290 1329 p.
1338 1272 1400 1316 59
1434 1287 1446 1314 ι
1493 1265 1804 1327 στρατηλάτης
1845 1268 1939 1310 τῶν

393 1337 748 1398 στρατευμάτων
783 1339 810 1385 ὁ
829 1338 1148 1390 Ἰουστινιανὸς
1185 1336 1553 1398 προκεχείριστο.
1590 1334 1939 1384 Constantinus

391 1407 568 1469 Porph.
590 1407 758 1456 Them.
790 1411 840 1468 Ι,
880 1413 960 1466 12,
989 1420 1036 1468 p.
1065 1411 1174 1456 1441
1211 1427 1223 1455 ι
1253 1404 1943 1466 Ἰουστινιανὸς...μονοστράτη·

392 1493 471 1537 γος
505 1485 598 1525 τῶν
633 1481 908 1537 Ῥωμαϊκῶν
957 1477 1203 1538 ταγμάτων
1220 1512 1236 1537 ,
1275 1479 1460 1537 Καῖσαρ
1491 1477 1587 1532 ὢν,
1635 1475 1935 1538 ἐχρημάτισε.

393 1549 503 1595 Jam
527 1560 684 1609 quum
710 1547 774 1597 sit
801 1547 849 1594 in
877 1546 1035 1595 Fastis
1060 1545 1124 1594 ad
1167 1560 1211 1594 a.
1244 1553 1334 1596 525
1361 1545 1530 1596 consul
1557 1545 1627 1595 Fl.
1657 1543 1943 1594 Theodorus

394 1615 714 1676 Philoxenus,
733 1619 928 1679 tempus
953 1615 1211 1666 delinitum
1236 1619 1370 1678 puto.
1398 1618 1472 1664 De
1497 1615 1606 1663 loco
1631 1615 1805 1676 Μελίτῃ
1823 1612 1942 1662 1111111

393 1699 523 1734 nunc
564 1685 776 1735 memini.
815 1685 988 1735 Fuisse
1028 1689 1149 1748 puto
1183 1686 1310 1735 intra
1334 1684 1548 1746 Byzantii
1575 1697 1742 1734 muros
1773 1683 1850 1732 vel
1893 1683 1943 1730 in

395 1754 641 1804 suburbiis
653 1793 665 1816 ,
685 1757 882 1817 propter
898 1755 1048 1804 verba
1061 1756 1192 1803 πόλιν
1211 1755 1341 1819 ἄρας.
1371 1775 1394 1797 u
1417 1758 1477 1803 B.

459 1906 618 1954 XCIX.
651 1907 849 1952 Lemma
869 1903 916 1952 in
943 1904 1158 1966 margine
1183 1904 1229 1951 ἐν
1247 1909 1315 1964 τῷ
1333 1904 1527 1964 στῦλῳ
1544 1907 1627 1952 τοῦ
1644 1905 1724 1952 ὁσ.
1745 1907 1802 1952 Δ.
1827 1922 1850 1945 «ι
1871 1905 1945 1951 De

393 1975 441 2021 S.
471 1972 668 2022 Daniele
695 1973 866 2035 stylita
894 1986 942 2020 v.
990 1972 1129 2022 Fabr.
1159 1972 1280 2022 Bibl.
1325 1975 1406 2021 Gr.
1452 1975 1489 2021 t.
1531 1973 1587 2033 X,
1619 1985 1667 2034 p.
1715 1976 1821 2022 217.
1859 1974 1946 2021 Est

395 2043 620 2098 ἀνάπλους
657 2043 847 2104 proprie
873 2043 1072 2105 Bospori
1104 2044 1244 2092 littus
1275 2045 1597 2105 Europaeum3
1631 2056 1678 2091 v.
1726 2044 1942 2104 Ducang.

394 2114 488 2162 οΡ.
512 2113 624 2161 Chr.
647 2116 730 2172 lv,
745 2126 792 2175 p.
828 2117 932 2173 187,
962 2113 1086 2176 §32
1119 2113 1336 2163 Codinus
1359 2126 1408 2176 p.
1451 2119 1508 2162 58
1540 2133 1552 2160 ι
1591 2115 1694 2162 τότε
1725 2113 1774 2162 δὲ
1820 2113 1947 2174 (sub

394 2185 553 2232 Leone
578 2182 790 2240 Macela)
823 2186 902 2232 καὶ
931 2185 957 2232 ὁ
979 2186 1106 2238 ὅσιος
1137 2185 1312 2241 Δανιὴλ
1333 2183 1382 2232 ἐν
1404 2186 1472 2240 τῷ
1505 2182 1710 2242 Ἂνάπλῳ
1741 2182 1826 2242 ἦν·
1861 2180 1947 2232 ubi

395 2253 560 2302 Lamb.
581 2273 604 2294 n
635 2255 688 2301 Β.
731 2252 836 2300 Alia
874 2256 977 2300 Jac.
1019 2267 1064 2315 p.
1102 2259 1172 2303 19.
1202 2280 1264 2288 -
1295 2258 1342 2301 3.
1371 2256 1427 2302 111
1463 2250 1580 2300 Cod.
1611 2256 1660 2300 et
1687 2252 1736 2300 in
1771 2263 1935 2312 apogr.

395 2324 542 2372 unius
565 2335 740 2371 versus
767 2323 956 2371 lacuna.
987 2348 1048 2357 —-
1089 2325 1120 2371 4
1146 2323 1370 2384 διχθαδίῳ
1396 2320 1538 2380 Cod.,
1570 2320 1704 2383 quod
1729 2319 1940 2369 correxit

399 2394 555 2442 Boiss.
591 2413 603 2440 ι
640 2411 664 2435 α
701 2395 804 2441 Non
835 2393 885 2440 in
916 2391 1098 2454 duplici
1141 2392 1366 2440 columna
1393 2391 1574 2453 pedum
1598 2393 1776 2454 plantis
1806 2391 1948 2454 quasi

395 2463 632 2513 radicitus
666 2461 1094 2511 inhaerescentibus
1130 2461 1290 2510 stabat
1325 2462 1563 2510 fanaticus
1592 2461 1763 2519 heros,
1785 2457 1872 2509 sed
1897 2460 1947 2507 in

395 2545 493 2580 nna
519 2532 744 2580 columna
767 2530 893 2580 binis
910 2531 1088 2593 pedum
1117 2531 1308 2592 plantis.
1335 2552 1357 2573 ιι
1379 2559 1437 2574 --
1457 2539 1501 2579 5.
1523 2530 1785 2579 Dicebatur
1801 2529 1945 2578 etiam

395 2606 424 2658 ἡ
450 2601 606 2664 λιμός,
626 2601 689 2650 (10
718 2615 818 2663 quo
849 2601 1004 2650 multa
1021 2601 1070 2648 iu
1095 2601 1237 2650 Thes

457 2758 511 2805 0.
547 2776 571 2799 α
598 2757 890 2815 SalmasiuS,
931 2756 1069 2818 praes.
1117 2755 1180 2804 ad
1215 2755 1374 2804 Nilum
1401 2755 1619 2804 Thessal.
1659 2767 1706 2816 p.
1745 2760 1824 2813 12,
1853 2751 1947 2801 1100

395 2828 686 2891 epigramma
713 2830 843 2876 recte
887 2829 1034 2876 refert
1074 2826 1137 2875 ad
1171 2827 1331 2875 Nilum
1367 2825 1704 2889 epolitmium,
1744 2823 1807 2873 de
1845 2836 1946 2887 quo

395 2900 537 2961 plura
571 2897 710 2946 Fabr.
733 2897 853 2947 Bibl.
891 2900 971 2945 Gr.
1005 2900 1042 2946 t.
1073 2898 1129 2955 X,
1167 2910 1212 2958 p.
1245 2902 1292 2955 3,
1325 2900 1375 2945 et
1400 2897 1612 2946 Morcell.
1643 2897 1706 2945 ad
1738 2896 1939 2946 Kalend.

394 2971 432 3017 t.
461 2970 534 3028 11,
566 2980 615 3030 p.
646 2975 722 3017 20.
747 2971 870 3015 Ante
895 2966 987 3015 Nili
1020 2979 1166 3027 opera
1198 2966 1429 3015 Possinus
1459 2966 1611 3015 edidit
1635 2966 1947 3028 eMenologio

396 3050 567 3088 versus
591 3051 688 3087 nou
713 3035 855 3085 valde
879 3036 1136 3086 dissimiles
1167 3056 1177 3082 :

524 3181 757 3240 Αἴγυπτον
777 3179 902 3239 ἄρδει
934 3180 1117 3235 Νεῖλος,
1141 3177 1256 3225 ἀλλὰ
1272 3178 1350 3225 καὶ
1367 3178 1514 3225 κτίσιν

519 3251 645 3311 λόγῳ
663 3248 876 3309 κατάρδει
895 3284 909 3307 ,
928 3248 1005 3295 καὶ
1025 3248 1193 3306 θανὼν,
1213 3248 1372 3301 Νεῖλος
1391 3248 1548 3307 μέγας.
1573 3266 1596 3287 ι»
1624 3247 1678 3293 B.

451 3396 538 3443 cl.
575 3390 838 3441 Menander
875 3392 1126 3439 Protector
1151 3390 1246 3440 snb
1273 3393 1506 3441 Mauricio
1531 3392 1816 3455 imperatore
1857 3394 1947 3443 110-

397 3462 512 3513 ruit.
537 3482 561 3505 κ
582 3465 753 3511 Exstat
769 3461 864 3511 hoc
889 3461 1182 3523 epigramma
1197 3462 1324 3510 iuter
1348 3460 1598 3511 Menandri
1623 3462 1947 3511 Historiarum

399 3534 664 3597 fragmenta
688 3547 736 3595 p.
768 3536 877 3591 432,
907 3544 949 3580 0.
980 3536 1059 3590 24,
1092 3545 1206 3581 cum
1227 3532 1420 3594 proeviis
1439 3532 1572 3580 hisce
1599 3533 1795 3582 verbis:
1828 3534 1898 3581 ὅτι
1922 3537 1949 3582 ὁ

398 3603 630 3666 ἱστορικός
649 3620 760 3664 φησι
775 3602 1033 3661 Μένανδρος
1051 3602 1153 3663 περὶ
1175 3601 1436 3657 Ἰσαοζίτου
1467 3601 1574 3662 (sic)
1590 3607 1674 3650 τοῦ
1692 3604 1738 3650 ἐν
1760 3604 1948 3654 Περσίδι

397 3673 757 3736 σταυρωθέντος,
786 3670 1046 3733 τραγῳδίαν
1073 3672 1258 3731 Θὲμενος
1285 3672 1366 3718 καὶ
1394 3672 1473 3718 τὸν
1507 3671 1648 3732 ἄνδρα
1679 3682 1802 3721 {noti
1835 3690 1951 3729 αγα-

397 3746 520 3797 cesi:
535 3756 546 3769 ·
577 3762 600 3785 u
623 3742 704 3791 Ἐν
726 3747 794 3802 νῷ
817 3740 1048 3802 ἐὸαλόμην
1069 3744 1134 3796 ὡς
1154 3744 1233 3789 καὶ
1253 3742 1378 3797 ἀξιον
1389 3747 1458 3802 τῷ
1474 3746 1556 3790 τοῦ
1575 3744 1679 3791 θεοῦ
1698 3744 1949 3804 θεραπευτῇ

397 3817 467 3874 τῷ
487 3812 704 3874 βαρὸοίρῳ
741 3812 788 3860 ἐν
813 3812 1045 3872 ἑξαμέτρῳ
1076 3811 1344 3879 ἐπίγραμμα
1374 3812 1497 3867 λέξαι
1517 3829 1530 3840 ·
1563 3816 1642 3861 καὶ
1668 3813 1724 3869 δὴ
1743 3814 1950 3861 λέλεκταί

399 3899 480 3943 μοι
495 3882 768 3953 ἐπίγραμμα
790 3882 920 3929 τόδε·
939 3880 1417 3938 ’11ν...Ἰσαοζτ’της...
1445 3902 1466 3923 υ
1496 3883 1546 3929 Β.

457 4035 560 4083 CII.
585 4031 863 4081 simillimos
885 4043 1059 4079 versus
1086 4030 1302 4093 Gregorii
1331 4032 1444 4078 Naz.
1476 4034 1514 4079 t.
1550 4034 1625 4089 11,
1647 4045 1693 4093 p.
1735 4040 1850 4091 252,
1883 4035 1946 4093 B,

397 4103 514 4151 citat
542 4100 732 4151 Jacobs.

455 4252 580 4299 cm.
601 4275 662 4286 -—-
685 4254 725 4297 1.
751 4268 774 4290 «ι
798 4252 970 4309 Μῶμος
988 4260 1120 4310 soepe
1146 4247 1205 4296 de
1223 4247 1429 4297 diabolo.
1466 4268 1488 4289 a·
1517 4250 1628 4297 Jac.
1655 4268 1677 4290 ει
1698 4252 1952 4311 ignoratur

395 4322 734 4382 argumentum
760 4317 968 4367 distichi.
989 4320 1168 4380 Μῶμος
1203 4318 1245 4365 si
1272 4317 1336 4366 sit
1367 4316 1589 4365 diabolus
1604 4356 1616 4375 ,
1647 4319 1771 4374 οἶκος
1803 4319 1951 4368 suerit

395 4390 595 4439 ecclesia
611 4402 762 4451 quam
774 4389 953 4451 impius
967 4388 1168 4450 quidam
1185 4386 1332 4436 homo
1351 4388 1507 4437 voluit
1531 4387 1803 4437 incendere.
1831 4408 1854 4430 υ
1884 4392 1945 4438 B.

457 4538 578 4585 clv.
612 4554 636 4577 κ
665 4535 992 4585 Referendum
1009 4534 1202 4585 videtur
1227 4534 1292 4583 ad
1319 4534 1550 4584 Acacium
1569 4536 1947 4596 Melitenensem,

396 4606 458 4657 de
502 4620 602 4669 quo
639 4609 856 4669 Ducang.
889 4608 984 4654 ΟΡ.
1012 4605 1130 4655 Chr.
1159 4608 1244 4665 IV,
1271 4618 1320 4667 p.
1356 4610 1468 4665 1183
1497 4606 1635 4654 Fabr.
1664 4606 1784 4655 Bibl.
1819 4609 1856 4655 t.
1891 4610 1948 4665 X,

395 4691 443 4739 p.
481 4681 595 4737 ¹873
621 4676 835 4726 Marcell.
865 4675 929 4725 ad
958 4673 1162 4725 Kalend.
1200 4678 1237 4723 t.
1269 4679 1308 4733 Ι,
1345 4688 1394 4737 p.
1434 4679 1536 4725 148.
1574 4678 1644 4724 De
1685 4674 1951 4724 Alexandro

395 4746 576 4797 haereo.
606 4771 668 4781 —
708 4752 752 4795 2.
796 4744 988 4807 Reliqui
1026 4743 1221 4793 Codicis
1259 4744 1551 4805 scripturam
1588 4744 1756 4806 τάπερ,
1795 4756 1949 4805 quum

397 4830 528 4879 saepe
568 4816 858 4865 recentiores
884 4820 1028 4863 κεῖται
1055 4818 1156 4876 'pro
1195 4811 1412 4861 trochaeo
1447 4810 1732 4871 habuerint,
1761 4812 1951 4873 decepti

397 4885 792 4949 pronunciatione
810 4890 959 4940 κεῖτο..
975 4882 1096 4932 adeo
1111 4885 1167 4931 ut
1194 4892 1324 4943 saepe
1343 4882 1490 4930 ctiam
1504 4887 1624 4930 κεῖτε
1643 4882 1690 4930 111
1708 4881 1950 4945 lapidibus

397 4955 679 5017 reperiatur.
710 4954 846 5003 Adde
871 4951 1080 5002 notanda
1107 4950 1170 4999 ad
1197 4954 1296 5010 XV,
1317 4962 1392 5012 ep.
1425 4954 1500 4999 31.
1529 4970 1551 4990 »ι
1581 4952 1630 5001 B.

2091 305 2190 352 CV.
2220 304 2275 352 In
2300 302 2453 352 altero
2476 301 2701 352 lemmate
2719 308 2977 362 ...γυναῖκα
2998 302 3250 352 Θεοδοσίου
3272 313 3357 351 του
3382 285 3579 364 μικροῦ,

2030 375 2061 423 1.
2091 387 2134 423 e.
2158 377 2241 422 τοῦ
2263 374 2367 422 νέου
2382 407 2395 429 ,
2417 373 2473 421 111
2498 371 2630 434 apud
2646 372 2765 421 alios
2782 371 3179 436 appellatur.—3.
3201 373 3331 428 Ἑνὸς
3344 410 3357 433 ,
3378 371 3579 422 Christi.

2029 469 2089 478 —
2107 447 2151 492 7.
2183 441 2276 493 Ἦν
2298 445 2362 498 ὡς
2382 441 2458 503 ἦν,
2478 440 2541 490 ad
2568 453 2706 490 suam
2720 480 2731 502 ,
2751 442 2782 490 i.
2804 454 2848 490 e.
2870 440 3082 490 divinam
3097 478 3109 500 ,
3132 443 3363 492 ‘naturam
3386 441 3546 512 rediit.

2092 615 2213 660 CVI.
2244 613 2472 674 Sequitur
2496 613 2543 660 in
2569 613 2792 662 lemmate
2816 634 2826 660 :
2854 617 2935 660 τοῦ
2955 613 3155 674 μεγάλου
3173 614 3399 662 nazario-u
3420 615 3586 673 κύκλῳ

2028 687 2107 738 τῆς
2140 683 2319 743 ὀροφῆς.
2347 683 2471 738 Quae
2511 681 2575 730 ad
2608 695 2805 730 versum
2838 689 2889 731 12
2916 683 3178 744 pertineret
3204 686 3347 744 putat
3382 683 3582 732 Jacobs.

2033 771 2055 793 κ
2086 751 2498 813 Constantinopoli
2522 752 2570 799 in
2596 765 2771 814 magno
2794 753 2973 815 palatio
2997 752 3259 802 triclinium
3297 753 3324 800 1·
3322 753 3418 813 uit,
3437 765 3589 817 pecul·

2027 816 2210 871 liariter
2247 822 2437 872 dictum
2463 823 2847 883 χρυσοτρίκλινον,
2872 822 2934 871 (10
2973 836 3073 885 quo
3100 824 3209 872 fuse
3234 823 3335 885 agit
3360 825 3583 885 Ducang,

2030 894 2122 940 Ci’.
2154 891 2269 941 Chr.
2301 894 2375 952 11,
2396 904 2443 954 p.
2466 895 2569 952 117,
2591 891 2619 954 §
2646 897 2692 941 3.
2723 894 2796 940 De
2822 892 2904 940 illo
2930 893 3155 955 nuncagi
3178 896 3313 955 patet
3330 896 3381 943 et
3398 894 3590 943 exlem·

2029 965 2177 1023 mate,
2204 963 2295 1012 etsi
2321 975 2495 1011 nomen
2522 965 2783 1025 Μαζαρινοῦ
2806 976 2902 1011 11011
2920 960 3127 1012 habeam
3160 962 3289 1012 unde
3314 963 3555 1014 illustrem
3570 1001 3586 1025 ,

2030 1035 2079 1081 et
2105 1046 2160 1081 ex
2186 1044 2236 1080 v.
2272 1037 2342 1082 15.
2366 1034 2531 1088 Quum
2559 1032 2733 1082 suisset
2758 1033 2819 1082 ab
2844 1033 3133 1095 imperatore
3150 1032 3385 1083 Michaele
3402 1035 3589 1084 instau-

2028 1105 2187 1152 ratum
2201 1140 2213 1162 ,
2241 1102 2543 1152 occasionem
2567 1115 2800 1152 versuum
2818 1102 3202 1152 adulatoriorum
3219 1103 3331 1153 inde
3350 1111 3589 1168 ceperunt

2028 1172 2259 1236 poetastri
2284 1172 2443 1221 aulici.
2474 1171 2569 1221 Sed
2594 1173 2705 1234 quis
2730 1177 2779 1222 et
2802 1177 2983 1236 quotus
3009 1173 3338 1224 Michaelum?
3375 1175 3587 1224 Michael

2029 1247 2125 1302 111,
2153 1242 2406 1305 Theophili
2448 1242 2593 1293 filius.
2636 1243 2925 1293 scholiastes
2962 1244 3089 1293 enim
3116 1259 3144 1294 e
3170 1247 3362 1308 regione
3388 1261 3437 1296 ν.
3480 1254 3536 1297 12
3573 1269 3585 1296 :

2028 1316 2288 1376 ἐγράφησαν
2308 1315 2423 1373 μετὰ
2442 1316 2525 1372 τήν
2544 1315 2803 1378 ὁρθοδοξίαν
2822 1315 2897 1364 ἐπὶ
2922 1317 3113 1378 Μιχαὴλ
3130 1316 3461 1380 αὐτοκράτορος
3480 1321 3589 1366 υἱοῦ

2030 1383 2270 1444 Θεοφίλου.
2291 1385 2386 1442 Τὴν
2410 1384 2667 1445 ὀρθοὸοξίαν
2689 1384 2899 1446 intelligo
2926 1385 3154 1434 abolitam
3178 1385 3587 1436 iconoclastarum

2028 1452 2253 1503 baeresim
2288 1456 2338 1503 et
2372 1454 2634 1516 imaginum
2653 1456 3023 1506 restitutionem.
3054 1457 3265 1519 Fuitque
3290 1455 3403 1506 inde
3427 1458 3588 1520 prima

2028 1523 2397 1586 quadragesima
2432 1524 2671 1574 dominica
2714 1525 2948 1586 ὀρθοδοξία
2981 1529 3153 1576 vocata
3206 1547 3217 1574 :
3259 1539 3308 1575 ν.
3364 1528 3584 1590 Ducang.

2032 1596 2187 1644 Gloss.
2228 1622 2288 1632 —
2322 1602 2367 1644 2.
2402 1596 2693 1658 Ψευδηγόροι
2724 1599 2843 1646 sunt
2879 1596 3202 1646 iconoclastae.
3228 1625 3289 1638 --
3315 1603 3345 1646 3
3372 1598 3589 1647 εὐσεὸεία

2031 1666 2149 1716 cod.
2180 1669 2231 1715 et
2256 1679 2418 1728 apogr.
2442 1691 2500 1701 —
2519 1675 2565 1726 5,
2598 1673 2644 1717 9.
2673 1670 2731 1716 In
2770 1666 3166 1729 Chrysotrirlinio
3194 1666 3284 1717 has
3321 1667 3505 1717 Christi
3538 1672 3591 1717 et

2030 1739 2193 1788 Marias
2210 1736 2408 1800 virginis
2430 1737 2662 1800 imagines
2678 1739 2777 1786 Leo
2794 1737 2993 1799 Sapiens
3014 1738 3333 1787 constantino
3352 1741 3589 1787 monstra-

2032 1807 2115 1856 bat
2137 1827 2147 1856 :
2169 1809 2217 1855 ἐν
2247 1811 2315 1867 τῷ
2344 1810 2519 1868 μέλλειν
2550 1808 2827 1869 (cedrenus
2854 1808 2921 1856 ait
2944 1821 2992 1870 p.
3023 1809 3143 1868 004)
3174 1809 3268 1857 ἀπὸ
3296 1815 3382 1857 τοῦ
3410 1812 3590 1874 Χρυσο·

2030 1878 2255 1938 τρικλίνου
2287 1879 2449 1933 ἐξιέναι
2481 1879 2560 1926 τὸν
2594 1881 3018 1939 Κωνσταντῖνον,...
3044 1879 3332 1941 ὑποστρέψαι
3367 1883 3589 1934 κελεύσας

2032 1948 2185 2007 αὐτὸν,
2200 1947 2462 2003 ἐνατενίσας
2472 1950 2583 2009 πρὸς
2600 1949 2681 2004 τὰς
2694 1949 3013 2007 ἐστηλωμένας
3025 1947 3200 1996 ἄνωθεν
3214 1953 3294 2006 τῆς
3308 1949 3453 2006 πύλης
3468 1951 3591 1998 εἰκό-

2032 2034 2111 2073 νας
2124 2022 2207 2065 τοῦ
2219 2019 2423 2079 Χριστοῦ
2442 2021 2617 2078 καὶτῆς
2632 2021 2941 2080 θεομὴτορος,
2954 2021 2980 2067 ὁ
2994 2020 3335 2080 βασιλεὺς...-
3352 2024 3425 2068 10.
3442 2021 3591 2080 Πρόε·

2033 2090 2133 2152 epo:
2148 2088 2259 2150 quis
2274 2089 2577 2150 peculiariter
2604 2103 2732 2138 nunc
2750 2090 2814 2139 sit
2832 2103 2926 2138 non
2954 2089 3099 2138 facile
3111 2089 3288 2138 dicam.
3308 2091 3486 2138 Forsan
3506 2103 3593 2152 pa·

2034 2157 2244 2207 triarcba
2269 2160 2825 2222 constantinopolitanus
2842 2159 3119 2208 Methodius
3135 2199 3145 2217 ,
3164 2161 3243 2209 vel
3275 2161 3591 2212 'theoctistus

2035 2228 2294 2289 Patricius,
2324 2229 2401 2277 ille
2425 2229 2605 2291 potius.
2630 2255 2692 2267 —
2724 2237 2794 2279 12.
2812 2228 3039 2278 Scholion
3062 2227 3215 2278 habes
3242 2245 3407 2293 supra.
3429 2239 3585 2281 —-.13.

2034 2298 2149 2354 Νὸες
2193 2301 2309 2348 sunt
2352 2298 2541 2361 Augen,
2571 2312 2617 2347 v,
2646 2299 2749 2348 Jac.
2780 2313 2827 2362 p.
2868 2307 2945 2360 20,
2978 2299 3271 2349 Holobolum
3316 2303 3365 2350 in
3401 2302 3587 2352 Anecd.

2036 2369 2155 2417 meis
2179 2371 2211 2417 t.
2234 2383 2283 2426 ν,
2320 2382 2368 2430 p.
2409 2373 2639 2428 168,169,
2678 2374 2779 2428 181,
2817 2372 2917 2418 not.
2952 2368 3015 2418 ad
3046 2370 3215 2418 Maria.
3247 2383 3294 2433 p.
3318 2375 3395 2421 94.
3424 2379 3587 2421 -1.’).

2034 2435 2194 2486 Schol.
2230 2459 2242 2486 :
2272 2439 2357 2494 ἕως
2386 2439 2475 2486 ὧδε
2493 2443 2572 2495 τῆ;
2592 2439 2980 2500 χρυσοτρικλίνου.
3013 2439 3101 2487 Vel
3128 2445 3211 2488 τοῦ
3245 2441 3557 2490 scribendum
3576 2481 3590 2502 ,

2034 2508 2111 2556 vel
2135 2508 2341 2569 καμάρας
2367 2511 2441 2556 est
2472 2507 2803 2558 subauditum.
2840 2529 2863 2552 ιι
2900 2513 2960 2558 Β.
2981 2535 3043 2544 -
3070 2514 3143 2558 1ο.
3174 2513 3365 2574 χριστὸν
3405 2512 3591 2569 Codex,

2035 2590 2157 2625 corr.
2188 2580 2293 2625 Jac..

2097 2742 2241 2791 CVII.
2260 2745 2362 2789 —4
2380 2743 2527 2804 γραφῂ
2560 2740 2677 2790 eod.
2702 2761 2727 2784 «
2752 2744 2845 2791 Τὸν
2882 2743 3127 2800 δεσπότην,
3156 2745 3417 2794 Dominum
3444 2745 3590 2794 chri-

2034 2811 2193 2866 stum,
2234 2807 2376 2869 cujus
2412 2809 2669 2872 imaginem
2712 2812 2991 2862 restituerat
3026 2813 3229 2863 Michael
3245 2853 3257 2875 ,
3304 2815 3498 2879 imagini
3533 2822 3595 2877 τῇ

2035 2880 2136 2941 πρὶν
2160 2880 2365 2929 similem
2378 2917 2390 2938 ,
2410 2894 2560 2943 quam
2584 2882 2893 2933 iconoclastae
2913 2884 3235 2934 aboleverant.
3262 2906 3285 2928 ι»
3310 2886 3363 2935 Β.

2095 3042 2263 3091 cvm.
2282 3068 2341 3078 -—
2358 3049 2404 3091 2.
2430 3061 2451 3084 e<
2470 3044 2809 3093 commentum
2833 3044 2954 3094 illud
2980 3044 3041 3094 de
3069 3047 3261 3095 nomine
3280 3048 3421 3106 Ἀδάμ
3444 3050 3597 3097 tetra-

1967 3103 1969 3105 ’
2034 3123 2277 3173 gramma,
2298 3111 2428 3173 quod
2447 3116 2609 3161 tamen
2634 3111 2855 3162 hebraice
2872 3117 2973 3162 tres
2998 3117 3190 3163 tantum
3220 3115 3367 3166 habet
3393 3117 3563 3167 literas
3578 3156 3592 3176 ,

2034 3180 2221 3229 erudite
2246 3182 2472 3230 tractavit
2496 3182 2661 3231 Diller.
2682 3182 2935 3245 Farragine
2954 3182 3137 3232 rituum
3163 3197 3411 3234 sacrorum
3439 3189 3490 3234 et
3522 3199 3598 3234 se—

2036 3252 2185 3300 cular.
2216 3256 2302 3309 ῙῙῘ,
2324 3266 2364 3300 c.
2393 3256 2463 3301 19.
2488 3272 2512 3294 ‘›
2536 3254 2597 3300 B.

2097 3417 2213 3465 CIX.
2244 3417 2440 3463 Lemma
2466 3414 2599 3463 aliud
2618 3414 2667 3463 in
2694 3415 2907 3478 margine
2941 3436 2953 3464 :
2989 3418 3035 3464 ἐν
3070 3422 3138 3477 τῷ
3167 3422 3269 3477 ναῷ
3299 3424 3379 3475 τῆς
3419 3426 3595 3479 πηγῆς.

2040 3505 2063 3528 et
2084 3488 2156 3535 De
2168 3486 2221 3535 Β.
2243 3486 2408 3534 Mariae
2422 3484 2528 3534 aede
2553 3484 2627 3533 Ad
2646 3485 2827 3535 fontem
2845 3488 3060 3549 Ducang.
3080 3488 3173 3534 CP.
3193 3485 3307 3535 Chr.
3329 3491 3392 3542 Π.
3408 3500 3458 3550 p.
3486 3495 3597 3547 183,

2037 3556 2067 3617 §
2098 3560 2169 3603 13.
2200 3581 2260 3590 —
2288 3560 2331 3602 2.
2362 3553 2609 3603 Edebatur
2634 3568 2691 3602 ex
2731 3555 2850 3604 Cod.
2898 3557 3367 3605 Κωνσταντινωλὲων.
3413 3561 3597 3621 Apogr.

2038 3625 2364 3673 κωνσταντὶνω
2382 3626 2515 3673 λέων.
2540 3625 2711 3686 Agitur
2734 3624 2796 3674 de
2821 3624 2977 3673 tribus
3002 3626 3377 3688 imperatoribus
3392 3664 3405 3685 ,
3423 3630 3600 3691 templi

1990 3690 2000 3731 Ι
2038 3693 2453 3743 instauratoribus.
2485 3695 2571 3742 Est
2596 3710 2645 3742 τε
2670 3708 2756 3756 pro
2782 3696 2879 3742 καί.
2906 3695 2983 3743 810
3008 3708 3139 3757 saepe
3166 3696 3499 3747 balbutiebant
3519 3712 3602 3747 eo-

2038 3778 2148 3813 rum
2187 3768 2461 3826 temporum
2504 3764 2750 3825 poetastri.
2796 3763 3139 3825 Euphraemius
3178 3764 3356 3814 chron.
3396 3771 3545 3817 10134
3583 3789 3597 3815 ι

2036 3834 2243 3897 Ἡσυχία
2285 3850 2336 3881 τε
2379 3832 2527 3894 γωνίᾳ
2574 3834 2743 3893 μᾶλλον
2772 3834 2977 3895 πρέπων,
3006 3847 3095 3896 pro
3131 3836 3211 3883 καὶ
3250 3836 3417 3899 γωνίᾳ.
3446 3839 3596 3886 conf.

2038 3904 2191 3968 ejusd.
2223 3917 2304 3951 vv.
2336 3906 2474 3963 2756,
2500 3906 2638 3963 2837,
2661 3906 2798 3962 2975,
2819 3905 2912 3952 010.
2937 3922 2960 3945 »
2981 3905 3043 3952 B.

2100 4076 2193 4122 CX.
2226 4092 2250 4115 ec
2280 4075 2367 4122 Est
2390 4073 2602 4133 τροῦλλος
2636 4069 2864 4133 (antiquis
2887 4070 3035 4126 οόλος)
3062 4069 3197 4132 quod
3222 4084 3313 4119 nos
3347 4074 3603 4133 eupolum

2040 4154 2272 4193 vocamus
2285 4156 2389 4259 ;Bv.
2422 4143 2637 4203 Ducang.
2684 4140 2839 4189 Gloss.
2884 4143 2935 4188 et
2969 4142 3153 4189 Coraen
3194 4140 3425 4190 Ἀτάκτων
3470 4144 3510 4193 1.
3555 4148 3600 4199 Ι,

2036 4228 2085 4276 p.
2116 4219 2221 4262 251.
2248 4233 2271 4255 ³»
2344 4250 2353 4259 .

2100 4354 2437 4405 CX1.«Fuisset
2463 4353 2637 4402 melius
2664 4355 2727 4409 εἰς
2743 4356 2826 4411 τὴν
2850 4354 3120 4412 ἀνάστασιν,
3141 4354 3275 4415 quod
3298 4354 3481 4405 lemma
3502 4357 3601 4407 sert

2038 4426 2100 4475 de
2124 4424 2295 4477 eodem
2320 4426 2602 4486 argumento
2626 4423 2917 4485 epigramma
2942 4432 3016 4473 50.
3052 4444 3075 4466 »ι
3104 4426 3156 4472 B.

2100 4591 2241 4639 cxn.
2264 4594 2381 4635 -2.
2410 4588 2586 4648 Legem
2619 4589 2831 4635 veterem
2874 4588 2924 4634 et
2962 4598 3135 4635 novam
3176 4589 3346 4635 Patres
3385 4585 3600 4649 figurate

2037 4662 2213 4709 vocant
2238 4659 2373 4707 σκιὰν
2402 4660 2451 4705 01
2476 4662 2585 4718 φῶς,

2100 4806 2263 4853 cxln.
2292 4807 2466 4865 Apogr.
2496 4804 2602 4850 Par.
2632 4800 2917 4857 ὓπαπάντην.
2944 4799 3083 4847 Cous.
3110 4812 3189 4862 ep.
3218 4804 3295 4849 40.
3324 4826 3385 4836 -
3408 4806 3454 4849 2.
3476 4800 3600 4861 Πρε-

2038 4876 2211 4924 σὸύτου
2227 4910 2242 4934 ,
2268 4872 2530 4934 symeonis
2550 4899 2607 4907 -
2622 4876 2665 4920 3.
2688 4875 2742 4920 111
2766 4870 2925 4933 Epigr.
2957 4868 3059 4927 rit„
3074 4871 3208 4937 ¹Puer
3224 4868 3368 4931 Ἀδὰμ
3381 4869 3579 4935 προγενέ

2040 4960 2193 5009 στερος
2218 4945 2298 4992 ὧν.
