3829 5747
490 152 595 209 460
1591 146 2095 207 ANTHOLOGIAE
2139 147 2286 208 PAL
2294 148 2539 209 ATINAE

478 282 552 329 ἐπὶ
572 283 695 339 ξένης
726 282 1078 339 τελευτήσαντα.
1107 283 1164 330 In
1196 280 1328 330 Plan.
1363 281 1546 338 ἄδηλον.
1577 308 1638 321 -
1670 284 1710 329 i.
1755 298 1779 323 «ι
1811 278 1957 336 Quod
1986 278 2030 328 is
2127 280 2349 330 floruisse
2366 278 2521 331 videri
2551 282 2729 345 potest.
2760 281 3035 334 Secundum
3058 282 3192 334 hunc
3216 283 3588 347 imperatorem
3614 286 3705 335 ita-

476 350 563 413 qui
590 350 806 413 loquitur
831 354 1010 401 terram
1053 364 1140 414 pro
1167 356 1324 401 matre
1351 351 1594 415 agnoscit,
1625 350 1870 401 hominem
1894 352 2035 415 signi·
2120 365 2236 413 que,
2265 353 2351 415 qui
2376 351 2596 402 Ciceroni
2628 354 2861 402 Catonem
2880 390 2893 413 ,
2922 355 3131 404 Ennium
3167 355 3359 419 Virgilio
3388 354 3711 417 praeferebat

477 420 594 470 tii-at
619 421 798 470 nullius
815 422 1030 483 generis.
1059 425 1213 471 ter-rw
1243 419 1434 486 filium.
1469 421 1548 470 Sic
1585 421 1778 471 Persius
1812 424 1898 484 vl,
1929 428 1985 474 57
2018 443 2029 471 :
2119 426 2174 472 et
2196 424 2405 485 Ὅμηρον
2440 423 2680 472 καταλύων
2714 423 2982 487 Ἀντίμαχον
3006 425 3105 475 ἀντ’
3143 426 3287 475 αὐτοῦ
3322 428 3537 486 εἰσῆγεν
3584 426 3709 484 (Dio
3760 413 3762 489 Ι

475 494 750 554 ρνοςεηίεε
781 494 954 541 terrm.
991 492 1155 555 Eut-ip.
1195 494 1298 542 Ion.
1321 496 1410 543 54⁴2
1435 505 1448 533 τ
1469 496 1553 552 γῆς
1582 490 1655 553 ἄρ’
1683 492 1921 552 ἐκπέφυκα
1949 509 2032 553 μη·
2070 504 2077 547 ι
2120 495 2255 542 Cass.
2274 496 2439 554 LXIX,
2458 496 2537 555 4),
2560 492 2705 543 etiam
2723 492 3010 544 Parthenius
3022 494 3288 557 judicabat.
3320 516 3343 539 ›-
3363 521 3439 531 —
3466 502 3516 543 ι.
3544 496 3707 557 Junge

476 564 606 623 τρὸς,
633 564 695 611 al.
716 570 836 612 -2,
863 563 1023 619 xiim:
1041 576 1184 626 ,quie
1207 578 1286 614 me
1303 562 1532 617 nutrivit:
1559 562 1658 621 ἥδε,
1687 574 1799 623 quie
1817 577 1898 613 me
1924 578 2033 613 con-
2070 548 2077 635 Ι
2122 566 2430 627 καταχεύατε.
2458 564 2537 614 Sic
2570 570 2879 613 καταπιττοῦν
2914 567 3164 629 Εὐριπίδην
3191 580 3267 629 ap.
3305 566 3583 628 Aristoph.
3620 568 3711 613 Ec·

477 632 564 683 dit.
583 659 646 670 —
666 636 715 683 4.
733 633 901 682 Morbo
926 631 1114 683 beliaco
1133 634 1280 698 igitur
1297 634 1400 684 sive
1419 632 1804 684 consternatione
1831 648 1894 685 ex
1918 635 2035 685 solis
2070 638 2077 711 Ι
2121 634 2236 684 cles.
2268 638 2359 685 824
2383 634 2567 685 dictum
2592 636 2643 685 et
2668 635 2947 697 oppositum
2966 642 3292 699 καταχρυσοῦν
3312 638 3617 699 Εὐριπίδην.
3648 662 3709 671 -

475 703 577 755 ictu
595 706 702 753 orta
719 703 918 768 periisse
935 703 1144 755 videtur.
1173 726 1196 748 υ
1224 708 1335 757 lac.
1467 745 1479 755 .
2070 716 2077 815 Ι
2120 710 2147 755 2
2176 706 2575 766 μυσαρογλώσσου
2604 706 2983 769 superscriptum
3004 706 3054 755 in
3088 706 3269 757 Codice
3290 745 3304 767 ,
3338 706 3438 757 sed
3470 714 3709 769 μυσαμῦν

2071 818 2077 871 ¹
2118 774 2245 825 redit
2266 775 2315 824 in
2332 789 2477 825 versu
2504 780 2553 825 4.
2578 804 2639 816 -
2656 780 2685 825 3
2709 777 2866 825 οὔνεκε
2886 776 3026 837 Cod.,
3048 777 3353 840 superposito
3370 794 3431 825 α.
3460 796 3489 818 σι
3511 779 3710 825 Tuetnr
3762 821 3764 847 Ι

539 848 849 897 cchxxu.
876 848 1075 896 Lemma
1105 860 1118 889 :
1149 849 1212 901 εἰς
1237 847 1474 909 Ἀτύμνιον
1503 848 1673 911 ὁμοίως
1701 848 1775 896 ἐπὶ
1806 849 1933 905 ξένης
1966 864 2035 897 τε·
2071 872 2077 885 ·
2120 852 2265 907 κεῖνα,
2286 848 2451 896 eontra
2478 859 2677 909 pravam
2707 846 2902 895 Kusteri
2932 850 2982 896 et
3002 850 3054 895 L.
3081 850 3129 896 S.
3166 846 3585 897 emendationem
3610 852 3707 895 κεῖ·
3762 868 3764 875 ·

477 920 780 975 λευτὴσαντα.
811 920 997 968 Nomen
1025 922 1184 982 poetoe
1211 918 1259 968 in
1290 918 1470 968 codice
1490 921 1532 970 λ.
1563 920 1789 982 βάσσους,
1822 918 1870 967 iii
1897 918 2029 968 Plan.
2070 945 2077 985 ἱ
2118 934 2223 978 νος,
2251 915 2515 966 Dorvillius
2542 917 2592 966 in
2624 916 2759 966 Misc.
2790 916 2933 965 obss.
2970 919 3091 967 Not
3119 920 3158 967 t.
3174 922 3239 977 11,
3259 932 3309 981 p.
3348 923 3465 967 124.
3496 920 3620 973 Qua
3644 916 3707 965 de

477 989 725 1039 Aminios.
745 1015 808 1025 --
830 996 875 1038 2.
907 1008 930 1031 «ι
954 990 1178 1051 Δαίμονες
1195 1026 1210 1047 ,
1241 990 1342 1039 fata
1360 1002 1473 1052 quin
1500 992 1612 1053 quis
1639 990 1728 1039 sibi
1761 990 1928 1039 sutura
1948 1004 2033 1052 spe
2072 992 2077 1071 Ι
2122 986 2339 1050 emphasi
2357 986 2649 1050 pronominis
2666 988 2835 1041 ἐκεῖνος
2856 986 2966 1037 vide
2991 1001 3099 1037 mea
3131 987 3195 1037 ad
3212 988 3435 1037 Theocr.
3472 989 3621 1047 xv1,
3646 992 3705 1035 44

477 1061 528 1108 et
571 1059 736 1107 animo
771 1058 924 1122 lingit.
952 1084 1016 1095 —
1050 1064 1098 1109 3.
1135 1058 1452 1123 intelligenda
1493 1061 1611 1110 urbs
1643 1058 1776 1109 haud
1805 1060 1979 1123 procul
2007 1074 2035 1109 a
2072 1077 2078 1111 ι
2121 1058 2315 1107 ed.sec.
2334 1078 2358 1100 ι»
2380 1060 2440 1107 Β.
2462 1084 2523 1093 -
2545 1058 2822 1119 4φλὲγματα
2840 1056 2959 1107 Cod.
2982 1059 3289 1122 superposito
3310 1060 3335 1107 ο
3358 1060 3701 1119 (φθέγματα),

476 1132 686 1179 Tarento
723 1128 850 1187 sita·,
895 1127 1097 1179 Thebas
1139 1132 1382 1181 Lucanas
1417 1135 1562 1182 vocat
1603 1131 1787 1181 Plinius
1827 1133 1914 1189 llI,
1958 1137 2029 1181 ιι.
2073 1114 2078 1246 ἱ
2120 1128 2183 1177 de
2222 1141 2320 1191 qua
2345 1128 2579 1178 varietate
2621 1128 2749 1177 conf.
2788 1140 2864 1190 ep.
2892 1131 2983 1189 7ο,
3012 1133 3057 1179 4.
3082 1159 3146 1171 -
3172 1136 3199 1179 5
3229 1129 3363 1187 ἐπειδὴ
3394 1128 3534 1177 eod.
3568 1142 3601 1176 a
3628 1141 3701 1189 pr.

478 1198 663 1249 Deinde
685 1199 851 1250 malim
875 1201 960 1249 οὐκ
983 1202 1058 1249 ἐπὶ
1077 1202 1286 1264 πρόσσω.
1318 1228 1380 1237 —-
1407 1208 1455 1251 5.
1484 1202 1589 1250 Ἐπὶ
1616 1200 1951 1261 παιδὶ,ι·ο1ἰοιο
1980 1200 2032 1248 li·
2074 1256 2078 1268 ·
2120 1211 2209 1259 m.‚
2238 1196 2412 1247 deinde
2451 1198 2499 1247 in
2548 1198 2702 1255 ἐπειδὴ
2743 1200 2983 1247 mutatum
3004 1236 3017 1259 ,
3055 1201 3106 1248 et
3138 1197 3545 1261 superscriptum
3576 1212 3591 1239 ε
3628 1215 3699 1259 γρ.
3764 1229 3766 1233 -

475 1270 543 1320 lio
564 1270 704 1330 orbo,
722 1270 985 1320 cuicustos
999 1273 1146 1333 atque
1167 1273 1302 1320 tutor
1317 1284 1426 1321 esse
1441 1269 1668 1329 debebat,
1689 1283 1904 1332 eumque
1926 1269 2035 1319 ideo
2073 1271 2079 1336 Ι
2122 1270 2242 1327 ἐπίη.
2266 1296 2330 1305 —-
2353 1278 2399 1319 6.
2431 1288 2455 1311 α
2492 1268 2639 1319 Βὰτον
2656 1306 2671 1329 ,
2703 1270 2885 1328 sentes,
2922 1268 3145 1318 sentibus
3173 1269 3433 1333 oppletum
3474 1280 3695 1317 cannen.

477 1341 690 1391 moriens
723 1340 863 1402 quasi
889 1340 1044 1390 oculis
1077 1340 1304 1403 privavit,
1330 1341 1412 1391 illo
1439 1344 1550 1404 post
1575 1344 1765 1404 patrem
1797 1341 2035 1390 amissum
2073 1350 2079 1405 Ι
2122 1338 2423 1387 probabilius
2466 1341 2543 1389 est
2574 1338 2775 1399 πάτον,
2822 1337 2855 1387 i.
2903 1351 2947 1387 e.
2988 1338 3192 1401 κόπρον.
3234 1338 3489 1397 ἀρόδευμα
3508 1373 3527 1397 ,
3564 1338 3699 1399 quod

477 1416 712 1474 tanquam
739 1422 872 1460 coeeo
893 1414 1101 1461 errante.
1131 1432 1157 1455 ν
1183 1414 1300 1461 Jac.
1323 1437 1387 1448 —
1410 1420 1439 1462 o
1466 1412 1702 1473 ὀφθαλμὸν
1739 1410 1881 1472 eod„
1922 1412 2035 1461 alte·
2073 1406 2080 1463 Ι
2124 1412 2359 1460 Kusterus
2384 1408 2555 1458 maluit
2579 1408 2678 1469 ,iam
2700 1408 3083 1470 apographorum
3102 1408 3187 1457 uni
3210 1407 3327 1457 olim
3358 1406 3695 1467 adscriptum.

479 1496 589 1533 rum
621 1481 754 1531 Plan.
786 1500 810 1523 e«
839 1482 1032 1533 Codicis
1069 1482 1309 1545 scriptura
1335 1483 1566 1545 ὀφθαλμὸν
1595 1496 1690 1531 non
1725 1483 1890 1531 statim
1926 1482 2034 1545 reji-
2073 1468 2079 1557 Ι
2121 1480 2198 1529 Sic
2236 1480 2441 1529 Plautus
2476 1480 2604 1528 Pers.
2638 1480 2729 1539 111,
2766 1490 2835 1525 sc.
2880 1482 2921 1537 1,
2956 1482 3004 1537 3,
3033 1476 3083 1525 in
3112 1475 3345 1525 conviciis
3380 1477 3563 1539 jungit
3614 1476 3693 1524 lii·

476 1554 672 1613 cienda,
703 1566 855 1615 quum
885 1554 984 1603 sint
1008 1553 1146 1617 pueri
1167 1556 1430 1617 comparati
1453 1553 1638 1612 oculis·,
1669 1553 1781 1603 vide
1800 1553 2031 1603 Artemid.
2074 1564 2079 1609 ι
2125 1551 2236 1598 tum
2272 1551 2323 1599 et
2350 1546 2748 1612 sterquilinium.
2784 1566 2808 1589 ν
2836 1550 2950 1595 Jac.
2980 1546 3177 1609 Recepit
3226 1546 3405 1603 Βάκις
3458 1545 3694 1607 equidem

482 1628 515 1677 1.
544 1639 589 1673 c.
609 1632 687 1677 26.
715 1622 810 1674 Sed
836 1624 906 1673 sic
925 1624 1155 1687 ὀρφανικῷ
1179 1624 1252 1672 ἐπὶ
1277 1624 1408 1673 παιδί
1433 1626 1484 1673 et
1506 1622 1626 1672 εὖνιν
1645 1624 1876 1687 ὀφθαλμὸν
1903 1624 2035 1675 idem
2073 1614 2080 1679 Ι
2120 1620 2169 1668 in
2196 1620 2356 1669 latinis
2374 1618 2544 1682 posui,
2575 1617 2734 1667 nonin
2756 1617 2925 1681 grincis
2946 1656 2957 1679 ,
2980 1617 3097 1679 quia
3118 1618 3336 1667 nescitur
3358 1616 3491 1679 quid
3520 1616 3571 1665 in
3594 1616 3689 1666 ele·
3767 1658 3768 1661 ,

2120 1687 2193 1751 gis
2218 1686 2389 1737 dixerit
2406 1687 2487 1737 ille
2504 1687 2680 1736 Zoilus.
2715 1713 2776 1722 —
2802 1690 2829 1735 7
2862 1686 3045 1736 ultimae
3068 1686 3177 1735 vot-i
3210 1686 3619 1749 superscriptum
3646 1687 3691 1734 in

2122 1757 2264 1807 Cod.:
2288 1775 2361 1821 γρ.
2382 1758 2539 1818 ἧσται.
2566 1784 2627 1793 -
2652 1762 2698 1807 8.
2731 1776 2756 1799 οι
2792 1758 2966 1818 Κλοιῷ.
2995 1756 3069 1805 Ad
3096 1754 3315 1819 supplicii
3338 1768 3510 1817 genus
3538 1756 3691 1819 respi-

2120 1825 2247 1875 eitur
2261 1825 2380 1875 illud
2395 1838 2496 1889 quo
2516 1825 2740 1876 Cleonem
2753 1825 3063 1877 alliciendum
3084 1830 3249 1877 censet
3272 1826 3534 1889 Aristoph.
3562 1828 3684 1877 Nub-

2122 1899 2210 1947 587
2235 1899 2505 1960 εφιμώςητε
2522 1899 2686 1945 τούτου
2704 1901 2771 1959 τῷ
2795 1898 2913 1960 ξύλῳ
2930 1899 3009 1947 τὸν
3032 1898 3229 1960 αὐχένα·
3248 1898 3299 1947 et
3325 1896 3542 1959 Lysistr.
3566 1904 3655 1947 633
3676 1920 3685 1945 ;

2125 1969 2169 2023 ἐς
2195 1968 2467 2030 τετρημένον
2486 1968 2614 2025 ξύλον
2633 1968 2975 2031 ἐγκαθαρμόσαι
2992 1969 3071 2018 τὸν
3090 1969 3281 2031 αὐχένα,
3298 1966 3387 2015 ubi
3404 1980 3458 2015 v.
3488 1968 3644 2030 Bergl.
3666 1990 3687 2011 ι,

2122 2042 2239 2087 Jac.
2261 2036 2312 2086 in
2332 2036 2478 2097 Add„
2505 2036 2619 2086 olim
2645 2036 2843 2099 rectius,
2870 2040 2992 2101 puto
3008 2074 3021 2097 ,
3056 2037 3405 2100 interpretatus
3424 2034 3495 2084 de
3526 2038 3687 2086 collari

2122 2120 2299 2157 canum
2316 2145 2330 2169 ,
2373 2126 2397 2150 α
2434 2110 2629 2171 propter
2669 2106 2887 2169 cynicam
2940 2107 3303 2159 mordacitatem
3340 2108 3395 2155 et
3430 2105 3688 2168 impuden-

2121 2178 2255 2227 tiam.
2291 2198 2313 2221 υ

477 1695 577 1746 sere
591 1695 932 1761 significarent.
957 1714 980 1737 υ
1001 1696 1064 1743 Β.

539 1835 876 1884 ccclxxiii.
900 1835 1100 1883 Lemma
1120 1852 1132 1882 :
1165 1834 1230 1883 εἰς
1254 1833 1337 1881 δύο
1353 1832 1480 1888 τινὰς
1508 1832 1761 1891 Μιλησίους
1785 1833 1832 1881 ἐν
1862 1832 2035 1897 Ἰταλίᾳ

477 1906 852 1962 τελευτήσαντας·
884 1904 1016 1965 οἶμαι
1043 1902 1084 1951 δ’
1107 1902 1180 1951 ὅτι
1216 1902 1402 1963 σοφούς.
1431 1928 1492 1937 -
1515 1908 1561 1952 3.
1590 1902 1772 1961 ἠλλάξω
1790 1902 1936 1964 eod„
1960 1903 2031 1952 al-

477 1979 638 2025 terum
673 1975 804 2024 Plan.
842 1993 867 2017 α
891 1977 1105 2023 Corum:
1133 1971 1363 2023 hocloco
1383 1971 1613 2023 videntur
1632 1986 1742 2023 esse
1767 1972 2033 2023 documen-

477 2048 586 2095 tum
606 2044 808 2105 laetitiae,
829 2058 928 2107 qua
938 2045 1178 2107 juvenum
1203 2043 1396 2093 illorum
1415 2042 1564 2107 gloria
1581 2042 1788 2106 patriam
1813 2042 2033 2093 Miletum

477 2115 726 2166 affecerat.
759 2133 784 2157 ι·
812 2118 928 2165 Jac.

539 2248 868 2299 cccnxxlv.
893 2249 1120 2297 Lemma:
1139 2265 1160 2297 ε
1227 2264 1314 2296 ναυ
1375 2248 1428 2297 ὸν
1452 2247 1652 2297 Λυσιδίκ
1686 2266 1705 2304 ς
1721 2250 1821 2297 υἱὸν
1849 2250 2033 2297 Πνυτα-

477 2314 637 2379 γὸραν.
660 2341 724 2352 -
748 2321 766 2364 1
796 2316 990 2379 ὶκρύφθη
1026 2246 1236 2365 (Ἰθάὶςοί
1270 2264 1427 2375 ΡΙιεγῐιἾ
1455 2329 1580 2363 ωπ.
1607 2264 1813 2365 Βιϊιιιῃοκ.
1836 2340 1900 2351 -
1929 2319 1957 2366 4
1978 2316 2033 2363 ἅ·
2184 2310 2559 2359 cchxxvm.
2580 2310 2805 2359 Lemma:
2827 2310 2890 2366 εἷς
2916 2310 3395 2375 ’1).ιὸδωρον(8ἰε)καὶ
3416 2314 3685 2371 Διογένειαν

479 2402 620 2433 πνοον
637 2386 770 2435 Plan.
793 2410 856 2420 -
870 2392 898 2435 5
916 2384 1020 2433 κατ’
1039 2385 1232 2448 ἀργαίην
1251 2383 1392 2443 Cod.,
1413 2384 1624 2433 alterum
1645 2384 1776 2433 Plan.
1796 2410 1860 2420 —
1876 2390 1906 2433 6
1926 2400 2036 2447 πρυ·
2122 2382 2205 2437 τήν
2227 2380 2368 2428 αὐτοῦ
2396 2381 2617 2440 γαμετήν·
2674 2408 2737 2417 -
2780 2384 2799 2430 1
2844 2382 3031 2442 ἔφθανεν
3059 2382 3144 2443 (ut
3166 2382 3283 2433 Cod-
3308 2384 3326 2445 )
3357 2383 3475 2432 Aldi
3516 2383 3677 2446 planu·

481 2456 679 2518 μνύχους
695 2454 815 2505 eod.
833 2457 992 2506 «Sunt
1003 2454 1245 2517 quivulgo
1257 2456 1513 2517 πρυμνηταὶ
1523 2454 1601 2503 vel
1610 2454 1888 2517 πρυμνήσια
1903 2456 2035 2505 κάλοι
2123 2448 2244 2499 deus
2279 2451 2329 2498 et
2346 2448 2521 2512 Regius
2542 2448 2890 2511 planudeorum
2920 2450 3157 2513 optimus,
3186 2450 3235 2500 in
3256 2465 3361 2515 quo
3378 2452 3459 2503 bis
3476 2452 3679 2515 legitur:

482 2527 734 2585 vorantur,
774 2526 919 2575 funes
953 2524 1101 2588 puppi
1130 2524 1295 2588 aptati.
1319 2524 1382 2573 Hi
1403 2526 1694 2583 στέλλονται,
1713 2524 2035 2575 contrahun-
2124 2519 2275 2569 altero
2294 2519 2401 2569 1000
2418 2520 2667 2580 κάτθανεν,
2700 2522 2756 2569 ut
2785 2518 2896 2570 edd·
2938 2521 3074 2571 Plffil·
3116 2524 3169 2571 ¹¹1
3206 2522 3301 2572 fine
3328 2522 3455 2573 Cod·
3486 2524 3603 2584 ὥρη·
3622 2548 3679 2557 -

481 2598 653 2715 ἰιινδεξ
675 2594 1004 2723 ὶπῐιέζῖπιῐιυι·ἰ
1019 2595 1380 2714 νιείιοῐῐῐιιειιῐίιῖἕι
1406 2598 1554 2714 νεηῖῖο
1571 2595 1839 2715 ἰὲιέτιιοηιο.
1871 2615 1895 2639 ι
1916 2599 2035 2647 lac.
2075 2626 2083 2723 ¹
2123 2594 2151 2709 Ξ
2180 2592 2218 2639 δ’
2240 2590 2621 2708 ὡςέὑμνολιιονὶὲῗ
2656 2589 2873 2710 πλὶιξιοά.
2898 2593 2949 2640 et
2978 2590 3261 2710 Plan-’33
3296 2605 3481 2711 si‘ensizi:
3514 2595 3581 2710 εἷς
3598 2591 3679 2709 μ’μ’

477 2691 541 2701 -
612 2682 634 2714 ε
655 2682 764 2714 cmg
919 2676 974 2714 ec
993 2677 1138 2713 erus,
1193 2694 1206 2713 ,
1269 2678 1297 2714 e
1381 2677 1441 2713 ur
1463 2680 1486 2713 ε
1506 2681 1586 2714 osv
1640 2681 1711 2722 ην,
2146 2677 2273 2709 ναιον
2323 2678 2363 2708 νι
2398 2676 2433 2708 π
2462 2676 2523 2709 ακ
2612 2674 2713 2721 yrw
2752 2675 2765 2708 ι
2815 2674 2900 2719 ιι8;
2939 2664 3002 2716 ὡς
3068 2661 3117 2721 μ’
3214 2678 3285 2710 ιον
3346 2662 3391 2711 τ’
3418 2682 3470 2711 εν
3502 2680 3537 2710 π
3571 2700 3582 2710 .
3634 2674 3679 2709 a·

1207 2676 1268 2727 eg
2076 2728 2082 2767 Ι
2122 2730 2256 2779 cobs.
2288 2730 2339 2780 in
2380 2730 2509 2781 notis
2530 2744 2668 2790 mss,
2692 2730 2779 2794 qui
2802 2732 2914 2781 ante
2952 2733 3001 2780 in
3038 2731 3189 2782 Palat.
3217 2699 3302 2789 ibe,
3320 2736 3588 2794 συνὲναιον,
3616 2734 3677 2780 ἔτι

540 2803 842 2851 ccchxxv.
887 2804 1086 2852 Lemma
1118 2823 1130 2851 z
1169 2804 1234 2859 εἰς
1259 2802 1362 2852 τινὰ
1383 2807 1582 2865 γυναῖκα
1601 2802 1767 2863 ἔγκυον
1785 2803 1833 2851 ἐν
1856 2806 2039 2865 σεισμῷ
2076 2774 2082 2878 Ι
2123 2804 2224 2861 πλ.,
2252 2789 2522 2851 muta'tione
2557 2800 2779 2860 minima,
2815 2800 2901 2851 sed
2938 2802 3031 2851 ὑπὸ
3066 2804 3145 2851 nl.
3183 2803 3373 2867 sumpsi
3400 2816 3431 2853 a
3456 2803 3673 2884 Toupio‘,

477 2877 721 2954 retamim
750 2876 1086 2937 τινασσομένου
1113 2879 1208 2954 τοῦ.
1229 2873 1468 2953 δώματος..
1492 2900 1552 2909 -
1568 2879 1630 2953 ’2.
1665 2893 1689 2916 κ
1709 2871 1946 2955 ξςὴωΐθῐ.
1976 2871 2038 2922 ad
2076 2879 2082 2904 ¹
2122 2871 2231 2921 coll.
2270 2885 2347 2935 ep.
2378 2876 2486 2933 324,
2526 2877 2543 2922 1
2574 2887 2585 2916 =
2610 2872 2703 2958 iano
2738 2873 2879 2921 πλακὶ
2908 2873 3015 2935 τῇδε
3040 2873 3282 2958 τέθαμμαι.
3314 2877 3437 2924 Post
3458 2878 3524 2930 ὡς
3556 2889 3677 2954 συνε·

479 2945 739 3022 Gnomicos
775 2955 823 3006 p.
875 2948 961 2994 1ῦὸ
990 2945 1300 3004 τιναξαμενων
1339 2955 1532 3024 ῃοεεινο
1567 2943 1770 3028 intelligi
1796 2945 2038 3026 ³oportere
2122 2959 2249 3024 ναιον
2266 2955 2479 3024 sequens
2494 2945 2793 3028 τνμὸευονται
2820 2943 2955 3024 valet
2974 2945 3390 3026 συντνμόευονταιο,
3410 2947 3675 3008 praesertim

477 3012 644 3094 docem
667 3012 765 3061 viil.
801 3016 899 3096 not.
933 3012 996 3062 ad
1018 3016 1097 3071 lx,
1121 3026 1200 3095 ep.
1227 3017 1351 3097 247..
1374 3012 1674 3095 capiendum
1707 3015 1818 3078 ορθα
1836 3013 2035 3094 desae-⁶
2123 3017 2391 3076 excipiente
2419 3016 2563 3070 ξυνον.
2601 3019 2643 3064 A
2680 3013 2989 3064 Boissonadio
3028 3017 3295 3064 correctum
3322 3015 3471 3066 video
3512 3016 3557 3064 δ’
3593 3016 3675 3068 εἰς

477 3096 701 3133 cussione
717 3087 954 3148 parietum
971 3085 1352 3147 perpendiculari
1391 3103 1415 3126 ι-
1444 3086 1507 3132 Β.
1531 3087 1748 3134 Aonstus
1766 3083 1931 3144 medii,
1951 3097 2038 3145 qui
2120 3086 2335 3145 ὑμέναιον
2352 3085 2427 3134 ἐπὶ
2454 3088 2565 3147 πλ.,
2594 3085 2682 3135 sed
2718 3083 2971 3134 schedulae
2998 3085 3047 3134 in
3084 3085 3179 3134 boc
3203 3087 3255 3134 et
3279 3097 3495 3148 sequens
3528 3083 3672 3147 epigr.

479 3153 721 3204 rarissime
763 3154 1006 3217 passivam
1045 3154 1146 3202 vim
1177 3155 1420 3212 admittit,
1457 3154 1530 3204 sic
1567 3153 1884 3218 explicandus
1928 3166 2037 3203 esse
2122 3154 2269 3204 nullae
2291 3158 2568 3218 supersunt.
2603 3181 2663 3191 —
2684 3158 2713 3204 4
2743 3157 2807 3210 ὡς
2842 3155 3034 3203 θάνατον
3060 3153 3204 3218 cod„
3237 3153 3325 3205 sed
3348 3153 3673 3218 superscripto

479 3223 674 3274 videtur
703 3245 716 3273 ι
747 3223 864 3274 dum
902 3224 1110 3287 parietes
1134 3225 1273 3275 illum
1295 3228 1439 3275 terrm
1470 3228 1728 3275 tremorem
1760 3229 1809 3275 et
1827 3238 2032 3275 coneus-
2121 3227 2285 3288 λοιμον,
2311 3227 2369 3274 ut
2390 3225 2523 3274 Plan.
2556 3227 2629 3274 De
2655 3225 3016 3275 constructione
3053 3239 3101 3276 v.
3125 3225 3269 3274 Thes.
3301 3239 3352 3275 v.
3381 3225 3671 3286 Ἀγάλλομαα

478 3293 662 3342 sionem
692 3293 760 3343 ita
781 3293 829 3343 in
847 3307 900 3343 se
926 3293 1248 3356 recipiebant,
1286 3296 1344 3343 ut
1366 3296 1493 3342 recti
1521 3297 1705 3344 starent
1730 3307 1888 3356 neque
1916 3307 2030 3343 con-
2125 3315 2149 3338 «ι
2178 3299 2233 3346 lu
2260 3298 2339 3345 καὶ
2373 3297 2517 3356 τάφον
2557 3298 2693 3358 grata
2735 3297 2812 3344 est
2846 3295 3091 3359 emphasis
3116 3309 3130 3337 τ
3159 3294 3305 3344 etiam
3346 3295 3412 3345 de
3454 3293 3673 3358 sepulcro

478 3362 708 3414 ciderent.
753 3367 871 3414 Jac.
898 3364 1169 3412 Brunckius
1195 3377 1314 3413 cum
1347 3362 1540 3413 Reisliio
1567 3369 1929 3425 τινασσομένων.
1969 3390 2031 3401 —-
2073 3369 2080 3439 Ι
2123 3364 2369 3414 communi
2388 3377 2483 3414 non
2498 3364 2661 3413 minus
2680 3364 2909 3414 laetantur
2926 3377 3072 3426 quam
3091 3363 3209 3413 olim
3228 3362 3291 3412 de
3307 3363 3557 3414 communi
3572 3361 3671 3411 tha-

479 3437 508 3482 :3
529 3432 603 3488 αἱς
625 3435 715 3481 ὑπὸ
733 3435 1022 3493 φωὶεύουσαι
1037 3431 1181 3496 Cod„
1199 3445 1322 3482 corr.
1346 3431 1584 3482 ReiskiuS.
1606 3459 1667 3468 --
1683 3439 1729 3482 5.
1750 3432 2034 3496 Ἀμφότεροι,
2073 3442 2079 3542 Ι
2122 3435 2267 3486 lamo,
2288 3455 2311 3477 υ
2340 3437 2456 3484 Jac.

479 3505 634 3552 mater
653 3505 704 3554 et
717 3503 891 3552 infans.
917 3523 940 3545 ει
960 3503 1138 3552 Similis
1152 3516 1295 3552 casus
1313 3503 1512 3565 &intigit
1527 3502 1572 3550 in
1593 3502 1860 3553 Antiochiae·
1875 3503 2031 3566 ruina,

480 3577 534 3622 ut
559 3576 722 3623 narrat
745 3573 838 3622 Dio
873 3575 1010 3622 Cass.
1038 3576 1256 3634 LXVIII,
1287 3579 1344 3624 25
1363 3611 1376 3634 ,
1413 3576 1466 3623 et
1492 3572 1572 3620 alii
1605 3573 1781 3623 nostris
1799 3576 2031 3637 tempori-

479 3643 588 3692 bus.
615 3663 640 3686 »
666 3647 784 3694 Jac.
807 3647 1020 3708 Apparet
1054 3656 1246 3694 carmen
1267 3645 1452 3694 temere
1469 3642 1596 3693 inter
1625 3643 1873 3706 ἐπιτύμβια
1895 3657 2029 3695 rece-

479 3717 620 3774 ptum
645 3725 769 3762 esse.

2182 3565 2505 3616 cccmixlx.
2534 3566 2733 3614 Lemma
2762 3585 2775 3613 ι
2804 3565 2868 3620 εἰς
2894 3566 2978 3622 τήν
3018 3565 3065 3613 ἐν
3085 3563 3369 3626 Δικαιαρχίᾳ
3412 3563 3431 3622 (
3444 3574 3667 3624 compen-

2121 3635 2232 3696 dio)
2260 3635 2498 3685 θάλασσαν
2528 3635 2607 3683 καὶ
2645 3635 2708 3690 εἰς
2737 3635 2797 3682 τὰ.
2830 3636 2980 3684 ἐκεῖσε
3012 3635 3181 3697 νεώρια
3218 3635 3297 3682 καὶ
3336 3633 3445 3691 τοὺς
3473 3635 3666 3694 λιμένας.

2124 3706 2267 3756 Haud
2303 3704 2453 3755 dubie
2490 3704 2555 3754 ob
2581 3717 2751 3753 vocem
2778 3709 2920 3767 χῶμα
2946 3703 3073 3754 male
3112 3706 3357 3766 acceptam
3386 3704 3669 3766 epigramma

2124 3775 2335 3838 positum
2374 3775 2499 3824 inter
2533 3773 2844 3837 sepulcralia,
2876 3775 2935 3824 ut
2957 3773 3085 3823 infra
3112 3787 3187 3836 ep.
3220 3777 3308 3823 641
3336 3771 3402 3821 de
3430 3770 3669 3832 horologio

541 3847 872 3896 CCCLxxvl.
907 3848 1106 3895 Lemma
1145 3859 1157 3887 =
1195 3847 1259 3901 εἰς
1300 3847 1521 3896 Σέλευκον
1547 3847 1647 3895 νέον
1681 3845 2033 3903 τελευτήσαντα.
2124 3849 2321 3908 propter
2353 3857 2521 3894 vocem
2547 3851 2694 3905 σῆμα.
2734 3845 3025 3907 Loquuntur
3056 3855 3192 3892 mare
3225 3846 3276 3892 et
3322 3845 3457 3892 terra
3494 3842 3557 3891 de
3598 3839 3663 3887 in-

481 3915 686 3966 Lesbius
698 3915 890 3978 iuvenis
909 3916 958 3964 in
984 3915 1214 3979 Hispania
1241 3915 1473 3978 sepultus.
1500 3942 1561 3951 —
1583 3918 1603 3963 i
1625 3915 1818 3964 δειλαῒοι
1834 3915 1953 3965 Cod.
1974 3942 2038 3952 —
2074 3940 2079 3949 ·
2122 3913 2251 3978 genti
2278 3914 2405 3963 mole
2441 3915 2618 3964 Portus
2646 3916 2675 3962 J
2681 3913 2765 3962 ulii
2800 3913 2933 3976 apud
2960 3913 3128 3976 Baias,
3156 3911 3289 3975 quod
3319 3925 3446 3976 opus
3482 3909 3665 3960 notissi-

481 3993 508 4035 α
535 3985 776 4048 ληθόμενοι
807 3985 1074 4036 Salmasius
1100 3985 1156 4046 (a
1181 3997 1282 4047 quo
1311 3985 1475 4044 tacite,
1500 3987 1556 4034 ut
1587 3984 1742 4034 multa
1761 3985 1870 4044 alia,
1897 3999 2033 4034 sum·
2124 3999 2261 4036 mum
2286 3999 2347 4035 ex
2376 3983 2575 4048 Virgilio
2606 3987 2778 4047 Georg.
2814 3987 2883 4046 11,
2912 3989 2993 4035 161
3023 3997 3159 4046 seqq.
3194 3986 3245 4033 et
3280 3984 3449 4033 Horat.
3479 3983 3580 4030 Art.
3610 3983 3665 4028 ot

479 4054 578 4118 psit
609 4055 820 4104 Bruiick.
844 4057 888 4111 );
909 4055 1141 4118 αἰθόμενοι
1176 4055 1265 4116 (ex
1289 4056 1413 4104 Διθ.
1440 4054 1630 4115 ortum)
1665 4052 1849 4113 Codex,
1873 4055 2035 4104 corre·
2124 4069 2281 4118 seqq..
2300 4053 2384 4104 ubi
2408 4069 2457 4104 ν.
2488 4055 2791 4117 interpretes.
2820 4059 2917 4104 -1
2946 4053 3213 4116 δικαιαρχία
3230 4052 3349 4101 Cod.
3382 4077 3445 4090 —
3468 4059 3513 4102 2.
3539 4071 3561 4092 ιι
3588 4053 3663 4099 ln-

479 4125 638 4174 ctionc
653 4143 710 4172 ωι
729 4124 887 4187 posita
901 4137 1048 4187 super
1068 4129 1149 4186 ροῦ
1166 4127 1216 4174 et
1231 4141 1314 4173 του
1333 4123 1542 4186 syllabas
1557 4141 1572 4184 ;
1588 4123 1756 4186 ἀτηροῦ
1771 4123 2037 4186 αἰσθόμενοι
2076 4115 2081 4181 Ι
2123 4124 2357 4187 telligitur
2376 4123 2529 4173 moles
2547 4137 2705 4186 usque
2726 4125 2775 4172 in
2806 4123 3021 4174 medium
3040 4137 3173 4173 mare
3200 4122 3458 4186 producta,
3486 4123 3543 4170 ut
3568 4131 3665 4182 pro-

481 4196 640 4257 βιότου
668 4194 879 4256 pessime
908 4196 1040 4245 Plan.
1067 4221 1128 4230 -—
1152 4202 1196 4245 5.
1223 4213 1247 4237 «
1272 4194 1524 4257 cogitabat
1543 4193 1775 4242 Brodaeus
1797 4191 1860 4242 de
1886 4193 2039 4243 Iberis
2077 4194 2081 4242 Ι
2122 4195 2416 4244 montorium
2464 4193 2729 4258 Rheginum
2779 4195 2871 4243 αἰεὶ
2918 4194 3167 4257 Θρινακίαν
3222 4195 3471 4255 γενομένην
3512 4192 3665 4241 ὕδατος

479 4263 624 4324 Asiae,
643 4264 728 4326 qui
747 4263 893 4314 hodie
914 4265 1164 4328 Georgiani
1183 4267 1436 4314 vocantur.
1461 4263 1556 4314 Sed
1572 4277 1728 4325 quum
1753 4264 2039 4326 eloquentiis
2126 4264 2331 4327 (ἄκραν)
2356 4263 2470 4313 dicit
2499 4267 2641 4327 poeta
2662 4264 2791 4313 infra
2806 4277 2883 4326 ep.
2914 4267 3025 4324 714,
3054 4271 3099 4313 2.
3130 4289 3193 4300 —
3209 4267 3238 4312 4
3264 4263 3513 4326 βιαζόμενα
3529 4258 3661 4312 eod..

480 4333 696 4382 studium
738 4333 788 4382 in
814 4335 1016 4383 Seleuco
1057 4337 1481 4392 commemoretur,
1519 4334 1752 4396 suspIcari
1779 4334 1893 4383 licet
1924 4348 2036 4383 eum
2078 4333 2081 4341 '
2126 4335 2431 4398 superposito
2470 4337 2604 4397 μεθα.
2636 4335 2776 4383 cons.
2816 4337 2986 4385 Horat.
3020 4335 3182 4384 Carm.
3227 4335 3329 4393 111,
3359 4333 3439 4383 od.
3476 4337 3528 4391 ιι,
3564 4333 3617 4378 33
3648 4349 3658 4374 :

479 4401 528 4450 in
557 4401 786 4465 Hispania
811 4402 904 4452 arti
929 4402 1150 4463 dicendi,
1172 4416 1284 4466 quae
1314 4405 1420 4453 tum
1445 4404 1678 4467 temporis
1695 4403 1744 4452 in
1771 4403 1866 4452 illis
1888 4404 2039 4468 regio-
2124 4407 2394 4454 contracta
2414 4407 2578 4467 pisces
2608 4417 2822 4468 oequora
2854 4407 3087 4453 sentiunt
3115 4405 3276 4454 lactis
3298 4406 3353 4453 in
3378 4403 3545 4454 altum
3568 4410 3663 4446 mo-

481 4471 623 4522 nibus
648 4473 865 4535 florebat,
884 4473 1078 4523 dedisse
1104 4486 1318 4537 operam.
1353 4495 1375 4518 υ
1397 4475 1509 4523 Jac.
2128 4475 2279 4525 libus.
2309 4500 2373 4510 -
2407 4481 2453 4524 5.
2494 4474 2703 4537 Κόσμον,
2740 4474 2903 4538 populi
2941 4474 3074 4524 orbis
3108 4476 3349 4524 terrarum
3380 4469 3570 4521 domini.
3609 4493 3659 4500 —

2078 4548 2083 4606 Ι
2126 4554 2154 4596 6
2175 4546 2246 4594 ἐπ’
2269 4545 2408 4600 αὐτῆς
2446 4546 2607 4609 μέτρον
2636 4544 2797 4595 Codex
2814 4583 2827 4604 ,
2858 4545 3044 4609 egregie
3074 4547 3348 4594 correctum
3382 4555 3413 4592 a
3440 4537 3617 4592 Reiskio
3646 4555 3655 4581 ι

540 4610 898 4660 ccclxxvii.
923 4613 1122 4660 Lemma
1152 4631 1165 4659 z
1189 4613 1252 4668 εἰς
1271 4612 1520 4674 Παρθένιον
1532 4613 1612 4661 τὸν
1639 4613 1848 4662 Φωκαέα
1866 4614 1947 4662 τὸν
1976 4616 2038 4669 εἰς
2077 4607 2084 4688 Ι
2127 4613 2484 4677 contemplare
2526 4619 2747 4666 Romam
2772 4618 2999 4666 vicinam
3026 4617 3077 4664 et
3095 4614 3287 4677 judica
3318 4615 3363 4662 si·
3406 4612 3478 4662 ad
3512 4608 3657 4668 hujus

479 4679 692 4742 Ὅμηρον
709 4682 1068 4742 παροινήσαντα.
1105 4682 1248 4730 Hunc
1271 4680 1728 4745 homeromastigem
1750 4683 1901 4732 fuisse
1931 4683 2038 4732 Dio·
2078 4693 2083 4742 Ι
2125 4687 2269 4737 urbis
2294 4685 2515 4735 modum
2544 4690 2595 4737 et
2612 4699 2919 4736 memuram
2934 4688 3155 4749 portum
3174 4683 3368 4748 habeo;
3386 4683 3487 4732 sive
3503 4689 3651 4743 grate.

481 4747 604 4810 nysii
630 4748 934 4799 Alexandrini
958 4751 1129 4800 Glauci
1155 4751 1243 4801 filii
1272 4751 1596 4815 discipulum,
1625 4752 1769 4812 cujus
1791 4752 1969 4802 Suidas
1994 4765 2035 4801 s.
2078 4743 2083 4779 ⁴
2126 4759 2167 4804 εί
2192 4757 2336 4813 ταύτῃ
2366 4758 2393 4804 ὀ
2414 4756 2522 4817 ἐμὸς
2558 4758 2693 4817 λιμὴν
2732 4755 2989 4820 σύμμετρός
3028 4756 3145 4804 ἐστι.
3168 4775 3193 4797 υ
3234 4758 3353 4805 Jac.
3376 4753 3493 4803 Mire
3518 4746 3649 4798 Boisb·

483 4832 530 4866 v.
553 4817 634 4880 (p.
669 4823 782 4869 1394
805 4819 1077 4880 Bernh.)et
1097 4821 1358 4871 Athenaeus
1392 4825 1472 4878 XI,
1504 4836 1551 4886 p.
1579 4826 1690 4883 467,
1713 4825 1770 4881 C,
1803 4823 2035 4872 memine-
2078 4795 2083 4878 Ι
2127 4839 2218 4876 sua
2242 4839 2421 4887 manu:
2450 4825 2652 4888 ἐγγύθεν·
2672 4825 2752 4875 ἀπ’
2782 4827 2942 4884 αὐτῆς.

481 4891 615 4948 runt,
637 4887 806 4941 docuit
826 4892 1080 4942 Jacobsius
1097 4931 1109 4953 ‚
1137 4893 1368 4957 praeclare
1386 4893 1568 4943 addens
1589 4907 1600 4936 ε
1623 4913 1646 4936 α
1671 4897 1836 4950 Quum
1861 4893 2035 4956 Diony·
2078 4879 2084 4934 Ι
2286 4935 2295 4945 ,

483 4961 584 5008 sius
606 4971 763 5022 usque
789 4961 850 5010 ad
873 4961 1132 5023 Traianum
1153 4963 1344 5024 vixerit,
1371 4963 1659 5013 Parthenius
1683 4963 1774 5013 sub
1798 4964 2039 5014 Hadriano
2078 4939 2086 5008 Ι
2193 4965 2496 5014 CCCLXXX.
2526 4966 2723 5014 Lemma
2750 4979 2761 5008 ι
2784 4966 2848 5020 εἰς
2868 4963 3113 5014 Εὗνικίδαν
3129 4963 3252 5024 τινὰ,
3270 4963 3445 5017 οὔτινος
3470 4953 3650 5016 filim?
