3829 5747
925 168 1171 231 CAPUT
1209 170 1335 229 vn.
1383 168 1944 233 EPIGRAMMATA
1986 174 2525 236 SEPULCRALIA.
3199 181 3309 239 381

557 310 692 359 559.
730 300 1235 362 ΘΕΟΣΕΒΕΙΑΣ.

180 436 298 507 Εἷδεν
323 439 602 515 Ἀκεστορίη
631 437 751 517 τρία
779 438 996 499 πένθεα·
1027 440 1238 520 κείρατο
1264 442 1455 521 χαίτην

177 536 342 608 πρῶτον
367 526 437 607 ἐφ’
460 525 827 606 Ἱπποκράτει,
847 526 937 586 καὶ
961 527 1196 609 δεύτερον
1226 528 1361 611 ἀμφὶ
1385 532 1632 609 Γαληνῷ·

177 622 249 678 καὶ
269 624 342 675 νῦν
363 613 629 676 Ἀὅλαῧίου
653 618 820 695 γοερῷ
843 614 962 695 περὶ
989 615 1188 692 σήματι
1214 626 1418 691 κεῖται,

179 706 382 783 αἰδομένη
405 700 534 779 μετὰ
565 704 732 761 κεῖνον
757 704 811 761 ἐν
839 703 1150 783 ἀνθρώποισι
1173 710 1420 783 φανῆναι.

356 854 481 904 560.
528 844 841 903 ΠΑΥΛΟΥ
881 844 1440 907 ΣΙΔΕΝΤΙΑΡΙΟΥ.

181 990 236 1047 Ei
255 984 325 1044 καὶ
349 984 426 1043 ἐπὶ
452 982 615 1054 ξείνης
646 1006 734 1057 σε,
759 982 1004 1057 Λεόντιε,
1031 985 1158 1063 γαῖα
1185 983 1469 1058 καλύπτει,

245 1064 368 1122 εἶκαὶ
387 1064 696 1142 ἐρικλαῦτων
719 1062 834 1134 τῆλ’
859 1064 1031 1130 ἔθανες
1051 1063 1265 1142 γονέων,

181 1153 316 1211 πολλά
334 1174 406 1210 σοι
430 1153 487 1209 ἐκ
509 1152 782 1230 βλεφάρων
815 1150 975 1231 ἐχύθη
1003 1150 1322 1229 περιτύμὸια
1355 1155 1539 1231 φωτῶν

235 1242 422 1321 δάκρυα,
450 1239 718 1319 δυστλήτῳ
745 1240 920 1299 πένθεϊ
947 1240 1304 1316 δαπτομένων.

185 1332 298 1387 llam
315 1330 403 1406 γὰρ
427 1318 557 1399 ἦσθα
582 1328 702 1400 λίην
729 1328 1074 1409 πεφιλημένος
1090 1376 1106 1402 ,
1130 1320 1212 1387 οἶά
1235 1353 1291 1387 τε
1321 1328 1532 1389 πάντων

246 1416 360 1483 ξυνὸς
383 1416 472 1475 ἐὼν
499 1421 704 1495 κοῦρος,
727 1416 868 1485 ξυνὸς
888 1415 985 1476 ἐὼν
1015 1415 1214 1496 ἕταρος.

183 1509 308 1575 Atat,
332 1503 570 1581 λευγαλέη
599 1504 691 1563 καὶ
714 1504 984 1585 ἀμείλιχος
1007 1504 1194 1565 ἔπλετο
1217 1508 1393 1586 Μοῖρα
1407 1550 1422 1581 ,

247 1591 354 1667 μηδὲ
373 1595 484 1662 τεῆς
501 1590 638 1663 ἥόης
653 1637 671 1670 ,
697 1592 922 1672 δύσμορε
936 1639 951 1664 ,
971 1592 1281 1672 φεισαμένη.

224 1740 336 1790 561.
378 1729 783 1789 ΙΟΥΛΙΑΝΟΥ
825 1729 980 1790 Ano
1023 1731 1302 1791 ΥΠΑΡΧ.
1343 1730 1642 1791 ΑΙΓΥΠΤ.

180 1867 239 1927 ‘fl
260 1866 405 1935 Φύσις
427 1868 650 1928 ὠδίνασα
674 1870 837 1927 πολὺν
866 1869 1050 1949 χρόνον
1079 1870 1220 1950 ἀνέρ’
1245 1870 1440 1929 ἔτικτεν

249 1955 364 2023 ἄξιον
389 1957 454 2022 εἷς
475 1956 662 2035 ἀρετὴν
691 1962 793 2017 τῶν
819 1958 1082 2038 προτέρων
1107 1958 1286 2035 ἐτέων,

183 2044 253 2100 τὸν
282 2042 516 2121 Κρατερὸν
544 2044 730 2125 σοφίην
761 2068 820 2103 τε
849 2047 939 2104 καὶ
968 2044 1163 2122 οὔνομα
1183 2090 1199 2119 ,
1230 2048 1317 2105 τὸν
1346 2045 1437 2105 καὶ
1465 2048 1688 2124 ἄνιγροῖς

243 2132 494 2199 κινήσαντα
513 2132 618 2213 γόῳ
642 2132 864 2212 δάκρυον
893 2134 1208 2201 ἀντιπάλοις.

185 2218 236 2276 Εἰ
263 2215 311 2274 δὲ
331 2220 432 2283 νέος
455 2217 712 2292 τέθνηκεν,
736 2220 994 2301 ὑπέρτερα
1021 2221 1230 2297 νήματα
1249 2220 1451 2303 Μοίρης

244 2304 446 2385 μέμφεο,
471 2304 787 2385 βουλομένης
815 2306 1009 2384 κόσμον
1041 2308 1272 2387 ἄκοσμον
1295 2308 1450 2387 ἔχειν.

641 2464 747 2515 562
757 2503 769 2516 .
810 2468 928 2513 ΤΟΥ
961 2468 1172 2513 ΑΥΤΟΥ.

181 2579 238 2646 Ὦ
257 2588 438 2668 φθέγμα
464 2592 786 2671 Κρατεροῖο,
807 2591 858 2649 τί
880 2615 962 2650 σοι
988 2591 1146 2651 πλέον
1170 2592 1218 2651 εἴ
1243 2616 1300 2670 γε
1333 2592 1422 2651 καὶ
1451 2593 1611 2663 αὗδῆς

243 2676 382 2733 ἔπλεο
406 2677 490 2733 καὶ
515 2681 663 2755 σιγῆς
686 2680 848 2737 αἴτιον
880 2678 1216 2755 ἀντιπάλοις;

187 2766 332 2830 ζῶντος
357 2764 448 2843 μὲν
468 2766 564 2844 γὰρ
595 2766 820 2833 ἅπαντες
849 2763 1088 2843 ἐφώνεον·
1116 2768 1174 2825 ἐκ
1205 2768 1257 2825 δὲ
1283 2768 1527 2838 τελευτῆς

243 2852 466 2930 ὑμετέρης
486 2854 616 2926 ἰδίην
645 2844 789 2921 αὗθις
815 2854 1006 2928 ἔδησαν
1035 2855 1160 2916 ὄπα.

185 2938 311 3006 Οὖτις
334 2941 425 3019 γὰρ
451 2941 582 3019 μετὰ
611 2951 722 3001 σεῖο
753 2943 911 3022 μόρον
939 2944 1157 3016 τέτληκε
1181 2943 1433 3002 τανύσσαι

244 3016 338 3086 ὦτα
363 3030 518 3107 λόγοις
535 3053 549 3065 ·
572 3034 830 3112 Κρατερῷ
857 3033 901 3090 δ’
929 3031 982 3090 ἓν
1007 3033 1151 3098 τέλος
1173 3033 1266 3104 ἠδὲ
1289 3032 1480 3110 λόγοις.

371 3175 498 3228 563.
544 3169 859 3228 unnim·
899 3169 1462 3230 ΣῙΛΕΝΤῙΑΡΙΟΥ.

187 3304 315 3384 Σιγᾷς
339 3306 700 3386 Χρυσεόμαλλε
728 3307 788 3366 τὸ
813 3307 1059 3387 χάλκεον,
1083 3307 1256 3366 οὖκέτι
1280 3309 1324 3365 δ’
1345 3313 1472 3387 ἡμῖν

243 3392 414 3461 εἰκόνας
442 3395 730 3475 ἀρχεγόνων
760 3395 1011 3464 ἐκτελέεις
1037 3399 1276 3476 μερόπων

871 3505 1730 3518 μ------ψ

694 3563 810 3626 559.
841 3577 1129 3614 tumenta.

187 3654 274 3701 Tres
291 3653 445 3704 habuit
463 3655 615 3706 luctus
637 3655 800 3719 positis
819 3655 1060 3706 Medicina
1081 3657 1294 3724 capillis:

187 3736 333 3784 Funere
348 3737 393 3786 in
409 3737 737 3803 Hippocratis,
759 3737 982 3803 doctique
999 3739 1050 3786 in
1076 3748 1230 3788 morte
1249 3740 1420 3788 Galeni
1441 3756 1456 3800 ;

187 3820 294 3867 Nunc
313 3821 429 3884 jaoet
450 3821 642 3871 Ablabii
668 3831 866 3887 propter
889 3821 1160 3872 miseranda
1189 3821 1505 3886 sepulchrum
1531 3837 1544 3871 ε

188 3899 338 3967 Quippe
357 3905 509 3952 oculos
525 3903 776 3952 hominum
789 3903 1015 3952 damnum
1041 3914 1144 3968 post
1165 3903 1262 3952 tale
1288 3913 1492 3952 veretur.

581 4013 697 4061 560.
733 4027 884 4058 num
920 4025 1244 4062 sume-runt.

189 4101 238 4145 Te
256 4115 516 4168 quamquam
533 4103 707 4168 sepelit
732 4103 981 4168 peregrine.
999 4139 1012 4162 ‚
1039 4101 1238 4152 Leontie
1256 4137 1271 4165 ,
1300 4102 1442 4154 tellus
1455 4137 1470 4164 ,

237 4184 629 4251 Etgenitorejacez
661 4195 710 4235 et
737 4185 967 4252 genitrice
991 4186 1184 4252 procul,

191 4263 312 4314 Multa
325 4274 402 4316 tuo
428 4267 586 4316 tristes
611 4267 846 4334 lacrymas
874 4267 1039 4317 fudere
1064 4266 1322 4334 sepulchro

237 4352 431 4414 Lumina,
455 4354 606 4404 multa
627 4353 692 4403 ob
709 4363 758 4404 te
777 4364 974 4421 pectora
997 4355 1150 4403 luctus
1179 4352 1344 4403 habet:

189 4433 282 4481 Nam
300 4439 464 4488 minuis
488 4439 692 4488 dilectus
711 4455 817 4489 eras
837 4476 850 4497 ‚
880 4439 1016 4506 quasi
1039 4439 1166 4488 filius
1188 4453 1312 4489 esses

237 4518 438 4570 omnibus
454 4559 466 4580 ,
491 4527 574 4570 aut
593 4521 788 4587 junctus
811 4521 916 4586 lege
946 4520 1172 4572 sodalitii.

190 4593 250 4643 Ah
275 4600 454 4652 nimium
476 4603 685 4653 erudelis
708 4613 836 4663 erat,
859 4602 1002 4653 nimis
1025 4603 1172 4669 impia
1195 4607 1339 4654 Parca
1354 4636 1371 4659 ,

241 4685 409 4735 AEtatem
432 4703 536 4753 que
557 4703 656 4738 non
681 4698 752 4736 est
770 4687 990 4738 miserata
1013 4696 1164 4737 tuam.

595 4797 657 4845 56
668 4813 685 4843 t
696 4832 709 4845 .
746 4813 945 4844 suniam
983 4813 1204 4845 mre-ru
1219 4831 1234 4852 ,

412 4905 470 4935 es:
493 4905 668 4954 genere
708 4885 1052 4956 Proefectorum
1081 4883 1436 4954 Augustalium.
1541 4895 1546 4900 '

193 4967 290 5020 Foeta
305 4974 372 5024 diu
397 4978 580 5027 tandem
609 4979 795 5044 peperit
821 4989 990 5029 natura
1014 4978 1194 5030 serenis

2284 321 2391 366 559.
2426 316 2805 365 THEOSEBIAE.

1764 458 1898 509 Vidit
1924 460 2172 509 Acestoria
2186 461 2289 510 tres
2310 461 2471 511 luctus
2500 480 2511 508 :
2536 459 2867 511 totondit-sibi
2892 473 3080 509 commn

1763 546 1977 610 primum
1996 547 2047 597 in
2068 548 2357 611 Hippocrate
2369 588 2382 611 ,
2404 552 2454 599 et
2472 562 2647 599 rursus
2666 548 2730 598 de
2757 549 2939 598 Galeno
2956 564 2969 606 3

1767 637 1818 685 et
1838 649 1972 685 nune
1997 634 2183 686 Ablabii
2199 634 2407 686 flebilem
2429 636 2567 697 iuxta
2592 637 2843 686 tumulum
2855 636 3010 697 jacet,

1768 724 2101 775 verecundans
2124 728 2237 788 post
2260 725 2397 775 illum
2416 725 2543 775 inter
2560 726 2783 775 homines
2808 738 3057 789 apparere.

2176 862 2283 906 560.
2322 858 2506 905 PAULI
2546 857 2933 905 leENTlARn.

1769 989 1874 1039 Etsi
1898 989 1950 1038 in
1977 988 2281 1038 aliena-terra
2300 990 2351 1037 te
2369 1026 2381 1049 ,
2406 988 2577 1037 Leonti
2592 1022 2606 1047 ‚
2622 986 2811 1038 humus
2830 988 3021 1049 condit,

1830 1076 1924 1126 etsi
1941 1075 2319 1138 large-flentibus
2341 1076 2509 1140 procul
2532 1076 2693 1127 obiisti
2720 1075 3079 1139 a-parentibus‚

1771 1163 1941 1212 multae
1962 1162 2052 1211 tibi
2074 1175 2103 1211 e
2126 1160 2366 1225 palpebris
2391 1162 2754 1224 profusae-sunt
2777 1161 3082 1224 exsequiales
3110 1160 3328 1209 virorum

1831 1250 2047 1301 lacrimae
2061 1289 2072 1311 ‚
2092 1249 2383 1300 intolerabili
2402 1250 2541 1299 luctu
2560 1250 2909 1299 confectorum.

1772 1338 2012 1388 omnibus
2036 1338 2167 1388 enim
2193 1350 2303 1388 erae
2333 1338 2472 1387 valde
2492 1341 2702 1397 amatae,
2730 1340 2900 1400 utpote
2921 1336 3007 1399 qui
3036 1337 3255 1386 omnium

1833 1427 2109 1478 communis
2137 1440 2271 1477 esses
2292 1440 2432 1490 puer,
2457 1424 2734 1475 eommunis
2760 1438 2894 1475 esses
2916 1424 3113 1475 sodalis.

1771 1518 1878 1566 Heu
1893 1555 1906 1577 ,
1928 1515 2027 1565 heu
2042 1554 2055 1577 ,
2076 1529 2209 1565 saeva
2226 1517 2277 1566 et
2294 1514 2497 1564 immitis
2521 1514 2615 1563 suit
2632 1517 2784 1564 Parca
2797 1550 2809 1572 ‚

1835 1618 1896 1655 ne
1918 1607 2019 1653 tuae
2044 1602 2240 1667 quidem
2261 1603 2509 1665 juventuti
2525 1640 2537 1663 ,
2568 1602 2737 1652 infelix
2752 1638 2765 1663 ,
2792 1602 3208 1666 qum-pepercerit.

1975 1750 2081 1797 561.
2117 1746 2360 1794 JULIANI
2390 1745 2471 1793 Ex
2503 1744 2857 1794 PRAEFECTIS
2889 1744 3135 1791 AEGYPT.

1775 1884 1960 1932 Natura
1980 1878 2254 1944 parturiens
2282 1878 2583 1941 per-longum
2606 1880 2818 1941 tempn3‚
2846 1877 3005 1927 virum
3027 1876 3215 1940 peperit

1838 1970 1901 2020 ad
1926 1969 2160 2019 virtutem
2178 1966 2377 2030 dignum
2400 1964 2645 2029 prioribus
2674 1965 2867 2015 saeeulis
2882 2003 2897 2023 ,
3211 1964 3339 2028 [mis

1777 2061 2037 2109 craterum
2067 2054 2320 2116 (Fortem)
2346 2053 2679 2117 sapientiaque
2707 2054 2758 2102 et
2777 2051 2998 2114 nomine,
3024 2052 3171 2102 etiam
3190 2051 3339 2115 pessi·

1837 2142 2095 2206 qui-movit
2122 2140 2262 2190 luctu
2292 2139 2543 2189 lacrimam
2572 2137 2877 2188 adversariis,

1777 2232 1828 2282 Si
1855 2245 1973 2281 vero
1994 2228 2190 2291 iuvenis
2212 2226 2359 2289 obiit,
2384 2240 2561 2290 supere
2589 2226 2673 2275 fila
2699 2228 2863 2276 Pareae

1841 2333 2045 2383 accusa,
2066 2318 2275 2369 volentis
2300 2316 2543 2367 mundum
2566 2315 2875 2367 inunundum
2900 2313 3094 2367 habere.

2331 2468 2438 2513 562.
2485 2466 2783 2510 musmm.

1782 2608 1826 2653 Ο
1845 2602 2095 2665 eloquium
2115 2601 2301 2652 Crateri
2319 2639 2333 2662 ‚
2358 2599 2480 2663 quid
2500 2598 2589 2649 tibi
2610 2610 2753 2647 nunc
2773 2596 2973 2661 prodest
2995 2597 3039 2647 si
3063 2599 3115 2647 et
3134 2595 3343 2661 loquente

1843 2703 1954 2739 eras
1977 2692 2029 2739 et
2055 2688 2233 2738 silentii
2256 2700 2407 2737 causa
2428 2684 2755 2735 adversariis?

1783 2782 1977 2830 vivente
2005 2778 2133 2829 enirn
2160 2782 2209 2829 te
2222 2817 2235 2840 ,
2255 2790 2428 2827 omnes
2448 2775 2802 2838 loquebantur3
2824 2776 2937 2838 post
2958 2774 3146 2826 exitum
3177 2778 3344 2826 autem

1843 2870 1990 2918 tuum
2015 2866 2259 2930 propriam
2294 2875 2466 2914 rursus
2496 2861 2820 2914 cohibuerunt
2840 2876 3027 2913 vocem.

1781 2959 1933 3006 Nemo
1941 2955 2069 3005 enim
2084 2957 2196 3018 post
2212 2956 2359 3003 tuum
2371 2953 2525 3002 satum
2543 2951 2998 3014 sustinuitpraebere
3008 2951 3340 3016 [orationibus.

1845 3056 1988 3093 aures
2010 3040 2336 3100 orationibus3
2358 3039 2449 3091 sed
2466 3040 2669 3090 Cratero
2689 3038 3037 3090 unus-effidem
3054 3039 3166 3090 finis
3196 3041 3345 3103 atque

2190 3186 2298 3232 563.
2334 3183 2521 3230 PAULI
2562 3181 2946 3230 leENTIARn.

1783 3319 1933 3378 silea,
1973 3315 2361 3378 Chryseomalle,
2402 3326 2599 3364 oeneum
2623 3315 2897 3366 silentium
2927 3311 3080 3375 illud,
3124 3325 3215 3361 nec
3245 3313 3349 3377 jam

1732 3445 1744 3474 ,
1844 3404 2079 3468 imagines
2098 3403 2375 3466 priscorum
2396 3399 2592 3464 perficis
2612 3398 2893 3450 mortalium
3178 3395 3350 3461 [nobis

1743 3502 2819 3516 -——..—-—-————-———-————-

1847 3562 2089 3611 Laudibus
2108 3570 2376 3628 aequantem
2400 3559 2569 3609 soeeula
2592 3558 2747 3624 prisca
2766 3557 2921 3606 virum
2949 3573 2964 3607 :

1781 3647 1989 3696 Nomine
2012 3655 2115 3695 erat
2142 3648 2368 3696 Craterus
2384 3681 2400 3705 ‚
2428 3644 2509 3692 sed
2530 3658 2583 3690 re
2606 3656 2797 3706 quoque
2828 3657 2842 3689 :
2869 3648 3087 3690 mortuus
3110 3639 3223 3705 ipsis

1847 3729 2055 3778 Extorsit
2077 3727 2309 3793 lacrymas
2333 3725 2551 3774 hostibus
2570 3723 2653 3772 ille
2673 3722 2786 3772 suis.

1781 3810 1924 3875 Quod
1942 3809 2128 3874 juvenis
2152 3807 2297 3874 periit
2313 3843 2328 3868 ,
2365 3807 2426 3854 de
2448 3810 2594 3854 Parca
2612 3805 2739 3870 justa
2766 3803 2963 3869 querela
2988 3811 3078 3864 est,

1847 3898 1966 3957 Quae
1991 3894 2086 3942 tale
2116 3893 2163 3941 in
2203 3891 2381 3940 mundo
2407 3888 2564 3939 noluit
2592 3905 2692 3937 esse
2721 3888 2880 3938 decus.

2346 4043 2461 4092 562.
2517 4058 2756 4090 nusum.

1790 4199 1919 4265 Quid
1944 4199 2132 4250 Crateri
2155 4208 2205 4248 te
2224 4198 2383 4263 lingua
2408 4197 2683 4264 potentius?
2709 4194 2925 4244 hostibus
2946 4194 3059 4261 ipsis

1850 4285 1949 4332 Cur
1972 4289 2158 4330 taceant
2186 4295 2326 4329 causa
2353 4296 2434 4341 es,
2470 4295 2558 4328 cur
2588 4278 2925 4343 loquerentur,
2954 4291 3082 4328 eras.

1783 4369 1964 4414 Omnes
1986 4373 2037 4414 te
2052 4362 2237 4428 superis
2262 4361 2393 4410 auris
2417 4368 2633 4408 vescente
2656 4357 2889 4408 sonabant
2912 4373 2926 4405 ι

1852 4451 2031 4498 Omne·
2055 4462 2140 4497 ora
2169 4455 2253 4495 tuo
2268 4444 2435 4495 funere
2461 4445 2620 4493 clausa
2646 4452 2831 4492 tenent.

1785 4535 1888 4583 Nec
1907 4531 2123 4598 praebere
2145 4528 2261 4579 velit
2286 4529 2535 4593 quisquam
2559 4525 2856 4575 sermonibus
2882 4540 3049 4586 ουτως

1852 4615 1987 4664 Idem
2014 4613 2199 4664 dicendi
2236 4612 2465 4662 terminus
2487 4619 2535 4659 et
2563 4609 2767 4660 Crateri.

2243 4749 2355 4797 563.
2394 4760 2541 4794 num
2577 4759 2897 4792 nunu-narr.

1786 4886 2159 4953 Chryseomalle‚
2182 4893 2307 4934 taces
2340 4882 2511 4949 :jubet
2532 4881 2627 4932 hoe
2644 4879 2722 4930 lex
2740 4880 2921 4942 ferrea,
2943 4895 3031 4929 nec
3049 4879 3150 4945 jam

1851 4970 2089 5036 Exprimis
2111 4968 2329 5018 antiquos
2356 4966 2515 5017 frome
2538 4981 2775 5031 manuque
2800 4964 2924 5014 viros
2940 5000 2957 5026 ,
