3829 5747
671 381 1106 476 BREVIS
1181 381 1863 478 ANNOTATIO
1939 389 2059 478 IN
2135 387 2524 483 CAPUT
2599 377 2753 486 V'l.

193 839 334 888 Codex
375 859 386 887 :
424 841 541 902 ἀρχὴ
574 843 670 888 τῶν
711 839 1061 900 ἀναθεματικῶν
1099 840 1228 903 (sic)
1269 843 1647 906 ἐπιγραμμάτων.

1747 844 1859 896 lius.
1894 867 1919 890 υ
1940 849 2053 898 Jac.
2088 848 2296 900 Videtur
2312 863 2421 902 esse
2450 851 2714 914 λουσάμενα
2740 865 2889 904 sensu
2910 853 3107 918 passivo
3124 855 3314 918 capien-

149 929 166 949 ·
190 911 288 958 Post
307 908 405 958 haec
421 909 606 974 aliquot
625 910 776 960 verba
793 911 864 959 ita
886 911 1056 960 tenuia
1074 923 1133 960 ac
1151 911 1332 961 detrita
1355 916 1413 964 ut
1438 911 1654 976 dignosci
1747 916 1885 967 dum.
1927 919 2069 970 Cout'.
2100 923 2201 970 not.
2244 920 2309 970 ad
2350 924 2433 982 lx,
2464 934 2542 985 ep.
2591 926 2701 974 247.
2728 923 2831 974 Nisi
2859 923 2935 974 vis
2974 925 3130 986 major
3159 925 3223 975 sit
3262 926 3315 974 in

145 981 360 1040 nequeant.
383 998 406 1020 υ
431 979 635 1028 Ραιιιςε.
669 981 728 1028 In
757 992 951 1029 summa
971 980 1142 1044 pagina
1156 981 1386 1044 leguntur
1420 980 1521 1030 duo
1539 994 1652 1030 ver-

147 1061 214 1097 sus
237 1061 337 1096 cum
355 1047 576 1098 lemmate
599 1069 613 1098 2
647 1051 710 1105 εἰς
732 1052 919 1109 τελετὴν
947 1052 1194 1100 Διονύσου.
1234 1071 1256 1094 α
1283 1055 1421 1109 Quos
1445 1065 1543 1100 non
1571 1052 1646 1101 vi-

147 1131 236 1166 sum
255 1121 322 1168 est
347 1117 566 1169 Jacobsio
581 1120 634 1170 in
653 1119 872 1170 ordinem
894 1123 1168 1170 ceterorum
1194 1121 1372 1172 debere
1390 1122 1573 1187 recipi,
1599 1125 1651 1174 et

145 1188 184 1236 in
197 1188 562 1240 commentarium
581 1189 748 1253 rejecit
757 1208 774 1252 ;
794 1190 1052 1253 immerito,
1071 1191 1269 1254 opinor;
1295 1196 1346 1243 et
1363 1193 1658 1257 epigramma

149 1257 242 1306 illud
265 1257 310 1306 in
331 1257 490 1308 sedem
512 1258 730 1309 debitam
752 1259 961 1310 restitui.
993 1279 1019 1304 n
1049 1262 1212 1312 Boiss.

195 1397 250 1445 1².
269 1415 290 1438 ιι
313 1396 548 1459 Scriptum
583 1397 636 1448 in
662 1410 906 1462 gemmam
923 1436 938 1460 ,
963 1399 1016 1450 in
1052 1413 1153 1464 qua
1173 1414 1353 1465 pompa
1379 1403 1654 1464 mystarum

151 1463 278 1514 Iacchi
293 1469 628 1528 repraesentata
657 1470 790 1529 erat,
813 1469 1081 1520 Amoribus
1105 1484 1254 1534 supra
1285 1471 1579 1521 volantibus.
1619 1476 1662 1519 A

153 1537 344 1587 varietate
377 1537 674 1602 figurarum,
719 1553 871 1603 quam
911 1541 994 1592 illa
1019 1541 1302 1604 exhibebat,
1338 1545 1649 1606 πολύμορφος.

157 1613 316 1657 amores
333 1613 490 1660 autem
521 1611 596 1661 illi
617 1611 912 1662 vindemiam
929 1613 1244 1672 exercebant3
1265 1612 1380 1662 hinc
1407 1615 1544 1677 χορὸς
1565 1630 1666 1676 τρυ-

153 1681 260 1738 vim.
279 1682 436 1732 Plures
475 1695 538 1733 ex
571 1684 866 1748 antiquitate
905 1688 1169 1750 supersunt
1205 1700 1410 1749 gemmas
1435 1686 1554 1736 huic
1597 1685 1665 1736 di-

154 1748 276 1800 sticho
304 1753 678 1805 accommodatae
693 1792 707 1817 ,
748 1759 808 1806 ut
829 1755 1129 1808 nobilissima
1163 1771 1355 1821 gemma
1387 1756 1667 1808 Michaelis

156 1822 294 1882 Anqeli
313 1825 568 1887 appellata,
607 1825 658 1875 in
694 1839 794 1890 qua
837 1826 938 1877 bini
980 1833 1184 1878 Amores
1217 1841 1340 1878 uvas
1382 1827 1446 1878 de
1483 1827 1668 1878 vitibus

155 1891 392 1956 decerpunt,
431 1894 552 1945 alter
605 1894 754 1945 etiam
797 1897 848 1946 in
897 1899 1118 1962 pateram
1160 1897 1402 1948 sublatam
1445 1901 1668 1948 mustum

154 1963 341 2024 exprimit.
367 1967 450 2014 est
471 1978 530 2014 ea
551 1977 725 2017 revera
758 1967 1042 2032 πολῦμορφος
1059 2005 1072 2028 ,
1103 1980 1259 2031 quum
1284 1967 1351 2017 ibi
1377 1967 1466 2018 viri
1495 1970 1668 2018 mulie-

157 2045 306 2094 resque,
321 2049 424 2084 cum
437 2036 644 2098 Satyris,
660 2037 826 2098 pueris
844 2041 894 2088 et
906 2037 1234 2088 animantibus
1253 2037 1408 2098 mixti,
1424 2041 1666 2102 potantes,

157 2103 442 2164 sacrificantes,
456 2105 826 2167 vindemiantes,
845 2106 1072 2158 ludentes
1095 2107 1472 2171 conspiciantur.
1499 2128 1524 2152 ν
1552 2111 1666 2160 Ιασ.

157 2173 288 2222 codex
313 2177 370 2232 εἰς
387 2177 509 2233 λίθος
527 2213 544 2238 ,
575 2189 706 2227 corr.
734 2179 838 2228 Jac.

205 2313 402 2376 sequitur
419 2315 604 2366 lemma
627 2317 742 2367 novi
779 2316 954 2380 capitis
976 2338 987 2366 :
1019 2317 1140 2380 ἀρχὴ
1171 2319 1252 2380 μὲν
1279 2321 1388 2380 ἡμῖν
1402 2357 1417 2379 ,
1438 2322 1501 2375 ὡς
1533 2320 1670 2380 φησὶν

157 2385 181 2439 ἡ
207 2389 280 2431 τῶν
313 2386 529 2446 ἐρωτικῶν
579 2389 942 2450 ἐπιγραμμάτων
978 2389 1152 2442 ἔκθεσις
1169 2428 1182 2449 ,
1223 2391 1462 2451 γεγένηται
1492 2391 1670 2440 σκοπὸν

163 2454 300 2514 ἔχουσα
317 2459 390 2512 τήν
408 2459 494 2516 σήν
521 2459 692 2521 ἐξάψαι
713 2460 934 2508 διάνοιαν.
969 2460 1024 2507 Εἰ
1048 2459 1202 2508 τοίνυν
1227 2461 1466 2520 γεγένηται
1483 2462 1538 2510 τὸ
1557 2477 1665 2524 προ-

159 2526 269 2584 τεθὲν,
283 2525 348 2573 ἐπὶ
363 2529 440 2585 τήν
465 2535 560 2577 τῶν
585 2529 934 2592 ἀναθεματικῶν
961 2529 1224 2588 ἀνάγνωσιν
1249 2531 1491 2592 μετάὸηθι·
1519 2532 1592 2590 εἴη
1617 2533 1666 2580 δὲ

159 2595 219 2640 καὶ
235 2595 294 2643 ἐπ’
310 2595 438 2654 αὐτῆς
456 2601 572 2658 ἡμῖν
597 2601 849 2658 ἀνυσθῆναι
861 2600 916 2648 τὸ
939 2600 1330 2662 σπουδαζόμενον.

205 2731 236 2776 1.
265 2732 442 2782 Lemma
462 2755 474 2782 :
505 2735 582 2782 ἐπὶ
603 2734 850 2796 κατόπτρῳ
870 2734 1125 2784 ἀνατεθέντι
1140 2736 1268 2798 παρὰ
1297 2737 1486 2792 Λαΐδος.
1508 2759 1532 2782 σι
1553 2739 1666 2788 Gal-

162 2797 244 2847 licis
261 2804 460 2853 versibus
479 2805 734 2854 redditum
761 2819 790 2854 a
809 2809 1154 2870 Longopetraeo
1173 2805 1237 2855 ad
1259 2805 1466 2858 Theocr.
1497 2823 1544 2873 p.
1577 2813 1669 2868 643

163 2882 186 2917 a
205 2872 400 2924 Voltairio
415 2876 538 2927 Dict.
573 2876 752 2941 philos,
781 2877 831 2927 in
855 2867 1220 2941 Epiyramme.
1245 2878 1386 2928 cons.
1420 2879 1666 2930 Chardon.

163 2942 276 2992 Roth.
297 2946 422 2996 Misc.
447 2949 484 2997 t.
515 2950 572 3009 1,
598 2961 648 3011 p.
683 2954 804 3008 286;
833 2950 1063 3012 sallengr.
1095 2951 1296 2998 Memor.
1337 2948 1505 2999 Litter.
1545 2952 1582 3000 t.
1617 2952 1670 3012 1,

165 3016 300 3072 p.182,
316 3016 390 3075 qui
405 3016 521 3067 alias
537 3016 793 3068 versiones
818 3020 1060 3081 apposuit.
1088 3020 1418 3069 Ausonianam
1442 3019 1671 3070 imitatio-

165 3094 246 3133 nem
265 3084 462 3137 imitatus
483 3091 559 3139 est
577 3090 764 3152 gallicis
789 3090 937 3139 etiam
973 3089 1200 3140 versibus
1226 3092 1376 3153 Guys.
1407 3091 1518 3141 ltin.
1547 3094 1587 3141 t.
1621 3093 1671 3152 1,

165 3160 280 3211 p-w.
301 3158 428 3207 Conf.
460 3162 510 3209 et
543 3158 724 3222 epigrr.
763 3164 835 3219 18,
871 3164 944 3220 19,
975 3166 1052 3210 20.
1089 3180 1112 3202 »ι
1143 3162 1206 3210 Β.
1242 3190 1304 3201 -
1338 3166 1378 3209 1.
1407 3164 1438 3220 ἡ
1465 3168 1554 3211 τῶν
1578 3164 1676 3225 ἐρα-

167 3229 258 3269 ete-0
278 3227 384 3276 cod.
403 3231 452 3278 et
465 3232 554 3279 RS.
590 3229 804 3291 (Regius
829 3244 878 3279 n.
901 3234 1024 3280 2720
1041 3269 1054 3290 ,
1081 3230 1355 3292 argumenti
1377 3230 1609 3294 miscelli‚
1647 3246 1678 3282 a

167 3290 478 3347 Schneidewiuo
515 3302 780 3362 excerptus
807 3312 818 3340 τ
851 3302 1336 3363 Proqynmasmaia
1375 3302 1432 3349 ἐπ
1464 3299 1673 3351 ΑηΗιοὶ.

173 3362 374 3427 διιτεαηι,
399 3370 614 3433 Gotting.
649 3374 764 3419 1855
781 3372 816 3429 );
849 3373 880 3429 ἡ
908 3376 1000 3418 τῶν
1029 3370 1232 3433 ἐρώτων,
1262 3369 1324 3419 el.
1355 3373 1436 3420 τὸν
1464 3372 1674 3419 ἐοὼντων

177 3434 278 3485 Plan.
301 3438 531 3490 Edebatur
555 3444 589 3499 ἡ
613 3442 694 3490 τὸν
728 3441 951 3504 ἐραστῶν.
986 3460 1010 3483 «ι
1033 3440 1131 3490 Sed
1164 3440 1234 3490 ita
1267 3441 1378 3491 Lais
1410 3440 1596 3492 diceret
1624 3456 1679 3493 se

175 3504 298 3555 adhuc
323 3509 444 3573 diligi
478 3524 659 3571 anum3
693 3524 850 3573 quum
879 3510 972 3560 hoc
1008 3510 1272 3575 significet,
1297 3512 1413 3561 olim
1439 3516 1680 3563 amatores

173 3585 238 3621 sua
249 3579 401 3637 puellae
435 3582 666 3631 rennos-‘e
699 3581 942 3631 vestibula
979 3582 1319 3644 frequentasse
1335 3619 1348 3642 ‚
1381 3584 1678 3635 senescentis

175 3646 300 3695 autem
323 3648 604 3701 deseruisse.
647 3672 670 3694 υ
719 3650 962 3701 Bozhius.
1007 3652 1170 3703 Sensit
1211 3652 1358 3702 etiam
1401 3654 1678 3715 Halteras,

175 3716 282 3773 ‘ulus
307 3722 686 3772 emendationem
715 3724 746 3781 ἥ
775 3724 909 3771 ποτ’
937 3724 1145 3786 ἐραστῶν
1176 3724 1317 3787 (coll.
1353 3726 1430 3782 lx,
1450 3736 1527 3786 ep.
1560 3727 1646 3775 103
1665 3762 1678 3783 ,

175 3791 208 3843 3,·
230 3792 480 3853 reoepimus.
504 3816 528 3835 ιι
550 3794 770 3843 Tametsi
791 3792 1166 3855 (Schneidewiui
1181 3795 1332 3844 verba
1351 3796 1493 3853 sunt)
1521 3796 1682 3858 quaeri

176 3864 295 3917 potest
310 3874 456 3911 annon
475 3867 678 3927 prarstet
706 3865 942 3928 corrigere
961 3869 990 3924 ἡ
1008 3868 1140 3925 πρὶν
1159 3866 1365 3927 ἐραστῶν
1379 3903 1392 3925 ,
1414 3870 1471 3915 ut
1492 3868 1572 3927 lx,
1600 3878 1678 3928 ep.

177 3934 290 3981 ‘EUM
321 3952 331 3979 :
355 3934 406 3981 'll
427 3936 480 3983 τὸ
511 3937 660 3983 udum.
692 3937 810 3990 Λαῒς
832 3938 1016 3985 πάντων
1052 3938 1182 3999 βέλος
1209 3938 1364 3984 οὐκέτι
1397 3936 1535 3990 Λαΐς.
1565 3956 1590 3980 υ
1619 3964 1683 3973 -—-

178 4002 198 4042 2
217 4000 502 4063 ixiBergkius
520 4010 574 4053 et
605 4002 980 4061 Schneidewin..
1010 4006 1121 4055 coll.
1151 4008 1240 4066 lx,
1275 4019 1351 4067 ep.
1384 4011 1492 4067 621,
1521 4013 1566 4057 5.
1589 4008 1680 4056 Le·

177 4068 334 4127 gebatur
356 4076 414 4122 ἑνι
429 4092 504 4135 πρ.
525 4102 594 4111 -·
619 4080 666 4124 3.
695 4076 874 4139 supple
897 4078 1098 4134 ἀνέθηκα
1117 4113 1130 4134 ,
1159 4076 1295 4139 quod
1317 4077 1466 4127 semel
1496 4076 1683 4128 dictum

179 4144 266 4189 esto.
284 4146 660 4196 -Sicimitatus
679 4150 755 4196 est
785 4146 1047 4209 Ausonius,
1077 4149 1197 4197 LV:

219 4249 294 4293 Lais
313 4263 414 4297 anus
443 4256 606 4299 veneri
625 4256 855 4311 specuium
872 4256 1008 4301 dico:
1029 4255 1219 4311 dignum
1237 4256 1399 4302 babeat
1421 4268 1469 4301 se

256 4317 408 4357 AEu-rna
427 4322 650 4360 &ternum
672 4316 813 4361 forma
835 4318 1151 4362 ministerium.

126 4382 130 4440 ιι
219 4374 262 4413 At
276 4374 368 4417 mihi
393 4378 541 4421 nuilus
564 4378 614 4421 in
632 4378 718 4421 hoc
739 4390 872 4431 usus,
893 4380 994 4434 quia
1009 4390 1198 4423 cernere
1219 4379 1350 4423 talem

127 4442 130 4527 Ι
257 4436 386 4487 Qualis
403 4450 518 4491 sum,
539 4440 678 4490 nolo:
706 4442 848 4496 qualis
874 4452 1013 4491 eram.
1037 4452 1232 4496 nequeo.

225 4545 275 4593 Π.
289 4547 472 4598 Iaemma
499 4570 512 4599 ς
535 4552 614 4599 ἐπὶ
643 4551 786 4607 τόξοις
815 4553 1094 4601 ἀνατεθεῖσιν
1113 4556 1160 4601 ἐν
1179 4558 1248 4616 τῷ
1265 4559 1346 4612 τῆς
1365 4554 1548 4611 Ἀθηνᾶς
1567 4558 1683 4615 ναῷ.

183 4634 226 4645 -
247 4620 268 4661 2
287 4622 386 4673 νηῶι
415 4620 636 4677 &ewafiat
658 4620 777 4669 cod.
803 4626 854 4670 ct
887 4624 996 4682 RS„
1021 4622 1110 4671 sed
1141 4623 1188 4672 in
1215 4623 1296 4673 illo
1321 4642 1377 4679 ης
1413 4624 1685 4685 superscri-

181 4686 408 4750 i‘umsz,
421 4689 498 4737 iar?
517 4692 748 4748 Ἀθηνιίης
769 4692 919 4751 Plan,
937 4692 1080 4753 cujus
1097 4693 1176 4741 ed.
1191 4706 1263 4755 pr.
1281 4698 1472 4742 κεῖνται.
1503 4692 1686 4743 Deinde

183 4752 376 4817 &musta
401 4761 552 4819 Flam
585 4761 752 4811 Codex
783 4766 833 4813 et
859 4766 950 4811 RS.
979 4763 1265 4826 ὓποῤῥόφια,
1307 4764 1442 4826 quod
1470 4763 1688 4815 defendit

183 4822 528 4895 §cimeidewiuus
575 4832 861 4882 auctoritate
905 4831 1134 4895 Hesychii
1169 4838 1221 4883 ct
1270 4834 1422 4883 altero
1470 4836 1688 4897 exemplo

185 4893 278 4971 {asts
301 4908 368 4957 ep.
401 4904 502 4961 124,
535 4908 584 4959 2,
619 4902 815 4954 reduxit
852 4906 955 4954 Jsc.
989 4930 1056 4941 --
1079 4908 1126 4954 4.
1165 4924 1190 4949 e<
1226 4906 1536 4967 Λουσὰμενα,
1574 4920 1688 4967 quae

187 4960 426 5017 iunbtberunt
443 4972 744 5035 sanguinem.
775 4974 944 5023 Activo
971 4975 1021 5024 in
1047 4975 1218 5025 eadem
1243 4988 1298 5025 re
1329 4978 1434 5036 vll,
1455 4988 1528 5038 ep.
1559 4979 1654 5025 443
1672 5014 1685 5038 ,

185 5035 218 5077 *ἱ
241 5036 530 5099 Τηῑὼίοᾱοτ.
585 5048 654 5093 19.
683 5048 834 5095 Lavit
860 5047 978 5095 aler
1013 5050 1232 5109 sanquis
1254 5060 1500 5110 corpora,
1529 5047 1686 5111 Virgi-

1751 1003 1899 1042 sensu
1928 992 2103 1042 medio.
2128 995 2289 1043 Boiss.

1810 1130 1896 1178 111.
1928 1130 2131 1179 Lemma
2158 1150 2171 1178 ι
2199 1130 2273 1180 ἐπὶ
2294 1129 2482 1194 ῥοπάλῳ
2500 1129 2757 1178 ἀνατεθέντι
2786 1131 3019 1192 Ἡρακλεῖ.
3051 1157 3114 1168 -
3144 1135 3182 1182 1.
3204 1135 3317 1183 Tra·

1751 1196 1945 1248 chinem
1962 1237 1975 1260 ,
1993 1197 2256 1250 Thessaliae
2288 1197 2461 1248 urbem
2476 1236 2491 1258 ,
2519 1211 2551 1248 a
2579 1211 2752 1248 saxosa
2776 1199 2987 1264 regionis
3018 1203 3197 1251 natura
3222 1216 3313 1252 no-

1751 1282 1864 1319 men
1879 1268 2091 1320 traxisse
2116 1273 2290 1320 auctor
2316 1271 2392 1319 est
2418 1266 2698 1330 Stephanus
2722 1270 2835 1332 Byz.
2872 1289 2897 1312 κ
2918 1273 3101 1321 Seneca
3136 1273 3312 1322 Troad.

1753 1345 1843 1392 818
1873 1354 1887 1384 =
1917 1339 2160 1404 lapidosa
2190 1338 2601 1390 Trachiu.1dem
2632 1340 2773 1389 Herc.
2799 1341 2905 1389 OEt.
2928 1345 3014 1391 135
3045 1360 3060 1391 ς
3078 1340 3154 1390 ad
3182 1345 3315 1392 Tra-

1752 1410 1910 1461 china
1930 1423 2103 1474 vocor,
2119 1424 2257 1461 saxa
2276 1410 2521 1473 riae-ntia.
2548 1429 2573 1452 n
2596 1408 2749 1459 Both.
2766 1436 2829 1447 -
2844 1417 2889 1460 2.
2915 1429 2939 1452 α
2961 1411 3168 1462 suidas?
3191 1420 3321 1476 πρῶ-

1752 1495 1840 1536 νες·
1891 1481 2014 1544 ὀρῶν
2050 1483 2233 1544 ἐξοχαὶ,
2274 1481 2447 1544 βουνοί.
2477 1482 2538 1529 Et
2580 1479 2713 1528 hunc
2753 1480 2919 1530 locum
2956 1482 3151 1544 promit.
3200 1502 3225 1525 υ
3254 1484 3317 1532 B.

1755 1552 1935 1602 Pholoe
1951 1590 1964 1612 ‚
2002 1565 2143 1602 mons
2167 1551 2405 1602 Arcadiae.
2430 1577 2491 1587 —
2509 1555 2555 1600 3.
2588 1553 2713 1608 Quae
2732 1550 2988 1615 ἀγριέλαιος
3014 1563 3092 1615 ap.
3114 1551 3319 1603 Theocr.

1755 1626 1876 1684 vn,
1903 1625 2150 1684 183xxv,
2182 1625 2292 1672 207.

1817 1755 1900 1803 IV.
1934 1754 2137 1802 Lemma
2166 1771 2181 1801 ς
2219 1752 2439 1816 ἀνάθημα
2476 1755 2548 1812 τῷ
2582 1751 2845 1801 Ποσειδῶνι
2892 1752 3021 1814 παρὰ
3048 1753 3232 1803 ἀλιέων.
3262 1755 3323 1804 In

1757 1827 1846 1874 RS.
1879 1826 2116 1874 Λεωνίδου
2145 1823 2479 1884 ἀναθεματικὸς
2511 1822 2692 1880 ἁλιέως.
2725 1848 2787 1860 -
2819 1825 2837 1872 1
2870 1821 2942 1871 sic
2969 1822 3110 1882 cod„
3138 1825 3227 1874 RS.
3270 1826 3323 1874 et

1763 1895 1916 1954 Plan..
1930 1913 1953 1936 «ι
1970 1891 2118 1943 nullis
2134 1891 2368 1953 numeris,
2381 1891 2624 1956 quidquid
2637 1893 2941 1955 argutantur.
2958 1913 2983 1936 ν
2995 1891 3149 1943 Both.
3163 1893 3321 1944 Boiss.

1759 1978 1872 2012 cnm
1897 1961 2134 2012 salmasio
2160 1963 2375 2018 εὐκαπές.
2415 1981 2439 2006 α
2468 1964 2801 2012 'tentaverunt
2829 1963 2966 2012 varia
3005 1976 3018 2005 ε
3055 1963 3173 2013 olim
3204 1965 3325 2014 Her-

1759 2045 1969 2081 mannus
1991 2033 2177 2096 γαμψόν
2199 2033 2277 2083 vel
2304 2035 2545 2098 γναμπτὸν
2566 2036 2609 2083 τ’
2628 2034 2760 2096 ἄγκη
2781 2033 3052 2084 Meinekius
3085 2037 3165 2098 (p.
3203 2038 3323 2097 117)

1760 2105 2003 2166 καμπύλον
2024 2105 2103 2154 vel
2128 2103 2353 2166 στρεπτόν
2383 2106 2445 2163 τ’,
2472 2103 2583 2154 coll.
2614 2116 2691 2168 ep.
2718 2107 2797 2164 27,
2827 2111 2876 2165 θ,
2903 2106 2921 2167 (
2936 2106 3154 2156 Geistius
3174 2109 3319 2156 εὐπα-

1759 2179 1834 2236 γές
1852 2175 1931 2224 vel
1950 2175 2153 2239 εὐαγρὲς.
2177 2172 2289 2223 coll.
2318 2175 2426 2234 vn,
2455 2187 2531 2237 ep.
2560 2179 2679 2234 295,
2714 2173 2792 2235 1,)
2826 2175 2921 2226 alia
2936 2177 3205 2238 Redimus,
3237 2173 3327 2240 qui

1762 2247 1951 2294 Conun.
1975 2246 2015 2303 1,
2044 2257 2091 2307 p.
2128 2247 2215 2293 144
2234 2242 2503 2292 rectissime
2527 2243 2673 2294 rediit
2703 2241 2769 2292 ad
2792 2245 3081 2296 Blomtieldii
3103 2247 3328 2298 ernenda-

1759 2315 1943 2365 tionom
1970 2313 2275 2377 Ἅγκιστρ“
2301 2315 2605 2377 εὐκαμπῆ.
2626 2314 2675 2364 ἰ11
2702 2327 2803 2376 qua
2832 2317 2981 2368 etiam
3016 2315 3326 2368 Hermimnus

1761 2392 2008 2452 postremo
2048 2385 2401 2449 acquiescebat.
2436 2407 2461 2429 ι»
2504 2385 2875 2437 Schneidewin.
2937 2389 3061 2438 Item
3100 2386 3324 2438 BothiuS.

1761 2486 1822 2495 —-
1845 2466 1873 2508 2
1895 2461 2105 2520 χὼομιὴν
2127 2457 2281 2518 Plan„
2310 2459 2422 2514 RS.;
2454 2457 2500 2518 χ’
2517 2459 2717 2519 ὠρμειὴν
2744 2457 2866 2508 cod.
2896 2488 2957 2500 -
3000 2464 3028 2509 3
3053 2460 3329 2521 τεχνηθὲντα

1761 2532 1871 2590 RS„
1903 2529 2133 2578 usitatius
2152 2527 2271 2576 inea
2297 2527 2660 2590 significatione.
2693 2554 2754 2564 —-
2770 2531 2799 2578 4
2828 2529 3007 2591 κύρτων
3028 2529 3169 2588 Cod.,
3200 2545 3227 2576 ο
3246 2527 3346 2577 su·'

1762 2598 2022 2662 per-posito.
2048 2599 2231 2649 Deinde
2247 2600 2423 2661 ἄρμενοι
2445 2597 2728 2658 Dorvillius,
2749 2597 2899 2660 quiin
2916 2597 3084 2648 codice
3110 2597 3330 2648 Mediceo

1763 2673 1937 2732 ἀορεμα
1961 2668 2237 2725 inveneram
2265 2668 2553 2730 receperunt
2582 2666 2855 2716 Brunckius
2875 2670 2927 2716 et
2950 2667 3162 2718 Meinek.
3196 2685 3219 2708 κ
3237 2669 3331 2716 Ve-

1763 2752 1873 2788 resr
1903 2741 1959 2788 ut
1979 2739 2053 2787 vel
2076 2739 2146 2787 sic
2162 2737 2319 2801 ipsam
2346 2740 2602 2786 teneamus
2620 2739 2779 2799 poetae
2804 2749 3017 2786 manum.
3051 2755 3079 2782 ο
3107 2735 3325 2786 Becker.

1761 2835 1825 2845 —
1853 2815 1900 2858 5.
1929 2827 1952 2850 «
1981 2810 2053 2857 De
2078 2807 2411 2869 Ποσειδαωνίῳ
2438 2807 2563 2868 ἔγχει
2592 2804 2705 2854 vide
2723 2805 2968 2868 Boettiger.
3002 2804 3053 2854 in
3075 2803 3332 2854 Arnalthea

1762 2884 1882 2931 tom.
1911 2882 1977 2941 ΙΙ,
1997 2894 2043 2943 p.
2074 2885 2165 2930 302
2196 2892 2331 2942 seqq.
2352 2904 2414 2913 —
2435 2884 2483 2928 e.
2513 2878 2702 2939 Ἐρὲτας
2720 2890 2811 2941 pro
2837 2878 3078 2940 ἐρετμούς,
3106 2878 3329 2939 remiqes

1762 2966 1852 3017 pro
1878 2956 2053 3011 remis,
2084 2954 2141 3001 ut
2166 2964 2243 3014 ep.
2278 2953 2386 3010 211,
2418 2956 2465 3009 5,
2500 2950 2674 2997 πλατὺν
2696 2952 2866 3012 τριχῶν
2890 2953 3213 3010 σαγηνευτῆρα
3242 2959 3333 3009 pro

1765 3025 1990 3086 σαγήνην.
2030 3042 2054 3066 n
2082 3024 2221 3079 Iac„
2251 3033 2308 3069 ex
2334 3018 2520 3069 Latinis
2545 3018 2721 3067 similia
2742 3016 2957 3067 afferens
2982 3030 3029 3079 p.
3065 3021 3169 3065 121.
3198 3017 3327 3065 Hec-

1767 3094 1866 3142 ker.
1897 3092 2020 3156 conj.
2044 3092 2123 3146 τὰς
2216 3090 2455 3153 διχθαδίας
2470 3088 2648 3143 ἐλάτας.
2668 3112 2731 3124 —-
2755 3091 2800 3137 7.
2826 3106 2851 3129 «
2873 3086 3107 3151 Ἀνακτορι
3135 3089 3297 3151 τέχνης
3316 3122 3333 3147 ,

1766 3163 2037 3221 Mercurio,
2069 3160 2118 3210 ni
2158 3160 2314 3209 fallor.
2346 3163 2403 3211 ln
2434 3159 2494 3209 iis
2516 3157 2715 3221 quidem
2759 3155 3080 3215 carminibus,
3119 3168 3235 3217 quae
3276 3167 3335 3203 ex

1767 3236 1935 3283 nostro
1958 3244 2191 3295 expressa
2202 3234 2321 3281 sunt
2334 3268 2347 3291 ‚
2370 3229 2635 3293 piscatores
2646 3226 2972 3277 instrumenta
2984 3238 3077 3275 sua
3092 3225 3336 3275 Mercurio

1767 3303 2009 3353 dedicant.
2042 3301 2184 3352 Cont‘.
2208 3300 2412 3365 Oppian.
2449 3298 2667 3355 Hal.111,
2692 3304 2747 3347 13
2764 3310 2923 3359 seqq„
2953 3304 3011 3347 2ο
3030 3308 3133 3358 seq.
3162 3316 3185 3339 ι»
3214 3299 3330 3345 Jac.

1766 3402 1832 3411 -
1850 3380 1878 3423 8
1905 3376 2069 3436 τέχνης
2174 3372 2371 3437 ἀρχαίης
2469 3370 2747 3433 τεχνοσύνης
2768 3368 2903 3418 Plan.
2924 3368 3138 3431 Ἀρχαὶας
3151 3404 3165 3428 ,
3185 3379 3337 3430 quam

1769 3442 1852 3493 diu
1884 3442 2116 3493 exercuit.

1832 3581 1890 3629 V.
1922 3580 2154 3628 Lemma:
2186 3580 2249 3633 εἰς
2274 3578 2329 3626 τὸ
2348 3576 2479 3625 αὐτὸ.
2504 3576 2568 3626 Et
2588 3575 2639 3624 in
2666 3586 2795 3623 nova
2820 3571 2992 3635 pagina
3022 3586 3034 3614 ε
3060 3573 3123 3627 εἷς
3136 3570 3339 3621 Πίσωνα

1781 3651 1899 3713 (sic)
1929 3651 2113 3713 γριπέα.
2145 3652 2238 3699 RS.
2274 3662 2287 3691 2
2329 3647 2677 3707 ἀναθεματικός.
2716 3670 2778 3681 —
2810 3650 2829 3694 1
2860 3644 3089 3696 Δώνακας
3112 3645 3227 3702 RS„
3254 3642 3340 3693 do-

1771 3722 1872 3772 rica
1901 3721 2075 3783 specie.
2107 3739 2131 3762 «
2166 3718 2437 3767 Arundines
2455 3716 2505 3765 iu
2536 3729 2729 3765 summa
2746 3717 2885 3777 parte
2902 3714 3101 3777 ligatas,
3131 3713 3339 3764 fortasse

1772 3792 1837 3842 ad
1865 3792 2069 3841 hamum
2102 3788 2385 3853 aptandum.
2410 3786 2693 3837 Theaetetus
2726 3783 2855 3835 infra
2890 3797 2968 3848 ep.
3002 3788 3080 3845 27,
3106 3790 3169 3834 2:
3198 3785 3334 3844 ἀγκι-

1773 3864 2029 3925 στροδέτων
2047 3862 2264 3919 συζυγίην
2283 3858 2506 3908 δονάκων.
2532 3876 2555 3900 n
2581 3858 2696 3906 Jac.
2726 3853 2913 3905 Deinde
2932 3856 3021 3904 Rs,
3043 3855 3258 3916 άλιηχέα.
3276 3879 3341 3890 -

1775 3940 1818 3984 2.
1857 3953 1880 3976 «ι
1911 3932 2038 3981 Hinc
2080 3929 2257 3980 suidas
2305 3950 2317 3977 :
2351 3933 2521 3991 γυρῶν·
2578 3931 2858 3989 περιφερῶν,
2918 3925 3238 3987 κεκαμμὲνων.
3275 3950 3341 3959 -

1775 4010 1820 4055 3.
1843 4003 2212 4065 Ἄκοομόλιὸὀον,
2240 4000 2367 4048 eous.
2390 4012 2469 4062 ep.
2490 4004 2569 4048 30.
2598 4018 2621 4040 υ
2647 3999 2709 4046 Β.
2732 4022 2794 4036 --·
2813 4002 2857 4045 4.
2882 3998 3227 4057 σχοινόπλεκεῖς
3246 3996 3337 4043 Rs,

1775 4074 2023 4124 Edebatur
2046 4077 2373 4133 σχοινοτενεῖς,
2406 4090 2431 4113 α
2462 4067 2596 4132 quod
2615 4066 2873 4117 Jacobsius
2908 4068 2958 4115 et
2984 4064 3267 4113 Dindorfius
3292 4064 3341 4113 in

1775 4145 1922 4194 Thes.
1960 4142 2205 4206 explicant
2238 4154 2273 4189 a
2318 4139 2450 4204 sune
2478 4141 2672 4201 junceo
2712 4148 3014 4199 suspensas,
3052 4132 3337 4183 Schneider.

1776 4218 1893 4266 Lex.
1917 4216 1968 4263 et
1994 4211 2223 4261 Schaet‘cr.
2246 4210 2309 4259 ad
2336 4212 2479 4273 Greg.
2502 4212 2615 4259 Cor.
2645 4222 2694 4271 p.
2730 4214 2840 4267 509,
2868 4205 3342 4269 juncisplexas.1n

1777 4301 1876 4350 quo
1899 4285 2011 4347 jure
2039 4298 2129 4333 suo
2147 4281 2363 4331 haerebat
2382 4281 2658 4337 Heckerusz
2681 4281 2731 4329 et
2764 4276 2972 4327 correxit
2997 4275 3340 4337 σχοινοδὲτους.

1777 4360 1961 4408 verum
1989 4354 2124 4405 dedit
2140 4356 2305 4403 noster
2335 4352 2513 4411 codex,
2546 4353 2603 4400 ut
2638 4364 2714 4413 ep.
2736 4354 2814 4410 28,
2845 4356 2892 4410 5,
2922 4348 3153 4401 εὐπλεκεῖς
3174 4346 3339 4407 σπυρί-

1778 4431 1849 4485 ὃες
1873 4428 2131 4476 vocantur.
2156 4444 2181 4468 ι»
2208 4422 2578 4473 Schneidewin.
2601 4446 2663 4457 —·
2690 4428 2717 4471 5
2750 4421 2915 4481 ἔγγυον
2946 4418 3080 4467 Plan.
3110 4442 3175 4452 —-
3200 4418 3246 4464 7.
3270 4414 3344 4463 πί-

1777 4517 1876 4550 σων
1903 4497 2047 4556 Cod.‚
2074 4498 2183 4554 RS.;
2206 4496 2413 4543 alterum
2441 4492 2575 4542 Plan.
2597 4516 2661 4527 -
2677 4496 2705 4541 8
2734 4488 2918 4544 πολλοῖς
2938 4486 3176 4548 αἰθόμενος
3196 4482 3339 4565 codfl.

1777 4582 1974 4627 omnes;
2004 4568 2257 4629 ἀχθόμενος
2280 4561 2474 4611 Jacobs.
2494 4574 2608 4611 cum
2628 4558 2897 4622 Scaliger-03
2929 4557 3197 4619 βριθόμενος
3216 4556 3343 4633 Rene:

1777 4640 1920 4695 kius,
1949 4637 2083 4701 quod
2122 4635 2328 4699 probant
2367 4632 2575 4683 Brunck.
2608 4634 2660 4680 et
2695 4630 2919 4689 Becker„
2962 4627 3072 4675 coll.
3106 4624 3343 4674 Theaeteti

1777 4709 1928 4773 epigr.
1952 4710 2007 4757 27
2026 4745 2039 4768 ,
2073 4712 2103 4757 8
2136 4725 2149 4755 ι
2176 4707 2315 4769 γήραϊ
2336 4705 2603 4766 νουσοφόρῳ
2630 4700 2895 4765 βριθομένης
2912 4697 3145 4759 παλάμης.

1840 4840 1922 4887 w.
1955 4840 2153 4887 Lemma
2183 4849 2194 4877 =
2231 4837 2293 4891 εἰς
2319 4836 2399 4884 τὸν
2424 4836 2471 4883 ἐν
2490 4836 2643 4884 Πυθοῖ
2673 4832 2873 4888 λε’6ητα,
2898 4830 2951 4879 ἐκ
2972 4827 3339 4890 τοῦἭροδότου.

1784 4911 1866 4957 Est
1898 4921 2011 4956 cum
2033 4906 2228 4955 duobus
2258 4904 2578 4967 sequentibus
2604 4915 2681 4967 ap.
2716 4900 3015 4951 Herodotum
3045 4900 3107 4959 V,
3142 4903 3219 4956 59,
3244 4902 3337 4953 60,

1782 4982 1859 5036 61,
1879 4976 1965 5039 qui
1992 4975 2241 5039 legendus.
2265 5002 2327 5010 —-
2359 4974 2521 5024 Codex
2549 4975 2655 5022 ἐών.
2676 4974 2779 5021 Jac.
2812 4984 2927 5021 cum
2952 4966 3111 5017 Reizio
3130 4970 3181 5016 et
3202 4966 3342 5015 Wol-

1783 5047 1847 5095 tio
1877 5048 1984 5109 ἔων,
2015 5067 2036 5089 «
2065 5046 2127 5095 ab
2152 5044 2354 5107 antiquo
2382 5044 2531 5093 verbo
2563 5044 2643 5104 ἕω,
2682 5056 2757 5093 eo,
2792 5062 2815 5085 u
2856 5044 2947 5105 Ap.
2982 5036 3211 5088 Herod-ut.
3244 5036 3345 5091 ἰών,

1669 5140 1786 5198 2⁶23
