3829 5747
1538 181 1615 242 IN
1658 180 1905 242 CAPUT
1951 182 2073 242 vn.
2127 198 2130 202 ·

205 323 511 442 oucnxxll.
530 351 585 364 -
626 324 655 370 3
680 335 733 380 γε
761 319 825 381 μή
854 317 925 367 ὅτι
948 319 1272 367 Hermannus.
1305 313 1576 376 Legebatur
1605 329 1656 374 γε
1677 314 1768 374 μὴν

273 528 531 578 cnxxlu.
563 529 693 584 -7‚
724 529 771 575 8.
817 543 843 568 ι
887 522 1129 572 Ultimum
1159 519 1255 571 hoc
1294 518 1537 571 distichon
1561 518 1683 568 nilnl
1707 517 1771 567 ad

206 601 377 648 cetera
418 595 647 660 pertinet,
692 593 781 643 sed
828 589 1112 656 ponendum
1157 590 1207 640 in
1252 589 1351 640 fine
1409 587 1772 653 epigrammatis

207 673 325 728 427,
361 665 599 730 Antipatri
638 662 879 728 ejusdem.
906 683 929 704 υ
956 664 1253 712 Hermann.
1280 663 1503 719 Quorum
1530 659 1667 723 prius
1695 659 1769 706 fa-

208 737 309 786 cile
337 735 575 785 concedas
594 772 607 795 ,
629 735 840 784 alterum
856 733 1161 796 pergravate.

274 873 575 923 cnxxxm.
604 897 668 906 —
683 877 731 921 6.
763 867 989 920 salmasii
1014 870 1091 918 est
1126 867 1183 918 οὔ
1208 869 1256 918 σ’
1274 868 1454 918 ἔτεκον.

276 1018 574 1066 cnxxxlx.
592 1043 657 1052 —
686 1021 715 1066 3
734 1016 1057 1066 ἐπισεύσσασα
1076 1027 1138 1063 ex
1170 1010 1351 1061 Codice
1378 1011 1605 1070 Salmas,
1636 1011 1773 1060 ἐπισ-

212 1090 431 1138 σεύσασα
453 1087 717 1150 corrigens.

279 1225 465 1273 CDXL.
517 1249 579 1258 —
614 1227 661 1274 8.
699 1221 963 1272 Salmasius
1010 1223 1235 1271 ἰθύνων
1286 1231 1444 1280 κοινὴν
1488 1223 1610 1280 eux„
1659 1232 1773 1269 cum

212 1307 363 1344 versu
391 1301 419 1344 5
450 1293 751 1343 continuans.

280 1443 576 1494 Coxnvm.
610 1468 674 1478 —
712 1446 761 1500 3,
788 1445 836 1492 4.
876 1461 898 1483 ιι
924 1443 1047 1498 Quae
1076 1440 1137 1489 de
1166 1437 1408 1489 Pratalida
1443 1435 1773 1500 proedicantur

218 1517 385 1576 varia,
429 1514 631 1563 minime
672 1509 1015 1561 commendant
1061 1509 1429 1559 hariolationem
1470 1507 1532 1556 de
1571 1506 1771 1555 Thaleta

214 1590 353 1637 vate.
378 1584 683 1635 probabilius
707 1583 917 1632 Minoem
943 1580 1156 1644 cogitant
1194 1580 1399 1630 Brunck.
1433 1582 1485 1628 ct
1503 1579 1608 1626 Jac.
1636 1578 1770 1625 Gon-

214 1656 495 1708 venientius
524 1655 675 1705 ctiam
693 1654 816 1704 soret
838 1669 848 1680 ·

454 1831 463 1840 .
497 1793 683 1844 Χθόνιον.
722 1793 1021 1857 συναρίθμιον
1039 1794 1149 1853 ὑμῖν

345 1872 505 1917 τοῦτον
532 1869 773 1930 Κρηταιεῑς
807 1868 967 1928 Κρῆτα
988 1862 1311 1928 παροικίσατε.
1337 1881 1360 1904 ι»
1394 1862 1676 1910 Hermann.

278 2007 470 2055 anv.
499 2031 561 2040 —
588 2006 645 2054 ln
668 2001 807 2054 Plinii
828 2001 996 2052 verbis
1023 2022 1035 2050 :
1066 2003 1339 2050 MYRONIS
1369 2012 1507 2051 anus
1526 1997 1671 2048 ebria
1702 2001 1777 2048 est

217 2081 456 2138 Smyrnae
479 2077 723 2138 inprimis
746 2074 945 2136 inclyta
966 2073 1209 2131 (xxxvl,
1230 2085 1281 2120 c.
1312 2073 1404 2132 33)
1434 2082 1649 2120 errorem
1672 2081 1781 2118 esse

215 2161 275 2196 ex
300 2145 487 2195 vetulae
530 2144 725 2194 nomine
773 2143 992 2205 Μαοωνίς
1031 2145 1223 2202 orium,
1256 2141 1465 2190 similem
1496 2139 1567 2190 illi
1600 2139 1687 2202 qui
1718 2139 1783 2189 ad

215 2231 296 2280 ep.
333 2223 425 2268 190
459 2218 657 2265 notatus
683 2216 785 2274 est,
824 2213 1103 2276 suspicatur
1138 2216 1195 2261 A.
1240 2210 1497 2261 Sclmsnius
1522 2211 1573 2260 in
1602 2211 1780 2260 Annal.

218 2287 451 2337 archaeol.
484 2287 643 2336 Berol.
669 2299 715 2336 a.
748 2291 882 2345 1862,
912 2285 1020 2332 dec.
1046 2296 1095 2345 p.
1125 2286 1213 2331 334
1246 2295 1349 2343 seq.

282 2431 548 2480 CDLVIII.
578 2459 640 2472 -
667 2433 695 2477 3
728 2428 834 2476 εἷλ’
876 2427 971 2476 ἀπὸ
1006 2428 1145 2483 ληνοῦ
1187 2427 1461 2485 Heckerus,
1500 2423 1633 2487 quod
1686 2433 1783 2472 non

219 2501 383 2564 recepi
400 2518 414 2558 ς
433 2499 610 2549 deinde
629 2498 737 2547 viso
754 2498 864 2546 loco
884 2501 1066 2558 Anytcs
1084 2497 1194 2559 pani
1225 2510 1365 2560 posse
1390 2495 1639 2559 putabam.
1666 2492 1781 2543 Mei-

220 2569 404 2619 nekius
430 2567 679 2631 Philologo
704 2573 839 2625 1860,
859 2581 909 2630 p.
935 2573 1041 2627 156,
1065 2567 1139 2630 ἦρ’
1165 2567 1257 2615 ἀπὸ
1290 2567 1359 2625 L,
1380 2565 1468 2614 sva
1485 2565 1647 2628 aptius
1668 2577 1777 2624 ver·

222 2644 343 2692 bum
362 2640 674 2698 desiderans,
704 2644 755 2689 et
780 2652 924 2688 versu
948 2642 977 2688 4
1006 2641 1293 2698 πλησομένη.
1324 2636 1509 2686 'Deinde
1538 2650 1587 2684 v.
1626 2643 1651 2682 5
1672 2637 1776 2696 πρὶν

222 2714 263 2762 δ’
299 2714 547 2772 ἀνύσαι,
578 2709 712 2772 quod
734 2709 867 2758 haud
892 2708 1039 2758 dubie
1065 2707 1260 2771 scripsit
1294 2707 1487 2767 Aristo;
1521 2718 1705 2770 pronus
1728 2705 1779 2755 in

220 2785 419 2847 lapsum
446 2781 630 2832 librarii
658 2781 739 2830 hic
769 2780 923 2830 locuS.
947 2780 1107 2828 Versu
1126 2786 1155 2830 6
1177 2777 1307 2828 idem
1338 2777 1604 2828 Meinekius
1634 2794 1659 2825 ν
1675 2777 1782 2835 ηὺς

221 2852 525 2916 ὑποδούχιος,
576 2849 735 2901 deleta
772 2849 948 2899 vocula
980 2852 1069 2908 ὡς,
1098 2861 1241 2911 quae,
1270 2850 1328 2896 ut
1365 2846 1439 2908 stt,
1480 2845 1544 2896 ab
1584 2844 1783 2895 librario

223 2923 494 2974 accesserit
518 2920 902 2985 comparativam
926 2919 1219 2983 particulam
1250 2916 1568 2967 desideranti.

282 3064 513 3116 CDLXX.
548 3092 606 3105 —-
630 3073 675 3115 2.
705 3065 873 3114 salin:
928 3084 953 3107 κ
981 3067 1042 3114 V.
1070 3064 1127 3113 C.
1176 3064 1461 3128 κραντίδεω,
1490 3062 1578 3113 sed
1614 3076 1778 3113 corre-

225 3143 381 3199 ctum,
406 3139 459 3187 et
480 3137 639 3199 εὔχεαι
668 3134 809 3199 (sic)
816 3166 907 3185 .....
936 3155 960 3178 »

284 3276 566 3327 GDLxxn.
617 3303 677 3316 -
722 3274 881 3324 Etiam
932 3274 1239 3324 Hermannus
1282 3288 1479 3324 carmen
1540 3274 1783 3337 integrum

226 3346 473 3411 prioribus
521 3344 748 3395 distichis
784 3343 945 3395 tribus
984 3344 1157 3394 confici
1204 3344 1378 3395 statuit
1394 3382 1407 3405 ,
1442 3347 1545 3395 eta
1581 3358 1731 3395 versu
1754 3348 1782 3395 7

226 3419 447 3482 incipere
487 3416 639 3465 aliud.
668 3418 727 3464 In
756 3428 857 3478 quo
896 3414 1111 3464 dubitari
1152 3428 1248 3463 non
1283 3427 1427 3477 posse
1465 3414 1635 3465 scribit
1662 3414 1789 3477 quin

228 3486 525 3551 transposita
556 3484 734 3536 suerint
754 3483 995 3544 disticha·‚
1026 3486 1078 3535 et
1102 3486 1401 3549 epigramma
1428 3483 1565 3535 hunc
1588 3486 1639 3535 in
1674 3498 1785 3533 mo-

229 3560 347 3609 dum
373 3554 630 3607 constituit
655 3569 668 3597 ι

350 3692 512 3752 Ὦνερ,
529 3688 591 3739 ἴδ’
619 3692 683 3745 ὠς
711 3688 900 3751 ἀχρεῖον
921 3692 1018 3751 ἔχει
1039 3690 1142 3753 περὶ
1170 3689 1373 3751 νήματος
1396 3690 1536 3755 ἄκρον

416 3762 526 3819 εὐλῆ
549 3760 824 3823 ἀκὲρκιστον
846 3759 999 3813 λῶπος
1026 3760 1289 3819 ἐφεζομένη.

358 3832 445 3882 Ἐκ
474 3832 603 3890 τοίης
636 3832 880 3893 ὤνθρωποι
900 3829 1251 3889 ἀπηκιὸωμένοι
1281 3830 1459 3879 ὀστέων
1529 3830 1537 3839 ‘

416 3904 634 3965 ἁρμονίης
660 3901 850 3965 ὓψοῦντ’
870 3902 1029 3965 αἰθέρα
1060 3901 1148 3949 κᾶν
1170 3903 1357 3961 νεφέλας

357 3974 495 4023 ἸΙοῦν
524 3974 569 4031 ἐξ
586 3974 698 4031 ἠοῦς
724 3972 869 4019 ὅσσον
896 3971 1069 4028 σθένος·
1100 3970 1167 4018 ὧν
1184 3968 1437 4032 ἀνερευνῶν

416 4043 535 4098 θείης
563 4043 610 4089 ἐν
637 4044 738 4103 λιτῇ
758 4040 1026 4100 κεκλιμένον
1055 4040 1189 4101 βιοτῇ

358 4117 485 4161 τοῖον
516 4114 571 4161 τὸ
599 4114 877 4173 ψαλάθρειον
896 4110 1266 4171 ἀπεψιλωμένον,
1292 4108 1393 4157 οῖον

418 4185 581 4245 πολλῷ
610 4182 869 4247 ἀραχναίου
899 4181 1198 4242 στυγνότερον
1224 4178 1447 4229 σκελέτου
1461 4215 1480 4239 ,

357 4254 447 4302 αἰεὶ
474 4258 610 4301 τοῦτο
635 4254 732 4315 νόῳ
762 4252 1079 4313 μεμνημένος,
1101 4250 1233 4313 ἄχρις
1261 4250 1423 4313 ὁμιλῇς

416 4326 552 4379 ζωοῖς
572 4360 585 4383 ,
616 4324 664 4379 ἐξ
688 4323 789 4380 οἴης
812 4322 1061 4386 ἁρμόνισαι
1086 4320 1316 4382 καλάμης.

242 4472 393 4521 Versu
426 4476 481 4521 15
510 4472 609 4520 αἰὲν
626 4474 765 4519 τοῦτο
794 4473 941 4519 νοοῦ
974 4468 1361 4520 Scheidewin'uS.

298 4606 589 4655 cnnxxtx.
607 4630 681 4657 ,-
703 4612 733 4656 ο
752 4576 1013 4665 ωζαιτητᾰν
1032 4608 1201 4658 enatat
1226 4606 1373 4655 sum.

302 4740 641 4787 cnaxxxm.
670 4764 732 4775 -—
759 4742 779 4787 1
809 4738 1030 4789 salmasii
1052 4743 1129 4789 est
1154 4740 1286 4790 τίπτε
1303 4757 1375 4791 τοι
1402 4742 1541 4791 οὕτω.

303 4874 686 4924 cnnxxxvln.
730 4899 793 4910 -
826 4878 856 4923 4
886 4876 940 4923 ἐκ
967 4876 1159 4937 κραδίας
1188 4878 1311 4939 conj.
1354 4877 1661 4930 schneidew.
1698 4850 1797 4930 sed*

249 4962 270 4985 κ
299 4942 469 4993 deesse
504 4943 699 4993 videtur
730 4941 991 5005 distichon,
1030 4949 1086 4995 ut
1110 4946 1357 4995 annotavit
1382 4947 1532 4997 schol.
1566 4951 1637 4996 Eo
1666 4950 1791 4998 rese-

3294 181 3403 238 571

1858 311 2066 362 rendum
2106 311 2158 359 ἐκ
2193 312 2416 368 mazniz.
2441 322 2554 358 nam
2603 308 2904 372 sequebatur
2944 309 3150 358 tortasse
3190 309 3414 358 τίλλοιῡσα

1858 383 2016 447 τρίχας
2043 382 2118 430 vel
2161 380 2320 431 simile
2359 380 2559 444 aliquid.
2603 401 2627 423 n
2665 384 2960 430 Hermann.
2998 379 3143 429 Abuti
3187 391 3306 428 sane
3333 379 3416 428 illo
3521 396 3524 399 ·

1858 455 2004 503 λείπει
2023 454 2258 514 glossator
2294 452 2371 500 vel
2389 455 2634 500 corrector
2667 451 2907 515 reperitur
2939 463 3305 512 nonnunquam,
3327 449 3416 499 ubi

1860 526 2162 573 structuram
2199 535 2298 571 non
2342 521 2568 584 expedit,
2611 521 2698 571 scd
2742 521 2791 570 in
2826 525 2995 571 nostro
3038 522 3148 570 loco
3177 534 3272 570 non
3305 522 3414 569 erat

1859 592 2283 644 contemnendum.

1925 737 2261 786 anxxxlx.
2286 762 2346 772 --
2373 739 2403 784 3
2425 735 2608 795 νεοθᾶγι
2637 732 2876 782 correctio
2897 731 3134 782 salmasii.

1925 863 2110 910 CDXC.
2131 892 2186 904 -
2213 881 2237 904 σι
2266 863 2373 910 Νοιι
2400 863 2570 924 aptum
2592 859 2778 920 πρόσω,
2803 871 2917 907 nam
2950 858 3082 908 nulla
3101 859 3182 907 hlc
3209 863 3266 907 in
3292 857 3414 907 lon·

1863 934 2116 995 yinquum
2131 931 2348 994 prolata
2373 943 2502 994 spes.
2528 933 2694 988 Quare
2711 927 2919 977 scribam
2948 942 2959 971 ι
2991 928 3089 977 ἀλλ’
3109 929 3197 976 ἑνὶ
3229 929 3418 977 πάντων

1862 1003 2106 1059 ἐλπίδας...
2138 1001 2278 1067 Μοῖρ’
2310 1003 2494 1052 ἐκύλισε
2526 1000 2708 1063 βὸλῳ.
2753 1019 2776 1042 ιι
2803 1003 3088 1049 Hermann.

1928 1142 2130 1189 cDxc1.
2178 1168 2239 1177 —
2271 1143 2290 1190 1
2331 1141 2385 1196 ἇς
2423 1142 2544 1194 ὕπο.
2587 1141 2643 1189 ut
2680 1138 2858 1196 Boiss„
2887 1136 3034 1187 etiam
3073 1139 3420 1195 Romaanus,

1864 1210 1944 1260 cui
1970 1211 2066 1260 hoc
2097 1211 2419 1274 epigramma,
2450 1213 2508 1260 ut
2535 1209 2788 1272 sequentia
2814 1207 2940 1269 duo,
2965 1207 3015 1257 in
3042 1208 3279 1271 virginem
3310 1222 3420 1258 csse

1865 1281 2102 1345 scriptum
2130 1280 2324 1329 videtur
2339 1294 2452 1342 ηοω
2471 1280 2597 1329 mori
2615 1294 2765 1343 quam
2787 1278 2918 1329 hosti
2943 1292 2996 1330 se
3021 1279 3138 1328 dare
3163 1279 3420 1337 maluerit3

1865 1354 1918 1401 et
1949 1351 2185 1401 excidisse
2208 1350 2456 1400 distichon
2483 1350 2640 1400 videri
2660 1350 2788 1400 inter
2813 1350 2952 1414 prius
2971 1351 3022 1399 et
3039 1349 3265 1400 alterum.

1929 1491 2164 1541 cnxcn.
2199 1517 2238 1525 -
2282 1497 2308 1540 2
2339 1491 2467 1552 ῦὸριν
2494 1488 2643 1538 &vai-e.
2671 1501 2872 1549 omnes;
2893 1487 3102 1538 correxit
3123 1487 3420 1548 Meinekiu83

1866 1575 1917 1610 v.
1952 1560 2018 1611 ad
2057 1574 2107 1608 v.
2148 1565 2196 1609 6.
2225 1587 2288 1596 -
2321 1563 2350 1609 3
2407 1580 2430 1603 «
2477 1562 2536 1608 V.
2571 1561 2626 1608 C.
2668 1560 2736 1608 ὧν
2763 1563 2790 1610 ὁ
2819 1561 3004 1622 βίατος,
3034 1559 3120 1608 sed
3149 1571 3216 1608 ex
3246 1571 3414 1608 corre-

1866 1628 2042 1680 ctione.
2073 1632 2236 1686 Βίατος
2262 1629 2464 1692 quidem
2489 1630 2640 1678 fuisse
2673 1628 2809 1691 prius
2842 1629 3052 1690 videtur,
3073 1629 3125 1677 et
3162 1644 3204 1677 ω
3207 1663 3302 1688 .....
3333 1625 3422 1676 sed

1867 1699 2066 1762 reliqum
2096 1699 2252 1749 literae
2283 1713 2312 1748 a
2343 1703 2617 1748 correctore
2644 1700 2779 1747 sunt.
2808 1718 2830 1742 υ
2862 1698 3027 1747 Salm.
3054 1724 3115 1734 -
3144 1703 3190 1746 6.
3219 1717 3244 1740 «
3277 1699 3424 1748 Recte

1867 1769 2118 1819 Heckerus
2145 1767 2339 1833 scripsit
2367 1770 2611 1830 εἱλόμεθα,
2655 1769 2706 1817 in
2743 1767 2922 1818 ceteris
2951 1781 2982 1817 a
3013 1770 3149 1817 recta
3177 1767 3258 1816 via
3282 1766 3424 1818 aber·

1868 1853 2000 1890 rans.
2018 1838 2339 1889 scribendum
2363 1839 2557 1888 videtui·
2582 1857 2593 1887 :

1998 1968 2240 2033 ’ῼχὸμεθ“,
2271 1969 2312 2017 ὦ
2341 1969 2518 2026 Μίλητε
2531 2004 2545 2027 ,
2569 1968 2674 2028 φίλη
2701 1968 2869 2030 πατρὶ,
2889 1966 2974 2016 τὰν
2996 1967 3271 2029 ἀθέμιστον,

2055 2041 2140 2090 τὰν
2163 2041 2336 2102 ἄνομον
2361 2040 2574 2090 Γαλατᾶν
2597 2056 2628 2086 κ
2642 2039 2754 2100 dap
2770 2054 2786 2087 ι
2801 2057 2826 2085 ν
2851 2039 3226 2102 ἀναινόμεναι....

1997 2112 2068 2160 Οὐ
2085 2113 2175 2175 γὰρ
2198 2111 2442 2172 ἐμείναμεν
2464 2110 2602 2171 ἅμμα
2629 2111 2684 2159 τὸ
2711 2109 2931 2165 δυσσεδὲς
2945 2145 2960 2170 ,
2979 2108 3076 2160 οὐδ’
3091 2111 3336 2172 Ὑμέναιον

2057 2183 2247 2244 νύμφιον
2261 2219 2274 2242 ,
2303 2181 2402 2229 ἀλλ’
2426 2181 2572 2244 ᾍδην
2603 2179 2821 2242 κηδεμὰν’
2839 2180 3070 2244 εἱλόμεθα.

1872 2325 2095 2380 Quorum
2121 2335 2357 2372 versuum
2386 2321 2603 2371 secundo
2628 2321 2756 2385 ῦὸριν
2779 2321 2972 2384 legitur,
2999 2319 3088 2370 sed
3109 2321 3322 2383 κύπριν
3344 2332 3427 2369 ve·

1874 2407 1982 2444 rum
2025 2407 2134 2444 esse
2170 2392 2386 2443 ostendit
2429 2393 2635 2442 verbum
2681 2387 3006 2454 avatvdpmat.
3046 2393 3208 2440 Versu
3252 2390 3428 2440 ultimo

1872 2467 2063 2524 νύμφιον
2090 2464 2233 2526 posui
2257 2477 2349 2527 pro
2376 2465 2596 2526 νυμφίον,
2626 2466 2940 2526 nuptiarum
2965 2461 3261 2528 preese'dem.
3300 2464 3426 2512 Nota

1872 2536 1951 2584 est
1974 2535 2208 2596 Ἀφροδίτη
2231 2535 2405 2596 νυμφία
2440 2547 2496 2584 ex
2526 2533 2780 2585 Pausania.
2814 2553 2838 2578 ν
2865 2533 3084 2584 Meinek.
3127 2532 3193 2582 ad
3217 2533 3428 2584 Theocr.

1873 2618 1924 2668 p.
1954 2607 2064 2654 345.

1935 2740 2164 2789 CDXCV.
2187 2767 2252 2776 —
2273 2747 2320 2790 2.
2350 2739 2580 2790 Planudis
2605 2741 2646 2790 ’A
2663 2739 2852 2789 σπασί
2868 2756 2909 2802 ῳ
2943 2739 3106 2802 πικρὸν
3127 2739 3248 2788 {reu
3265 2742 3318 2794 ξε
3341 2741 3430 2802 μὸ·

1872 2827 1951 2875 ρον
1980 2824 2133 2860 unum
2159 2823 2268 2860 esse
2287 2823 2458 2861 verum
2483 2813 2649 2859 censet
2679 2811 3015 2865 normannus:
3053 2810 3277 2860 etaltera
3303 2811 3429 2860 scri-

1872 2884 2016 2947 plura
2044 2878 2200 2931 multo
2221 2894 2338 2931 sane
2370 2882 2545 2931 melius
2576 2881 2814 2945 procedit.
2837 2884 2902 2930 Ex
2926 2880 3108 2931 Codice
3136 2886 3300 2931 autem
3323 2883 3428 2932 Sal-

1875 2952 2058 3004 masius
2085 2952 2192 3001 haec
2213 2966 2226 2995 ε
2250 2971 2274 2995 «ι
2308 2954 2583 3012 ἀσπασίως,
2601 2954 2653 3002 et
2679 2953 2954 3001 correctum
2975 2951 3221 3007 ἀσπάσιος.
3250 2970 3274 2995 υ

1936 3092 2044 3139 DII.
2066 3114 2129 3125 --
2151 3092 2180 3139 4
2215 3088 2446 3150 πανσυδίῃ
2465 3087 2684 3138 enotavit
2713 3086 2862 3137 Salm.

1941 3226 2044 3273 Dv.
2074 3250 2133 3259 —
2162 3228 2180 3272 1
2211 3224 2428 3287 aspicito:
2451 3236 2553 3273 sec.
2583 3223 2735 3272 Salm.

1937 3361 2068 3409 Dv1.
2100 3385 2159 3394 —
2188 3365 2216 3408 2
2248 3356 2494 3419 ἠνυσάμην
2519 3370 2636 3407 cum
2663 3356 2845 3406 Huetio
2884 3356 3212 3407 necessarium
3245 3354 3436 3420 judicat

1879 3428 2187 3481 Schneidew.
2215 3454 2265 3464 —
2295 3437 2323 3478 s
2360 3446 2385 3471 «ι
2414 3428 2662 3491 ἀπέὃρυξεν
2691 3430 2754 3477 V.
2784 3428 2862 3488 c.,
2895 3426 2982 3476 sed
3008 3429 3284 3477 correctum
3318 3430 3432 3478 ὑπέ-

1876 3503 2048 3565 eccene.
2074 3520 2098 3543 ι»
2123 3498 2285 3549 saltn.

1940 3642 2092 3689 nvn.
2113 3666 2176 3675 —
2207 3642 2254 3687 4.
2287 3656 2310 3679 «
2333 3639 2458 3699 nege
2485 3636 2719 3698 θαλάμους
2747 3638 2834 3685 aut
2861 3636 3083 3696 θάλαμον.
3112 3656 3136 3680 »»
3164 3614 3330 3687 εάιηι.

1937 3778 2130 3829 Dxxv.
2160 3803 2223 3813 —
2244 3782 2274 3823 6
2288 3774 2526 3837 ἀρχισίους
2545 3772 2748 3832 Keilius,
2769 3786 2920 3836 quem
2937 3773 3052 3823 vide
3079 3775 3142 3825 de
3161 3774 3255 3824 hoc
3281 3777 3433 3841 epigr.

1876 3850 2103 3982 ἓωέιέἑιῐε
2129 3845 2450 3895 disserentem
2489 3844 2540 3893 in
2581 3844 2828 3909 Philologo
2865 3858 2911 3895 a.
2966 3849 3082 3897 1863
3105 3885 3118 3908 ,
3163 3849 3322 3912 suppl.
3369 3851 3433 3910 11,

1937 4044 2152 4093 Dxxxl.
2189 4071 2239 4079 --
2286 4048 2316 4091 6
2342 4043 2422 4092 οἶα
2453 4044 2662 4093 λέαινα
2703 4044 2864 4095 solum
2903 4044 3080 4109 probat
3120 4046 3327 4096 Meiuek.
3371 4044 3436 4096 ad

1877 4112 2084 4164 Theocr.
2117 4127 2167 4177 p.
2207 4116 2318 4162 355.

1942 4249 2170 4298 mxxv,
2211 4274 2264 4282 -
2297 4253 2325 4297 5
2354 4246 2473 4311 ἄγρῃ
2499 4260 2580 4311 ap.
2610 4248 2760 4297 Salm.

1942 4390 2199 4438 Dxxxvl.
2259 4416 2312 4421 —
2357 4408 2381 4431 «ι
2434 4389 2650 4453 Respicit
2681 4388 2778 4440 hoc
2823 4402 2899 4453 ep.
2932 4392 3134 4440 Tzetzes
3175 4390 3228 4441 in
3270 4392 3435 4444 cmm.

1881 4457 2065 4507 Anecd.
2091 4460 2183 4506 Ox.
2209 4458 2306 4507 vol.
2329 4460 2415 4519 Ill,
2445 4472 2492 4521 p.
2525 4462 2634 4508 339.
2669 4478 2692 4502 υ
2717 4457 3030 4511 δσΙιπεὶᾰθιυ.

1942 4601 2254 4650 Dxxxvm.
2284 4628 2346 4637 -—
2369 4606 2412 4650 1.
2445 4622 2468 4643 a
2495 4602 2811 4653 scribendum
2843 4602 3002 4661 Μάνης
3019 4604 3179 4661 δοῦλος
3200 4606 3332 4668 ἀνήρ,
3350 4620 3441 4669 pro

1884 4669 2038 4725 οὗτος.
2082 4672 2206 4719 Nam
2234 4673 2434 4720 strenua
2465 4671 2709 4735 oppositio
2748 4672 3012 4736 flagitatur,
3047 4686 3198 4738 quam
3234 4674 3438 4739 simplex

1886 4740 2045 4797 Μάνης
2087 4754 2261 4791 nomen
2277 4778 2292 4799 ,
2324 4742 2529 4806 saepius,
2571 4755 2669 4791 non
2704 4756 2897 4807 semper
2935 4743 2999 4794 de
3036 4744 3194 4795 servis
3221 4743 3407 4793 dictum
3423 4782 3437 4806 ,

1882 4809 2103 4875 praebere
2133 4810 2319 4873 nequit.
2349 4840 2411 4853 -
2434 4818 2484 4861 2.
2520 4812 2723 4862 Darium
2762 4813 3132 4865 codomannum
3166 4814 3262 4866 dici
3295 4818 3442 4878 puta-

1884 4879 2016 4930 veris
2037 4881 2218 4943 olymp.
2248 4886 2351 4941 112,
2377 4884 2424 4941 3,
2455 4895 2612 4944 quum
2638 4882 2970 4934 Alexandrum
2998 4883 3188 4949 fugeret
3204 4921 3218 4946 ‚
3241 4886 3442 4949 repente

1885 4950 2212 5001 interfectum.
2238 4969 2263 4994 ι»
2285 4950 2574 5016 Benndorf.
2604 4966 2653 5016 p.
2679 4955 2757 5003 37.
