3829 5747
365 245 442 304 76
1479 241 1985 306 ANTHOLOGIAE
2028 237 2175 300 PAL
2183 240 2427 300 ATINAE

889 383 978 435 94.
1015 380 1138 430 ΤΟΥ
1168 384 1381 431 ΑΥΤΟΥ.

361 533 610 614 ’Optauit’
631 535 768 615 ἔχεις
788 535 868 596 Ἥ
873 559 963 615 ρης
981 580 999 612 ,
1025 535 1230 608 Μελίτη
1249 581 1266 614 ,
1287 535 1379 603 τὰς
1404 538 1584 616 χεῖρας
1610 532 1824 606 Ἀθήνης
1838 578 1860 606 ,

441 623 560 690 τοὺς
589 621 780 699 μαζοὺς
803 621 1046 703 Παφίης,
1073 620 1140 680 τὰ
1166 621 1336 702 σφυρὰ
1361 627 1454 694 τῆς
1471 620 1705 688 Θέτιδος.

361 711 645 787 Εὐδαίμων
673 715 701 769 ὃ
734 709 940 790 βλέπων
976 732 1063 767 σε·
1087 709 1379 789 τρισόλδιος
1404 708 1546 775 ὅστις
1575 707 1780 768 ἀκούει·

438 797 648 876 ἡμίθεος
675 799 723 857 δ’
749 801 778 856 ὁ
804 799 984 878 φιλῶν·
1018 796 1269 864 ἀθάνατος
1297 797 1342 854 δ’
1365 801 1393 856 δ
1417 799 1625 875 γαμῶν.

872 969 962 1021 95.
1002 971 1398 1019 ΑΔΕΣΠΟΤΟΝ.

361 1123 631 1206 Τίσσαρες
659 1125 714 1182 αἱ
741 1123 1000 1204 Χάριτες,
1027 1123 1232 1204 Παφίαι
1259 1123 1377 1197 δύο,
1401 1121 1490 1183 καὶ
1513 1121 1639 1182 δέκα
1670 1124 1882 1182 Μοῦσαι
1899 1143 1917 1156 ·

440 1211 690 1293 Δερκυλὶς
714 1213 768 1270 ἐν
797 1211 994 1280 πάσαις
1026 1214 1219 1273 Μοῦσα
1237 1257 1256 1290 ,
1287 1212 1478 1292 Χάρις,
1510 1209 1712 1290 Παφίη.

796 1389 872 1440 96
905 1423 922 1438 .
959 1380 1446 1439 ΜΕΛΕΑΓΡΟΥ.

360 1545 491 1614 Ἰξὸν
522 1545 658 1625 ἔχεις
682 1543 742 1616 τὸ
765 1545 969 1626 φίλημα
989 1589 1006 1618 ,
1028 1543 1094 1603 τὰ
1123 1545 1168 1601 δ’
1199 1544 1441 1621 ὄμματα,
1465 1543 1752 1623 Τιμάριον,
1776 1547 1902 1623 πῦρ·

438 1632 502 1703 ἢν
536 1633 737 1713 ἐσίδῃς,
760 1632 922 1698 καίεις
938 1655 952 1668 ·
977 1631 1042 1702 ἢν
1065 1629 1120 1692 δὲ
1143 1631 1290 1710 θίγῃς
1307 1674 1324 1703 ,
1349 1631 1577 1698 δέδεκας.

857 1801 954 1850 97.
1003 1750 1418 1851 noromor.

365 1941 425 2000 Εἰ
452 1938 548 2014 μὲν
571 1937 655 1997 ἐπ’
677 1935 1064 2018 ἀμφοτέροισιν,
1089 1936 1263 2018 Ἔρως
1283 1983 1300 2011 ,
1324 1939 1412 1998 ἴσα
1433 1937 1556 2006 τόξα
1583 1947 1822 2010 τιταίνεις
1839 1986 1860 2016 ‚

437 2018 491 2086 εἶ
511 2025 650 2094 θεός·
679 2028 726 2084 εἰ
749 2024 804 2116 δὲ
833 2025 1000 2104 ῥέπεις
1028 2025 1154 2104 πρὸς
1179 2025 1363 2105 μέρος,
1385 2031 1442 2086 οὗ
1468 2027 1578 2093 θεὸς
1605 2021 1672 2085 εἶ.

672 2183 762 2234 98.
803 2184 1088 2246 ΑΔΗΔΟΝ,
1125 2183 1172 2238 οἳ
1203 2179 1256 2239 δὲ
1292 2181 1596 2242 ΑΡΧΙΟΥ.

362 2343 614 2413 Ὁπλίζευ
632 2388 649 2415 ,
671 2343 850 2424 Κύπρι
866 2386 883 2415 ,
907 2343 1030 2412 τόξα
1049 2388 1066 2413 ,
1090 2343 1180 2402 καὶ
1205 2346 1274 2410 εἷς
1300 2342 1494 2402 σκοπὸν
1525 2343 1722 2423 ἥσυχος
1749 2343 1862 2402 ἐλθὲ

439 2433 620 2492 ἄλλον·
643 2428 746 2510 ἐγὼ
769 2432 868 2510 γὰρ
899 2431 1008 2510 ἔχω
1029 2429 1324 2511 τραύματος
1347 2431 1461 2489 οὐδὲ
1483 2431 1660 2491 τόπον.

933 2599 1022 2650 99.
1062 2601 1336 2647 Ammon.

359 2739 608 2815 Ἥθελον,
629 2730 674 2801 ὦ
699 2739 953 2822 κιθαρῳδὲ
969 2785 986 2812 ,
1007 2739 1281 2820 παραστὰς
1296 2785 1313 2816 ,
1338 2744 1412 2809 ὣς
1430 2738 1704 2818 κιθαρίζεις
1722 2783 1740 2813 ,

441 2830 536 2904 τὴν
561 2830 766 2906 ὑπάτην
789 2835 1040 2909 κροῦσαι,
1065 2831 1160 2901 τήν
1181 2851 1240 2889 τε
1269 2830 1437 2910 μέσην
1461 2829 1713 2909 χαλάσαι.

921 2992 1041 3042 100.
1079 2994 1356 3046 ΑΔΗΑΟΝ.

361 3137 434 3199 Εἴ
455 3160 543 3215 μοι
561 3160 636 3203 τις
672 3137 932 3215 μέμφοιτο
947 3181 964 3214 ,
997 3134 1133 3203 δαεὶς
1160 3134 1241 3194 ὅτι
1265 3135 1444 3214 λάτρις
1463 3133 1700 3213 Ἔρωτος

440 3227 636 3305 φοιτῶ,
667 3222 920 3303 θηρευτὴν
947 3224 1178 3299 ὄμμασιν
1205 3222 1308 3290 ἰξὸν
1338 3222 1498 3301 ἔχων,

361 3313 520 3386 εἰδείη
547 3312 639 3371 καὶ
663 3312 810 3382 Ζῆνα
825 3354 844 3383 ,
867 3312 956 3369 καὶ
977 3310 1127 3369 Ἀΐδα
1145 3354 1163 3386 ,
1184 3310 1272 3369 τόν
1292 3332 1348 3368 τε
1370 3310 1633 3381 θαλάσσης

441 3402 794 3477 σκηπτοῦχον,
825 3398 1067 3476 μαλερῶν
1097 3400 1273 3457 δοῦλον
1298 3395 1447 3455 ἐόντα
1478 3396 1670 3454 πόθων.

361 3490 430 3548 Εἰ
454 3486 509 3545 δὲ
537 3484 642 3545 θεοὶ
663 3484 882 3561 τοιοίδε,
907 3488 1037 3550 θεοῖς
1056 3484 1102 3542 δ’
1121 3482 1392 3543 ἐνέπουσιν
1422 3483 1638 3541 ἕπεσθαι

443 3571 768 3653 ἀνθρώπους,
791 3571 846 3630 τί
871 3574 997 3630 θεῶν
1027 3570 1155 3648 ἔργα
1189 3567 1370 3646 μαθὼν
1391 3570 1589 3647 ἂδικῶ;

2692 400 2993 445 Esusmm.

2002 539 2184 589 oeulos
2200 537 2352 588 habes
2372 537 2601 601 sunonis,
2627 541 2818 602 Melite,
2846 555 3020 594 manus
3050 545 3304 606 Minervae,

2063 639 2301 676 mammas
2325 625 2523 689 Paphiae
2540 663 2554 688 ,
2578 627 2727 690 pedes
2755 629 2993 680 Thetidis.

2006 713 2143 763 Felix
2164 713 2255 776 ‚qui
2280 715 2331 763 te
2353 713 2552 777 aspicit3
2582 715 2849 766 ter-beatus
2873 718 2957 780 qui
2988 718 3152 780 audit·,

2062 801 2307 851 semideus
2334 801 2420 863 qui
2450 801 2725 863 osculatum
2751 803 3039 854 immortalis
3064 807 3151 869 qui
3178 807 3548 863 ducit-uxorem.

2568 965 2646 1008 95.
2698 971 3011 1014 ANONYMI.

2004 1117 2243 1173 Quattuor
2266 1116 2389 1165 sunt
2424 1114 2603 1166 Gratioe
2618 1153 2631 1175 ‚
2654 1119 2869 1166 Veneres
2898 1117 3011 1168 duae
3027 1157 3040 1174 .
3070 1123 3121 1170 et
3151 1121 3322 1172 decem
3346 1127 3395 1174 M
3400 1139 3507 1176 uso
3542 1148 3553 1175 :

2062 1201 2278 1265 Dercylis
2308 1201 2357 1250 in
2378 1200 2460 1252 his
2475 1202 2704 1252 omnibus
2717 1241 2729 1264 ,
2752 1205 2917 1265 Musa,
2943 1206 3133 1267 Gratia,
3152 1211 3332 1259 Venus,

2550 1377 2628 1422 96.
2656 1373 2989 1424 MELEAGRI.

2000 1540 2205 1590 Viscum
2231 1538 2381 1592 habes
2404 1540 2594 1590 basium
2608 1579 2621 1603 ‚
2646 1543 2908 1605 oculosque
2924 1581 2937 1603 ,
2958 1544 3201 1595 Timarion
3218 1585 3231 1608 ,
3252 1548 3409 1612 iguem
3433 1572 3446 1599 ι

2064 1627 2105 1677 si
2134 1625 2491 1690 aspicis‚'uris;
2512 1627 2553 1678 si
2582 1641 2699 1678 vero
2723 1629 2908 1692 tangis,
2928 1630 3152 1694 alligasti.

2605 1791 2685 1838 97.
2718 1789 2944 1840 RUFINI.
2986 1790 2993 1794 ’

2002 1946 2052 1995 Si
2078 1947 2133 1996 tu
2163 1945 2213 1994 in
2234 1946 2403 1996 ambos
2426 1947 2651 2010 quidem,
2677 1952 2841 2010 Amor,
2866 1962 3009 2012 pares
3034 1950 3233 2014 sagittas
3260 1955 3418 2004 tendis
3434 1995 3448 2016 ‚

2064 2047 2119 2083 es
2143 2033 2293 2093 deus;
2319 2033 2395 2082 sin
2418 2036 2583 2083 autem
2604 2035 2765 2098 vergis
2792 2034 2843 2084 in
2870 2037 3058 2098 partem
3076 2073 3089 2097 ‚
3122 2050 3219 2086 non
3249 2051 3303 2088 es
3330 2038 3473 2090 deus·

2369 2207 2446 2251 98.
2482 2203 2752 2262 1NCERT13
2780 2201 2887 2251 aliis
2916 2203 3181 2255 ARCHIAE.

2002 2368 2173 2424 Sume,
2201 2367 2394 2424 venuit,
2420 2377 2585 2414 arcum
2602 2401 2615 2424 ‚
2646 2367 2697 2414 et
2726 2366 2775 2415 in
2802 2379 3003 2430 scopum
3032 2371 3289 2433 tranquilia
3313 2375 3461 2426 tende

2063 2451 2215 2501 alium
2244 2473 2256 2501 :
2284 2465 2371 2514 ego
2396 2453 2527 2502 enim
2558 2466 2619 2502 ne
2642 2453 2808 2503 locum
2830 2455 3029 2517 quidem
3059 2456 3214 2509 habeo
3235 2462 3443 2513 vulneri.

2579 2605 2658 2650 99.
2706 2611 2977 2655 menn.

2003 2758 2187 2808 Vellem
2204 2797 2217 2820 ,
2243 2773 2273 2808 o
2294 2757 2556 2808 citharoede
2570 2798 2583 2821 ,
2604 2760 2801 2810 adstans
2815 2800 2828 2822 ‚
2856 2764 2913 2812 tu
2938 2765 2995 2813 ut
3020 2763 3274 2817 citharizas
3291 2808 3303 2830 ,

2063 2860 2301 2897 summam
2330 2846 2600 2910 (chordam)
2622 2848 2842 2912 pulsare,
2872 2851 3083 2902 mediam
3109 2867 3225 2905 vero
3241 2857 3431 2909 laxare.

2576 3001 2678 3045 100.
2720 3006 2996 3050 menan.

1988 3122 2051 3191 'Si
2078 3140 2189 3204 quis
2214 3154 2293 3191 me
2314 3140 2657 3205 reprehendat,
2691 3157 2871 3207 guarus
2894 3146 3029 3208 quod
3051 3146 3272 3199 minister
3294 3154 3495 3205 Amoris

2064 3227 2259 3277 ambulo
2276 3265 2289 3287 ‚
2316 3229 2593 3278 venaticum
2619 3228 2805 3280 viseum
2836 3232 2992 3281 oculis
3018 3247 3214 3297 gerens,

1952 3386 1959 3398 ¹
2002 3314 2123 3364 sciat
2150 3315 2298 3365 etiam
2322 3318 2493 3365 Jovem
2510 3354 2523 3376 ,
2556 3319 2608 3367 et
2638 3317 2891 3367 Plutonem
2907 3357 2919 3379 ‚
2948 3323 3001 3369 et
3024 3322 3172 3371 maris

2066 3414 2225 3465 regem
2242 3441 2255 3463 ‚
2284 3402 2608 3453 violentorum
2636 3418 2833 3454 servum
2858 3420 2965 3456 esse
2989 3408 3289 3471 cupidinum.

2002 3488 2190 3546 Quodsi
2219 3488 2298 3538 dei
2322 3491 2444 3539 sunt
2469 3490 2616 3551 mee,
2641 3490 2855 3554 deosque
2870 3493 3105 3555 jubentur
3122 3498 3260 3559 sequi

2060 3574 2283 3625 homines
2300 3614 2313 3638 ,
2338 3576 2461 3639 quid
2484 3590 2633 3639 pecoo
2664 3592 2817 3641 quum
2844 3579 2912 3629 dii
2937 3583 3267 3644 quae-taciunt
3292 3586 3477 3640 didici?

375 3738 3555 3770 *W

975 3853 1059 3909 94.
1100 3860 1291 3895 norm.

359 4009 557 4059 Lumina
576 4012 609 4058 J
611 4006 780 4057 unonis
803 4005 893 4056 tibi
911 4014 1039 4066 sunt,
1063 4006 1360 4069 Venerisque
1385 4005 1594 4071 papillae',

425 4096 510 4141 Pes
529 4090 767 4147 Thetidis,
799 4089 994 4151 Melite,
1022 4088 1333 4153 Palladioeque
1359 4104 1542 4139 manus.

361 4173 562 4222 Felicem
591 4180 805 4237 aspectus
832 4180 938 4221 tuus
956 4207 972 4232 ,
997 4170 1262 4235 affatusque
1281 4170 1492 4233 beatum,

422 4254 690 4306 semideum
711 4253 890 4303 faciunt
917 4254 1096 4315 oscula,
1119 4270 1310 4319 noxque
1334 4253 1493 4302 deum.

964 4421 1046 4483 95.
1090 4436 1307 4469 mezan-

359 4586 475 4634 Rina
499 4589 693 4644 Venus,
725 4585 966 4647 Musaeque
998 4583 1180 4640 decem,
1213 4582 1286 4632 bis
1309 4580 1478 4633 Gratia
1505 4579 1618 4630 bina
1647 4594 1660 4628 ε

425 4665 637 4730 Dercylis
658 4673 728 4714 est
755 4663 934 4714 etenim
954 4664 1120 4713 Gratia
1139 4700 1154 4726 ‚
1177 4667 1315 4713 Musa
1335 4699 1351 4726 ,
1371 4668 1554 4713 Venus,

982 4842 1064 4891 97.
1097 4841 1292 4875 uuum.

357 4995 406 5046 si
428 4995 558 5060 jactu
580 4992 674 5041 duo
692 4990 833 5041 corda
851 4989 956 5055 pari
973 4987 1113 5053 petis,
1134 5002 1184 5037 es
1210 4986 1326 5036 deus
1364 5002 1377 5037 ε
1415 4982 1504 5035 hac
1528 4984 1567 5035 si

2070 3846 2285 3906 vergunt
2312 3841 2436 3900 tela,
2466 3844 2580 3893 deus
2601 3844 2703 3909 jam
2728 3844 2848 3894 mihi
2872 3862 2969 3896 non
2996 3864 3045 3897 es
3070 3852 3236 3901 Amor.

2623 4010 2705 4071 98.
2732 4026 2961 4061 Ancum..

1998 4169 2158 4218 'rende
2177 4185 2358 4230 arcum,
2380 4167 2613 4235 Cytherea
2630 4184 2648 4230 ;
2668 4168 2753 4220 seri
2778 4172 3110 4239 quodcumque
3134 4176 3327 4228 minaris
3360 4198 3374 4231 :

2064 4254 2176 4301 Non
2202 4250 2349 4301 habet
2372 4252 2424 4302 in
2450 4252 2591 4302 nobis
2605 4254 2703 4319 jam
2730 4269 2853 4303 nova
2872 4255 3005 4320 plaga
3031 4258 3203 4309 locum.

2588 4430 2607 4461 1
2616 4431 2695 4463 00.
2729 4430 2927 4463 mezur:
2935 4452 2948 4466 .

1998 4571 2046 4622 Si
2066 4571 2183 4621 mihi
2207 4573 2312 4638 quis
2330 4582 2483 4624 vertat
2511 4574 2648 4636 vitio,
2672 4577 2799 4641 quod
2824 4594 2987 4627 servus
3008 4580 3184 4630 amoris

2064 4658 2184 4703 Erro
2203 4690 2219 4715 ,
2243 4663 2384 4704 tenax
2408 4643 2557 4705 oculis
2573 4658 2699 4721 quod
2716 4657 2833 4708 mihi
2858 4660 3008 4708 viscus
3033 4660 3185 4723 inest,

1999 4736 2263 4787 AEtherium
2280 4774 2294 4801 ,
2317 4738 2622 4803 Stygiumque
2648 4743 2816 4789 Jovem
2831 4777 2849 4803 ,
2880 4742 3233 4810 Dominamque
3258 4747 3481 4813 profundi

2066 4822 2266 4870 Noverit
2287 4820 2440 4872 Idalio
2464 4822 2587 4871 oolla
2608 4822 2787 4871 dedisse
2804 4824 2936 4887 jugo.

2000 4900 2050 4952 si
2074 4902 2179 4951 talis
2205 4918 2315 4967 gens
2345 4910 2415 4951 est
2442 4902 2577 4952 uobis
2602 4903 2828 4953 imitanda
2854 4908 3084 4969 Deorum,

2066 4988 2209 5049 Quae,
2230 4986 2269 5035 si
2292 4984 2548 5051 discipulus
2569 4986 2653 5037 Dis
2675 5001 2759 5051 ego
2777 5022 2791 5048 ‚
2820 4988 2959 5055 culpa
2980 5005 3081 5039 mea
3103 4995 3209 5042 cst?
