3829 5747
491 215 610 273 148

487 344 634 407 guinc
653 346 798 393 uncta
817 343 1046 393 describit
1062 341 1340 393 Herodotus
1367 344 1436 394 ΠΙ
1453 381 1465 403 ,
1496 350 1540 394 8.
1571 345 1892 406 Plutarchus,
1923 346 2041 396 Sull.

487 428 531 465 c.
567 421 640 475 10,
683 415 744 465 de
785 415 936 465 Cinna
963 418 1126 464 narrat
1156 434 1167 464 :
1199 416 1320 476 ἔχων
1361 416 1409 462 ἐν
1434 421 1490 478 τῇ
1528 418 1643 480 χειρὶ
1675 418 1801 465 λίθον
1837 417 2044 477 ὤμνυεν,

490 486 590 535 εἶτα
626 486 974 548 ἐπαρασάμενος
1006 488 1160 548 ἑαυτῷ
1211 487 1276 547 μή
1321 486 1591 549 φυλάττοντι
1626 488 1709 543 τὴν
1757 488 1869 549 πρὸς
1918 487 2042 534 ἐκεῖ·

489 574 566 606 νον
607 556 853 619 (Syllam)
884 558 1082 615 εὔνοιαν,
1118 557 1336 605 ἐκπεσεῖν
1375 563 1455 615 τῆς
1482 558 1662 612 πόλεως
1679 594 1692 617 ,
1727 560 1887 620 ὥσπερ
1923 558 2043 612 λίθος

490 628 566 675 διὰ
593 633 672 685 τῆς
690 628 859 690 χειρὸς,
885 628 1112 675 κατέῧαλε
1136 631 1316 689 χαμᾶζε
1349 628 1428 677 τὸν
1455 629 1594 676 λίθον.
1627 630 1683 677 111
1709 640 1809 689 qua
1835 639 1888 675 re
1907 625 2042 675 simi-

489 696 646 745 litudo
663 696 890 759 quaedam
915 709 1027 745 cum
1061 709 1120 745 eo
1153 696 1278 755 ritu,
1300 710 1448 759 quem
1475 712 1504 746 a
1532 697 1784 747 socialibus
1813 697 2043 747 observa-

489 770 596 815 tum
623 768 970 815 commemorat
989 766 1156 815 Livius
1193 768 1234 826 1,
1265 771 1342 816 24.
1373 769 1506 831 Τρισὶ
1537 770 1722 831 πέτραις
1751 767 1958 817 sortasse
1980 765 2048 815 di-

489 835 557 884 cit
583 848 671 897 per
702 834 994 897 hyperbolen
1029 856 1041 885 z
1069 849 1164 884 non
1195 850 1320 895 uno,
1351 836 1484 899 quod
1511 838 1656 900 vulgo
1689 836 1792 887 [ieri
1833 835 2045 895 solebat,

489 905 603 964 sed,
633 904 677 955 si
695 908 808 968 quis
836 906 1071 967 voluerit,
1091 906 1168 955 vel
1199 906 1360 956 tribus
1389 907 1520 958 saxis
1538 920 1686 957 manu
1722 906 1895 970 captis.
1932 926 1954 949 »ι
1976 908 2048 955 De

491 976 656 1025 tribus
675 975 770 1026 diis
793 980 844 1026 et
857 975 1072 1025 victimis
1085 976 1134 1024 in
1159 977 1355 1039 jurandi
1375 978 1472 1027 ritu
1496 977 1658 1041 aliqua
1673 977 1822 1027 at't’ert
1842 977 2045 1026 Becker.

487 1060 535 1109 p.
558 1052 617 1097 88
633 1060 758 1109 seq,
779 1060 893 1109 quae
918 1044 1018 1095 huc
1033 1060 1128 1095 non
1143 1046 1400 1110 pertinent.
1417 1048 1693 1111 Lennepius
1726 1050 1921 1103 Ποιναῖς
1940 1059 2050 1095 con·

483 1117 617 1179 jecit,
635 1119 879 1167 refutatus
899 1130 928 1167 a
941 1118 1171 1167 Passovio
1189 1118 1384 1181 Scriptt.
1399 1119 1535 1168 misc.
1557 1130 1606 1183 p.
1627 1124 1732 1169 219.
1751 1117 2047 1168 struendum

489 1192 661 1250 ὤμοσα
693 1192 757 1251 μή
791 1189 956 1238 ἐσιδεῖν
988 1191 1072 1246 τὴν
1101 1189 1144 1238 δ.
1172 1188 1334 1251 κόρην.
1362 1214 1424 1237 -.-
1447 1196 1494 1239 5.
1519 1208 1544 1231 «ι
1584 1186 1745 1236 Labiis
1777 1200 1891 1237 cum
1930 1199 2049 1235 sono

495 1260 791 1322 compressis
816 1259 1041 1308 osculum
1077 1258 1236 1321 puella
1251 1296 1264 1319 ‚
1286 1259 1449 1309 virum
1474 1261 1530 1309 ut
1561 1258 1776 1307 alliceret
1791 1293 1804 1317 ‚
1832 1255 2050 1306 imitaba-

489 1334 588 1379 tur.
627 1350 651 1372 2»
681 1333 798 1380 Jac.
847 1330 972 1377 Hinc
1015 1328 1191 1378 Suidas
1235 1329 1470 1387 πόππυζε·
1515 1329 1765 1387 κολάκευε,
1805 1328 1954 1385 κήλει.
1986 1351 2048 1362 -

489 1408 542 1451 6.
579 1420 601 1441 «
625 1403 658 1450 Γ
659 1401 929 1459 υμνοτάτοις
949 1398 1128 1449 mutari
1153 1399 1259 1448 vult
1278 1398 1442 1449 Astius
1460 1398 1510 1448 in
1529 1399 1825 1459 σεμνοτάτοις
1838 1437 1852 1459 ,
1877 1399 2033 1462 pudi-

489 1473 703 1520 cissimis
716 1507 730 1533 ‚
755 1472 1083 1532 castissimi-5,-
1104 1468 1192 1519 sed
1209 1482 1369 1532 quum
1386 1470 1430 1519 is
1463 1482 1636 1519 sensus
1653 1482 1682 1517 a
1701 1481 1906 1531 persona
1935 1469 2047 1517 talis

488 1542 688 1591 femiuae
730 1539 873 1590 valde
917 1540 982 1589 sit
1019 1538 1234 1599 alienus,
1281 1538 1436 1588 voluit
1463 1552 1579 1588 sane
1607 1551 1720 1586 cum
1754 1538 1852 1587 acri
1891 1538 2045 1588 ironia

485 1610 759 1674 epithetum
790 1610 970 1660 efferri.
997 1628 1020 1653 a·
1043 1611 1112 1659 B.
1143 1634 1208 1645 -
1233 1614 1279 1659 8.
1299 1608 1438 1659 Cons.
1476 1623 1552 1672 ep.
1587 1611 1696 1669 275,
1723 1612 1804 1665 12;
1841 1610 1927 1669 lx,
1964 1620 2041 1671 ep.

485 1688 566 1742 as,
587 1687 634 1731 4.

549 1832 798 1881 CCXLVl.
843 1849 866 1873 κ
899 1834 955 1880 ln
985 1827 1251 1892 appendice
1278 1828 1461 1878 codicis
1497 1828 1692 1879 Barber.
1728 1827 1824 1877 hoc
1850 1840 2049 1890 quoque

483 1904 782 1968 epigramma
836 1899 1164 1951 Eratostheni
1205 1899 1388 1950 diserte
1430 1900 1682 1950 tribuitur.
1733 1920 1758 1943 ι»
1813 1896 2044 1947 Chat-do.

487 1976 728 2038 Scriptum
762 1972 811 2022 in
838 1972 1050 2035 puellam
1075 1970 1322 2021 tenerrimi
1341 1971 1578 2034 corporis,
1596 1970 1684 2020 sed
1710 1969 1884 2021 animae
1910 1968 2049 2018 dura>

481 2049 538 2096 et
573 2042 835 2094 castissimi
879 2042 1044 2092 moris.
1075 2044 1188 2092 Jac.
1223 2070 1281 2083 -
1311 2047 1358 2092 3.
1404 2062 1428 2085 «ι
1458 2043 1531 2091 De
1558 2040 1816 2090 adamante
1851 2040 2049 2089 metallo

487 2115 602 2165 vide
618 2114 682 2165 ad
718 2116 920 2163 AEneam
947 2114 1064 2161 Gaz.
1085 2126 1136 2161 n.
1164 2115 1274 2161 422.
1302 2131 1326 2155 n
1360 2114 1420 2161 Β.
1447 2138 1512 2149 -
1537 2116 1585 2161 4.
1624 2130 1648 2155 «
1676 2111 1902 2175 speciose
1936 2112 2079 2159 Gor--

486 2180 645 2233 nelius
658 2181 721 2232 de
740 2184 893 2231 Pauw
911 2182 1150 2242 παρθενίη.
1167 2182 1264 2231 Sed.
1279 2181 1400 2231 nihil
1426 2180 1718 2231 mutandum
1749 2203 1762 2230 ι
1782 2182 1832 2230 in
1859 2181 2050 2243 reliquo

485 2256 592 2303 toto
633 2264 837 2315 corpore
870 2250 1149 2301 dominatur
1197 2255 1230 2309 ἡ
1265 2254 1505 2313 παρθενίη.
1553 2254 1769 2314 Sequens
1804 2250 2049 2301 distichon

482 2325 772 2387 suspectum
792 2321 1002 2371 habebat
1029 2322 1296 2371 Salmasius
1309 2360 1323 2383 ,
1344 2335 1457 2371 cum
1487 2321 1830 2384 epigrammate
1847 2327 1908 2371 50
1943 2322 2051 2384 jun-

484 2394 631 2457 gebat
674 2391 1015 2441 Schneiderus.
1063 2392 1260 2455 Optime
1307 2404 1424 2442 sane
1455 2394 1677 2440 nostrum
1706 2390 2047 2441 terminaretur

486 2464 536 2512 in
563 2474 712 2512 versu
732 2465 788 2522 43
822 2459 912 2510 sed
948 2459 1163 2521 Paulus,
1186 2464 1241 2510 ut
1263 2460 1460 2523 plurimi
1495 2459 1639 2510 istius
1671 2461 1832 2510 aetatis
1864 2459 2049 2510 versili-

483 2536 677 2583 catores
693 2570 706 2592 ,
737 2529 942 2580 modum
960 2533 1128 2581 tenere
1145 2533 1198 2581 et
1231 2530 1582 2580 abundantiam
1614 2530 1771 2579 vitare
1794 2530 1878 2579 vix
1907 2543 2051 2579 nove-

484 2606 587 2653 rat.
628 2629 690 2638 --
723 2608 770 2651 5.
807 2602 880 2650 De
914 2601 1132 2665 optativo
1169 2600 1274 2650 sine
1302 2602 1360 2649 ἄν
1392 2599 1506 2649 vide
1544 2603 1806 2650 Hermann.
1831 2600 1896 2650 ad
1927 2600 2042 2664 vig.

485 2688 535 2738 p.
553 2678 662 2733 729,
684 2676 870 2735 opusc.
895 2674 982 2730 IV,
1013 2684 1068 2733 p.
1093 2676 1212 2723 365.
1243 2674 1415 2734 Τοῦτο,
1438 2670 1782 2721 abstinentiam
1812 2684 1842 2721 a
1860 2684 1979 2720 vero
2000 2674 2049 2720 et

483 2744 640 2795 solido
665 2742 930 2806 voluptatis
968 2742 1152 2792 fructu.
1209 2761 1235 2785 ν
1275 2743 1392 2792 Jac.
1436 2768 1500 2779 --
1527 2750 1556 2793 6
1595 2744 1680 2791 τὰν
1709 2744 1877 2800 ταλὲην
1924 2740 2045 2791 cod.

487 2835 512 2857 «ι
538 2818 609 2865 De
629 2814 711 2865 siti
743 2813 976 2863 Tantalea
1003 2812 1116 2862 vide
1152 2812 1214 2863 ad
1249 2812 1404 2864 Nicet.
1425 2815 1608 2878 Eugen.
1643 2827 1694 2878 p.
1713 2817 1822 2863 336.
1847 2833 1871 2855 »ι
1891 2816 1953 2863 Β.

544 2966 814 3015 ὈΟΧΙΝΠ
835 2965 1242 3028 -1.ῐῐαρμενί;,
1277 2965 1422 3013 lusus
1454 2964 1504 3013 in
1541 2965 1736 3014 nomine
1778 2965 1955 3028 puellae
1992 2977 2048 3014 ex

485 3041 674 3098 etymo,
690 3035 832 3098 quasi
847 3037 1260 3100 παραμένουσι-
1277 3039 1324 3085 3.
1350 3055 1373 3076 α
1395 3037 1580 3084 Versus
1594 3035 1782 3084 ductus
1808 3049 1871 3084 ex
1886 3034 2047 3084 Theo-

486 3106 608 3156 crito
623 3109 692 3155 VI
704 3143 717 3166 ‚
743 3107 816 3164 17,
838 3103 900 3153 ad
919 3115 1069 3166 quem
1098 3102 1194 3153 hoc
1211 3103 1454 3154 distichon
1481 3105 1665 3168 gallicis
1687 3106 1908 3154 versibus
1934 3105 2045 3154 red-

486 3176 610 3226 didit
635 3175 1014 3238 Longopetraeus
1031 3186 1078 3235 p.
1101 3178 1208 3223 223.
1239 3195 1262 3217 υ
1290 3179 1350 3225 Β.
1380 3200 1445 3209 -
1462 3181 1489 3224 5
1516 3177 1818 3237 κεντροπαγὲς
1838 3177 2045 3224 Brunck.

486 3250 536 3295 et
562 3243 702 3295 Both.
735 3263 761 3286 «
793 3246 849 3294 ln
876 3243 1224 3305 compositione
1243 3270 1305 3278 —
1325 3246 1471 3305 μανὴς
1510 3256 1615 3291 rem
1644 3242 1786 3292 valde
1821 3243 2043 3294 intendit.

487 3319 573 3366 Est
597 3314 746 3379 igitur
779 3313 1108 3364 vehementer
1131 3314 1468 3374 aculeatum,
1492 3311 1640 3376 lonyc
1667 3316 2046 3364 acutissimum.

485 3388 736 3438 omissum
760 3385 858 3436 hoc
887 3384 1130 3435 distichon
1157 3386 1209 3434 in
1229 3384 1432 3434 Planud.
1455 3383 1679 3434 dubitare
1705 3384 1863 3446 possis
1890 3399 1950 3434 an
1986 3385 2048 3434 ad

483 3463 706 3510 nostrum
732 3470 930 3508 carmen
955 3457 1208 3520 pertineat.
1231 3459 1393 3506 Nexus
1413 3459 1544 3505 certe
1575 3455 1926 3515 tenuissimus;
1955 3457 2049 3505 nisi

487 3533 611 3581 sorte
638 3529 747 3580 haec
783 3529 881 3580 fuit
910 3529 1126 3579 auctoris
1153 3528 1392 3577 sententia
1427 3547 1440 3576 ι
1471 3527 1737 3576 Levissima
1772 3527 1969 3589 quidem
1996 3541 2049 3577 es

483 3607 536 3652 et
560 3615 640 3652 me
665 3601 988 3651 inconstantia
1010 3603 1100 3650 tua
1134 3598 1415 3655 excrucias:
1441 3612 1535 3648 nec
1569 3601 1735 3648 tamen
1767 3612 1847 3648 me
1885 3611 1948 3648 ex
1974 3599 2045 3648 la·

437 3731 444 3738 ,
483 3674 655 3738 queis,
695 3673 875 3736 quibus
901 3684 980 3722 me
1015 3671 1260 3721 irretitum
1295 3673 1461 3728 tenes,
1495 3668 1721 3732 expedire
1759 3682 1979 3732 possum.
2023 3690 2045 3712 υ

482 3747 596 3793 Jac.
617 3769 678 3780 —
695 3751 726 3793 6
744 3745 924 3807 χείλους
944 3743 1197 3806 ἐκκρέμεθα
1216 3741 1360 3804 Cod.‚
1387 3753 1500 3804 quae
1525 3739 1729 3790 correxit
1756 3740 2045 3790 Brunckius.

484 3815 624 3866 conr.
647 3828 723 3878 ep.
745 3819 855 3876 241,
878 3819 925 3865 s.

546 3966 847 4014 CCXLVIII.
869 3983 892 4007 «ι
915 3963 1098 4014 Puellae
1110 4001 1123 4024 ‚
1143 3975 1292 4025 quam
1311 3963 1382 4012 ira
1400 3975 1636 4012 accensus
1653 3962 1779 4012 male
1796 3965 2047 4024 acceperat

487 4037 769 4086 verberibus
783 4075 796 4097 ‚
813 4035 1109 4086 simultatem
1133 4034 1436 4098 deprecatur.
1459 4033 1600 4084 Conf.
1619 4047 1694 4096 ep.
1719 4038 1808 4084 218
1825 4036 1876 4083 et
1893 4038 1999 4082 220.
2020 4051 2045 4075 2·

483 4109 600 4156 Jac.
621 4135 682 4144 —
701 4116 728 4158 2
756 4128 778 4150 «ι
804 4107 929 4156 Hinc
947 4105 1122 4156 suidas
1141 4104 1203 4154 αὗ
1221 4105 1381 4166 ἐρύσαι
1396 4143 1408 4166 ,
1425 4106 1488 4159 εἰς
1511 4105 1721 4153 τούπίσω
1739 4104 1951 4152 ἑλκύσαι.
1971 4105 2048 4164 (ln

485 4177 605 4227 Cod.
650 4181 778 4242 αὑερ.
813 4179 881 4227 ita
909 4179 965 4226 ut
993 4175 1202 4226 dubium
1227 4175 1292 4225 sit
1317 4175 1380 4225 de
1407 4175 1746 4235 circumflexo,
1780 4174 1861 4223 hic
1890 4175 1941 4223 et
1968 4186 2046 4236 ep.

488 4255 596 4309 285,
626 4250 694 4307 5.)
713 4275 776 4285 ——
807 4254 852 4298 3.
884 4248 1006 4298 Hinc
1047 4247 1180 4298 idem
1211 4267 1223 4296 z
1253 4248 1450 4302 αἴλινος·
1491 4246 1737 4308 ὀδυρταῆ,
1779 4245 2043 4307 θρηνητική.

1607 212 2113 274 ANTHOLOGJAE
2155 213 2559 276 PALATINAE

2131 373 2196 382 —
2220 353 2249 396 3
2280 348 2625 411 ἐγκὶινοὸωμωι
2666 348 2787 409 (sine
2812 350 2936 411 acc.)
2973 348 3115 411 Cod.‚
3161 362 3284 400 corr.
3333 349 3525 401 Jacobs.
3571 353 3669 401 Post

2132 415 2265 466 hunc
2294 432 2489 467 versum
2506 418 2556 467 in
2578 418 2698 468 cod.
2721 419 2898 481 legitur
2919 432 3093 469 versus
3126 419 3305 469 tertius
3335 421 3670 483 epigrammatis

2134 488 2381 549 sequentis
2396 527 2409 548 ‚
2439 502 2601 539 errore
2639 489 2834 539 librarii.
2868 495 2959 553 Ap.
2986 489 3295 541 Chardonem
3332 493 3608 544 Holstenius
3630 496 3670 545 in

2133 557 2347 620 margine
2372 558 2631 621 apographi
2652 558 2926 609 testabatur
2942 580 2966 603 ιι
2986 574 3185 610 versum
3203 567 3500 625 expunctum
3524 567 3671 626 postea

2134 627 2301 677 fuisse.
2333 648 2356 669 υ
2386 654 2448 663 -
2474 635 2502 678 5
2530 629 2579 678 δὲ
2604 628 2697 692 φίλ.
2728 627 2847 678 cod.
2878 654 2939 665 —
2965 633 2992 679 7
3024 631 3193 680 οὕνεκα
3217 632 3429 682 Brunck.

2198 769 2360 818 CCLl.
2382 795 2446 806 --
2463 775 2507 817 2.
2534 787 2557 811 κ
2582 770 2855 832 Ἆκροόαφῆ.
2876 768 3025 819 Labia
3052 769 3217 820 fucata
3242 770 3469 835 intelligo.
3506 772 3670 821 Adum-

2137 838 2275 890 brata
2291 839 2401 889 haec
2419 840 2648 890 videntur
2670 852 2732 889 ex
2749 839 2991 889 Theocriti
3016 838 3089 889 ld.
3112 842 3217 900 XX,
3242 846 3297 891 12
3312 854 3447 904 seqq.
3465 867 3527 877 —
3542 848 3583 891 3.
3606 847 3671 892 Κι-

2136 910 2304 972 χλίζειν
2346 907 2525 959 dicitur
2548 910 2611 960 de
2638 911 2913 961 meretricio
2942 912 3062 961 risu.
3102 918 3227 963 -4,
3264 914 3440 962 Manus
3462 911 3673 977 effusas,

2137 982 2444 1044 ἑκκεχυμένας
2462 1016 2475 1039 ,
2496 981 2679 1044 accipio
2706 981 2769 1032 de
2796 980 3106 1032 brachiorum
3132 982 3396 1044 jactatione
3409 1022 3422 1045 ,
3444 997 3547 1046 qua
3567 986 3671 1034 vivi-

2137 1047 2298 1098 diores
2322 1049 2552 1098 mulieres
2578 1053 2803 1100 utuntur.
2834 1053 2996 1113 Longe
3032 1051 3173 1100 aliter
3210 1065 3435 1101 summus
3463 1054 3672 1114 Grotius,

2136 1119 2222 1181 qui
2247 1119 2443 1169 omnino
2472 1120 2521 1169 in
2545 1120 2723 1171 horum
2758 1134 2994 1172 versuum
3021 1122 3414 1185 interpretatione
3436 1137 3467 1173 a
3492 1126 3677 1175 veritate

2138 1190 2385 1241 aberrasse
2413 1191 2623 1241 videtur.
2648 1212 2673 1235 ι»
2696 1196 2814 1242 Jac.
2833 1224 2891 1235 -
2908 1200 2953 1243 5.
2981 1212 3003 1235 ιι
3026 1194 3336 1256 ’Υψαύχενος,
3362 1193 3476 1243 vide
3510 1196 3603 1245 not.
3624 1197 3677 1245 ad

2136 1275 2211 1324 ep.
2234 1265 2312 1324 27,
2339 1268 2385 1313 3.
2413 1282 2437 1305 >2
2458 1265 2520 1312 Β.
2545 1266 2602 1313 ln
2632 1264 2847 1326 margine
2873 1264 3067 1314 Codicis
3099 1284 3114 1312 ι
3142 1281 3215 1326 γρ.
3237 1264 3395 1325 ὸγιάς.
3420 1265 3569 1323 Quod
3598 1280 3679 1316 non

2139 1333 2277 1383 facile
2304 1333 2480 1383 dixeris
2504 1333 2624 1396 quid
2658 1334 2751 1383 sibi
2786 1334 2920 1384 velit.
2958 1354 2982 1377 ει
3020 1334 3377 1384 Sententiarum
3419 1350 3575 1386 nexus
3613 1337 3680 1386 hic

2136 1407 2212 1453 est
2236 1424 2249 1452 ι
2277 1405 2513 1462 Quamvis
2541 1405 2835 1454 micantibus
2866 1405 3051 1466 oculis,
3084 1418 3197 1465 ore,
3226 1406 3357 1464 risu,
3384 1405 3677 1456 brachiorum

2136 1477 2274 1524 motu
2288 1475 2502 1524 animum
2514 1488 2679 1524 amore
2688 1474 3041 1525 inflammatum
3052 1474 3257 1537 prodere
3270 1474 3681 1534 viderissallentur

2136 1550 2297 1596 tamen
2324 1546 2411 1609 qui
2437 1549 2487 1596 te
2514 1546 2703 1595 facilem
2735 1546 2839 1595 sore
2864 1544 3211 1595 existimabunt
3244 1565 3259 1592 ι
3289 1544 3511 1593 nondum
3547 1546 3681 1595 fracta

2137 1621 2212 1667 est
2236 1616 2383 1666 animi
2407 1617 2482 1667 tui
2508 1616 2734 1680 superbia
2748 1655 2761 1678 ,
2784 1630 2942 1679 neque
2956 1656 2967 1676 ‚
2990 1628 3292 1665 marcescens
3314 1614 3457 1678 licet,
3486 1618 3681 1667 emollita

2134 1700 2204 1738 es.
2230 1708 2255 1731 n
2274 1690 2391 1738 Jac.
2417 1714 2479 1725 -
2502 1696 2531 1737 6
2549 1688 2669 1737 οὗπο
2690 1686 2810 1737 cod.

2198 1828 2384 1877 CCLll.
2410 1828 2559 1877 Marci
2594 1827 2863 1891 argentarii
2896 1826 3190 1891 epigramma
3204 1864 3216 1886 ‚
3246 1840 3395 1890 supra
3436 1832 3543 1887 128,
3562 1842 3681 1878 com-

2136 1900 2273 1960 parat
2312 1898 2629 1949 Rulmkenius
2662 1901 2749 1963 Ep.
2790 1898 2896 1949 crit.
2936 1900 2976 1958 1,
2998 1912 3045 1961 p.
3067 1903 3144 1959 75,
3179 1900 3230 1947 et
3252 1898 3453 1948 meliora
3490 1912 3685 1963 qumque

2134 1968 2247 2017 inde
2260 1983 2291 2018 a
2308 1970 2458 2018 Paulo
2477 1969 2698 2019 sublecta
2711 1969 3094 2019 demonstrat.—
3105 1975 3132 2018 2
3144 1969 3399 2029 ἐμπελάσαι
3416 1969 3679 2029 Ruhnken„

2135 2042 2305 2100 postea
2330 2053 2444 2088 cum
2478 2039 2671 2088 Reiskio
2698 2040 2954 2102 ἱμπελάση.
2986 2059 3009 2081 «ι
3044 2038 3140 2088 Sed
3163 2037 3308 2087 lectio
3336 2038 3533 2089 Codicis
3559 2042 3685 2101 ἐμπε-

2135 2110 2266 2158 moa
2294 2111 2454 2171 potest
2479 2109 2704 2169 retineri,
2734 2109 2870 2172 quod
2890 2114 2942 2159 et
2965 2108 3222 2158 Jacobsius
3249 2108 3400 2159 sensit
3429 2124 3481 2172 p.
3508 2114 3608 2160 111.
3634 2137 3687 2145 —

2135 2185 2181 2227 3.
2210 2179 2510 2241 Σεμιράμιδος
2542 2184 2714 2241 τεῖχος.
2738 2178 2863 2227 Vide
2892 2182 2994 2229 not.
3017 2178 3080 2228 ad
3108 2178 3263 2227 Nioet.
3283 2181 3473 2243 Eugen.
3507 2194 3555 2244 p.
3586 2185 3683 2230 335.

2136 2252 2383 2299 Manasses
2406 2248 2587 2299 Chron.
2614 2262 2661 2313 p.
2693 2253 2799 2309 114,
2820 2253 2846 2299 7
2878 2269 2890 2297 :

2258 2373 2373 2423 Ἀλλ’
2392 2373 2469 2421 ὅτε
2488 2372 2625 2422 πάνθ’
2641 2374 2668 2421 ὁ
2684 2372 2931 2435 Ῥωμανὸς
2950 2373 3060 2433 ἔφθη
3084 2373 3423 2437 κατοχυρὼσας

2263 2444 2343 2492 καὶ
2361 2450 2514 2506 τεῖχος
2535 2444 2839 2506 Σεμιράμιδος
2860 2443 3071 2508 ἄντικρυς
3088 2444 3407 2506 κρηπιδώσας.

2136 2579 2263 2627 Sunt
2295 2576 2386 2626 viri
2419 2576 2549 2627 docti
2579 2576 2630 2625 in
2665 2574 2907 2639 culpanda
2950 2576 3033 2625 illa
3071 2575 3211 2625 Pauli
3253 2574 3521 2639 hyperbole
3559 2575 3691 2625 valde

2136 2646 2309 2697 severi.
2331 2648 2523 2709 Fateor,
2549 2649 2607 2696 ut
2633 2648 2752 2695 sunt
2778 2646 2915 2695 varia
2940 2645 3003 2695 de
3028 2646 3181 2697 rebus
3218 2646 3327 2696 istis
3347 2645 3538 2708 iudicia
3552 2684 3564 2704 ‚
3584 2646 3695 2695 mihi

2137 2732 2231 2768 non
2257 2716 2505 2767 inficetam
2539 2716 2697 2767 videri
2730 2730 2821 2766 nec
2846 2714 3091 2779 illepidam
3122 2716 3172 2766 in
3196 2730 3249 2766 re
3272 2716 3409 2765 tenui
3438 2716 3693 2766 verborum

2136 2790 2268 2839 illam
2292 2787 2728 2852 exagerationem.
2750 2794 2848 2837 —5
2870 2788 2938 2845 (τε
2962 2786 3165 2836 inseruit
3180 2785 3451 2837 Salmasius
3468 2786 3549 2835 vel
3572 2788 3690 2848 Guy-

2136 2860 2468 2922 οωε.)·1“ἀλλα
2501 2860 2551 2909 δὲ
2586 2864 2723 2922 σιγῇ,
2760 2856 2888 2906 cons.
2928 2859 3028 2906 not.
3050 2856 3115 2907 ad
3145 2868 3221 2920 ep.
3250 2861 3365 2916 128,
3402 2860 3454 2906 3.
3482 2877 3528 2906 ιι.
3552 2857 3615 2906 Β.
3634 2882 3691 2893 -

2138 2939 2167 2981 6
2191 2932 2405 2994 κρυπτέω
2422 2929 2563 2990 Cod.‚
2584 2942 2707 2978 corr.
2730 2927 2945 2983 Jacobs.;
2964 2930 3204 2991 κρυπτέτω
3226 2927 3435 2977 Brunck.
3458 2941 3525 2978 ex
3540 2941 3687 2990 marg.

2138 3001 2330 3064 Guyeti.
2352 3001 2447 3051 Sed
2468 2999 2836 3050 Boissonadium
2864 3011 2957 3048 sua
2982 3011 3132 3049 manu
3156 2998 3419 3048 reduxisse
3444 2998 3593 3049 video
3617 2999 3700 3047 Co-

2136 3074 2259 3124 dicis
2277 3073 2571 3138 scripturam
2588 3073 2805 3136 κρυπτέω
2818 3073 2871 3120 et
2886 3071 2937 3120 in
2953 3071 3118 3121 latinis
3135 3070 3359 3134 posuisse
3372 3071 3509 3131 celo,
3524 3070 3701 3121 ductus

2122 3146 2345 3195 tortasse
2382 3142 2599 3206 analogia
2637 3155 2807 3193 eorum
2844 3155 2959 3204 quae
2985 3141 3145 3204 tetigit
3170 3141 3377 3192 Lobeck.
3422 3141 3702 3191 Rhematico

2136 3229 2184 3338 p.
2225 3220 2307 3266 147
2322 3211 2561 3338 ςθιῳίφιίᾱ
2594 3211 2674 3261 hic
2704 3211 3029 3262 annotationis
3060 3211 3287 3261 relictum
3312 3225 3343 3261 a
3366 3212 3480 3261 viro
3518 3211 3701 3274 optimo

2158 3302 2287 3338 uisse
2312 3301 2345 3336 v
2394 3301 2451 3337 is.

2198 3432 2412 3482 CCLlll.
2448 3430 2523 3481 Ad
2549 3429 2762 3493 puellam
2806 3427 2993 3492 pudore
3020 3425 3304 3490 impeditam
3346 3426 3623 3489 quominus
3648 3423 3709 3474 ad

2136 3503 2344 3553 amantis
2358 3515 2528 3566 preces
2543 3499 2851 3563 respondeat.
2869 3524 2931 3535 —
2955 3505 2973 3547 1
2994 3499 3227 3560 Χρύσιλλα
3243 3495 3326 3546 hic
3340 3510 3550 3559 quoque
3568 3495 3707 3556 Cod.‚

2135 3588 2233 3623 non
2258 3574 2523 3636 Χρυσίλλα,
2551 3570 2687 3634 quod
2714 3569 2892 3620 editur.
2919 3589 2941 3611 a
2968 3572 3055 3618 Est
3078 3569 3314 3632 Χρύσιλλα
3337 3568 3495 3632 epigr.
3518 3572 3570 3625 3,
3600 3580 3711 3629 quae

2136 3647 2369 3694 accentus
2396 3640 2539 3692 sedes
2564 3644 2795 3705 praestare
2823 3639 3033 3689 videtur.
3058 3638 3181 3688 Vide
3212 3641 3314 3687 not.
3338 3637 3403 3686 ad
3434 3638 3601 3687 Nicet.
3622 3641 3716 3688 Eu-

2136 3729 2241 3779 gen.
2264 3729 2311 3779 p.
2336 3718 2423 3770 61·,
2444 3717 2507 3763 de
2532 3713 2665 3761 κάτω
2683 3713 2827 3760 νεύειν
2854 3713 2957 3760 not.
2979 3709 3043 3760 ad
3072 3711 3160 3770 XI,
3180 3722 3260 3773 ep.
3296 3713 3407 3760 329.
3434 3729 3459 3752 2·
3490 3713 3560 3760 Β.
3590 3711 3713 3758 Male

2135 3785 2339 3836 Bothius
2354 3784 2641 3844 πέδῳ.-2.«
2659 3783 2939 3845 Ἀκρολυτεῖν
2959 3785 3035 3832 est
3052 3781 3235 3830 nodum
3253 3793 3394 3828 zonae
3412 3779 3486 3829 ita
3516 3794 3712 3836 vexare,

2138 3859 2195 3907 ut
2215 3855 2335 3905 nihil
2364 3853 2649 3917 proficiatur
2675 3853 2727 3901 in
2754 3851 3014 3912 solvendo,
3034 3863 3195 3913 neque
3226 3854 3460 3912 appareat
3476 3887 3491 3910 ‚
3521 3851 3719 3900 solvere

2137 3926 2257 3976 velis
2282 3937 2447 3974 necne.
2480 3944 2503 3967 ι»
2534 3921 2701 3974 Rei-sk.
2728 3942 2751 3964 α
2776 3921 2901 3970 Hinc
2923 3921 3119 3972 Nicetas
3139 3923 3228 3980 111,
3259 3926 3346 3970 166
3370 3940 3383 3968 z

2264 4050 2423 4106 Ζώνην
2442 4048 2491 4097 δὲ
2510 4049 2595 4106 τήν
2613 4048 2702 4105 σὴν
2722 4047 2986 4110 ἅκρολυτεῖς
3010 4043 3195 4108 ἀθρόον,

2136 4173 2221 4222 ubi
2244 4172 2357 4222 vide
2384 4175 2486 4222 not.
2512 4171 2836 4222 Aristaenetus
2862 4171 2905 4228 1,
2932 4175 2985 4220 15
3014 4176 3127 4224 ετῆς
3147 4168 3413 4231 ἀμπεχόνης
3432 4168 3607 4230 ἄκροις
3634 4169 3715 4216 δα-

2136 4247 2314 4300 κτύλοις
2360 4243 2651 4306 ἐφαπτομένη
2696 4247 2789 4289 τῶν
2830 4246 3066 4303 κροσσῶν·
3105 4239 3241 4302 quod
3270 4239 3373 4288 sere
3410 4237 3587 4289 simile
3630 4242 3723 4288 est.

486 4319 626 4368 conf.
658 4321 752 4377 vl,
785 4332 860 4382 ep.
894 4323 1001 4369 348.
1020 4345 1083 4356 —
1102 4326 1130 4368 5
1161 4320 1350 4380 θαμινοῐ
1378 4316 1520 4377 Cod.‚
1544 4316 1632 4367 sed
1663 4320 1794 4367 recte
1819 4316 1956 4366 Suid.
1986 4345 2048 4354 —-
2088 4345 2093 4398 ἰ
2134 4314 2434 4366 Furetierius
2458 4313 2521 4363 de
2554 4311 2748 4362 homine
2772 4311 2952 4375 pudico
2978 4325 3036 4361 ac
3062 4309 3205 4360 valde
3234 4309 3409 4360 timido
3442 4330 3456 4358 ι
3490 4311 3536 4359 il
3572 4315 3727 4359 estote

485 4391 532 4438 7.
555 4388 678 4437 Hinc
695 4387 821 4436 idem
845 4407 856 4435 t
881 4391 1016 4446 ποινή
1035 4400 1048 4414 ·
1071 4389 1177 4446 δίκη
1197 4389 1506 4449 μεταποίνιος.
1533 4408 1557 4430 υ
1583 4391 1645 4436 Β.
1664 4387 1762 4445 Qui
1784 4387 1933 4450 τοίην,
1950 4403 2047 4438 non

483 4459 645 4516 τόσην.

547 4601 792 4651 ccxmx.
828 4619 850 4642 e«
881 4599 958 4648 Ad
992 4600 1203 4663 puellam
1227 4613 1366 4663 qum,
1395 4601 1600 4664 pristina
1625 4599 1857 4664 superbia
1893 4599 2044 4663 depo·

486 4667 606 4730 sita,
623 4672 817 4732 poetam
843 4669 1142 4733 amplexibus
1161 4669 1374 4720 tenebat.
1403 4690 1426 4712 ν
1448 4674 1562 4719 Jac.
1584 4696 1647 4706 -
1665 4677 1692 4720 5
1717 4671 1885 4719 ἔκλυτα
1909 4671 2043 4719 Reis-

487 4740 621 4801 kius‚
651 4738 786 4800 quod
817 4738 1099 4801 corporibus
1125 4739 1278 4802 magis
1305 4740 1560 4790 conveniat
1586 4755 1735 4804 quam
1755 4743 1948 4806 ἔκχυτα.

549 4895 686 4945 CCL.
711 4923 762 4936 -
795 4898 812 4942 1
849 4893 936 4951 ἡδὺ
971 4894 1213 4956 φιλοιματὸ
1244 4893 1551 4957 superposito
1589 4894 1722 4957 μειδη
1755 4894 1897 4954 Cod.‚
1920 4907 2043 4943 corr.

2088 4543 2095 4625 l

2086 4646 2093 4703 ι

2134 4401 2327 4438 πισεηιε
2362 4389 2406 4436 si
2439 4383 2671 4434 honteux
2698 4385 2849 4447 qu'cn
2882 4383 3099 4446 par-lant
3128 4384 3162 4432 ὰ
3203 4381 3315 4432 ὶίιη
3354 4381 3395 4430 u
3431 4383 3729 4446 reyardoit

2137 4459 2359 4521 l'atztre‚·
2388 4457 2430 4506 il
2467 4456 2702 4505 tournoit
2729 4468 2808 4504 ses
2838 4453 2989 4518 ylaris
3008 4468 3078 4504 οιι
3101 4467 3179 4503 ses
3200 4455 3435 4504 bourona.
3460 4483 3537 4492 —-
3552 4461 3604 4506 3.
3628 4459 3729 4505 Co·

2136 4530 2258 4579 dicis
2282 4527 2574 4590 scripturam
2606 4527 2734 4575 πέλει
2770 4525 2933 4574 firmat
2970 4525 3186 4574 imitator
3212 4523 3410 4574 Nicetes
3442 4526 3551 4586 nl,
3588 4530 3683 4576 170
3712 4541 3729 4575 =

2137 4603 2235 4649 Οὐκ
2258 4600 2377 4648 οἶδεν·
2400 4599 2519 4646 αἰδῶ
2540 4597 2772 4660 Κύπρις...
2798 4617 2821 4639 υ
2840 4598 2902 4646 B.
2925 4596 3147 4646 Reiskius
3172 4593 3384 4644 malebat
3400 4597 3576 4646 πέλοι.

2198 4752 2401 4800 CC-LIV.
2432 4769 2455 4791 ιι
2488 4751 2651 4805 Quum
2680 4747 2828 4796 citius
2854 4759 3001 4808 quam
3014 4733 3352 4805 iuraverat'ad
3378 4743 3623 4806 puellam
3652 4757 3731 4792 re·

2136 4820 2330 4882 diisset,
2354 4819 2551 4884 perjurii
2572 4831 2742 4881 peenas
2767 4817 3071 4880 deprecatur.
3098 4817 3345 4864 »loa—1
3366 4814 3547 4874 ἀργέτι
3572 4815 3735 4875 Plan:

2136 4893 2302 4954 ὰργέτη
2338 4892 2482 4954 κούρη
2525 4889 2720 4949 Codex,
2763 4891 2815 4938 et
2860 4904 2891 4936 α
2932 4884 3291 4950 superpositum
3314 4881 3529 4934 'ultimo
3580 4903 3635 4943 η.
3677 4895 3766 4920 -’

489 4969 614 5025 1804
647 4965 734 5023 ἡδὺ
766 4965 897 5026 φίλης
934 4965 1136 5026 μείδημα
1161 4964 1367 5016 Brunck.
1388 4990 1448 5001 —
1464 4971 1505 5014 2.
1538 4984 1561 5006 «ι
1598 4965 1758 5028 Vulgo
1786 4966 2044 5028 δακρυχὲει.
2089 4976 2094 5037 ξ
2137 4969 2164 5012 2
2182 4964 2387 5025 izei-rtem<
2410 4959 2529 5010 Cod.
2555 4973 2675 5023 apr.
2702 4973 2790 5018 m.‚
2812 4957 2899 5008 sed
2917 4975 2970 5014 ης
2994 4959 3269 5006 correctum
3292 4967 3453 5004 mann
3486 4955 3625 5006 item
3644 4969 3733 5006 an·
3765 5025 3766 5030 Ἰ

483 5035 884 5088 ΜοίιιίἨίνὶιίοτο
910 5039 962 5086 ut
987 5037 1062 5084 est
1089 5033 1136 5084 iu
1165 5033 1440 5099 apographo
1466 5037 1573 5086 Par.
1600 5035 1666 5098 [et
1700 5031 1965 5099 Heinsius»
1983 5037 2042 5084 B.
2087 5040 2095 5095 1
2134 5034 2283 5096 tiqua.
2317 5035 2370 5084 ln
2400 5045 2549 5094 marg.
2572 5031 2731 5094 glossa
2748 5027 2855 5078 haec
2887 5049 2898 5078 ι
2923 5034 3003 5087 τῆς
3022 5028 3193 5090 ἡμέρας
3210 5031 3289 5084 τῆς
3310 5025 3411 5088 περὶ
3438 5029 3536 5078 τὸν
3568 5029 3741 5092 ὅρθρεν
