3829 5747
509 155 637 213 296

956 296 1051 347 20.
1095 288 1634 347 ΞΕΝΟΦΑΝΟΥΣ.

507 412 617 473 Καί
642 412 769 472 πὀτέ
796 437 883 491 μιν
909 415 1331 494 στυφελιζομένου
1357 415 1615 484 σκύλακος
1640 418 1892 494 παριόντα

586 500 740 579 φασὶν
771 504 1117 579 ἐποικτεῖραι,
1147 501 1237 560 καὶ
1263 502 1381 561 τόδε
1406 505 1599 583 φάσθαι
1624 505 1771 573 ἔπος·

506 615 529 638 n
562 588 808 661 Παῦσαι,
834 587 964 663 μηδὲ
994 588 1187 668 ῥάπιζ’,
1210 590 1353 662 ἐπειὴ
1384 592 1533 670 φίλου
1562 591 1739 673 ἀνέρος
1765 594 1912 674 ἐστὶ.

582 703 607 728 «ι
641 675 821 755 ψυχὴ,
850 673 945 745 τὴν
970 676 1149 754 ἔγνων,
1180 677 1527 755 φθεγξαμένης
1555 677 1706 738 ἀΐων.
1738 708 1764 733 ¹·

811 814 938 865 121.
987 807 1419 868 ΔΙΟΓΕΝΟΥΣ
1461 810 1737 871 ΛΑΕΡΤ.

497 934 578 992 Οὔ
608 931 755 1009 μόνος
777 935 1023 1016 ἐμψύχων
1046 938 1237 1016 ἄπεχες
1256 938 1413 1017 χέρας
1428 986 1445 1015 ,
1468 940 1605 997 ἀλλὰ
1626 941 1714 999 καὶ
1735 942 1910 1019 ἡμεῖς·

577 1020 654 1087 τίς
676 1020 775 1100 γὰρ
794 1021 850 1088 ὃς
872 1023 1122 1104 ἐμψύχων
1146 1023 1344 1104 ἥψατο,
1367 1027 1676 1106 Πυθαγόρη;
1772 1021 1777 1028 ’

500 1108 616 1167 ἀλλ’
639 1106 762 1166 ὅταν
787 1112 953 1189 ἑψηθῇ
983 1133 1034 1167 τι
1059 1112 1148 1168 καὶ
1171 1113 1371 1189 ὀπτηθῇ
1396 1112 1485 1170 καὶ
1515 1114 1700 1194 ἁλισθῇ

577 1192 641 1265 δὴ
664 1194 781 1253 τότε
808 1196 898 1253 καὶ
926 1194 1095 1276 ψυχὴν
1119 1199 1211 1254 οὐκ
1231 1197 1347 1277 ἔχον
1374 1201 1630 1277 ἐσθίομεν.

1006 1330 1128 1381 122.
1168 1335 1284 1380 ΤΟΥ
1318 1336 1530 1383 ΑΥΤΟΥ.

495 1446 641 1514 Αἰαῖ,
663 1446 971 1523 Πυθαγόρης
995 1448 1046 1505 τί
1066 1448 1214 1508 τόσον
1238 1452 1464 1525 κυάμους
1492 1452 1747 1526 ἐσεὸάσθη
1764 1499 1781 1528 ,

571 1531 661 1589 καὶ
701 1532 821 1590 θάνε
844 1540 1109 1613 φοιτηταῖς
1130 1537 1338 1615 ἄμμιγα
1365 1548 1471 1607 τοῖς
1498 1540 1671 1613 ῖδίοιςς

492 1618 701 1694 Χωρίον
728 1610 791 1689 ἦν
820 1621 1052 1696 κυάμων·
1076 1621 1162 1681 ἵνα
1193 1625 1267 1701 μὴ
1296 1623 1504 1693 τούτους
1528 1626 1581 1685 δὲ
1602 1628 1815 1709 πατήσῃ

571 1704 623 1772 ἐξ
646 1706 1053 1785 Ἀκραγαντίνων
1079 1710 1289 1770 κάτθαν’
1318 1714 1393 1771 ἐνὶ
1414 1713 1621 1797 τριόδῳ.

1003 1839 1122 1891 123.
1163 1844 1282 1890 ΤΟΥ
1316 1847 1530 1894 ΑΥΤΟΥ.

490 1948 595 2008 Καὶ
618 1949 681 2007 σύ
708 1950 1261 2029 ποτ’,Ἐμπεδόκλεις,
1284 1957 1427 2037 διερῇ
1449 1958 1602 2038 φλογὶ
1630 1964 1784 2037 σῶμα
1807 1964 2038 2043 καθήρας

568 2040 670 2115 πῦρ
694 2037 797 2096 ἀπὸ
817 2038 1089 2118 κρητήρων
1112 2039 1287 2109 ἔκπιες
1314 2044 1588 2102 ἀθάνατον·

488 2124 581 2181 οὒκ
601 2122 729 2202 ἐρέω
754 2126 800 2182 δ’
825 2124 903 2183 ὅτι
925 2126 1114 2185 σαυτὸν
1134 2128 1265 2187 ἑκὼν
1294 2130 1448 2209 βάλες
1470 2136 1519 2198 ἐς
1546 2133 1656 2213 ῥόον
1685 2135 1907 2210 Αἴτνης,
1995 2136 1999 2139 ’

569 2210 702 2270 ἀλλὰ
729 2214 902 2270 λαθεῖν
935 2214 1123 2271 ἐθέλων
1151 2214 1372 2290 ἔμπεσες
1398 2221 1488 2277 οὐκ
1516 2221 1719 2280 ἐθέλων.

1002 2344 1122 2395 124.
1162 2349 1279 2394 ΤΟΥ
1313 2351 1523 2401 ΑΥΤΟΥ.

488 2452 595 2513 Ναὶ
625 2455 728 2528 μὴν
754 2453 1127 2530 Ἐμπεδοκλῆα
1156 2460 1325 2517 θανεῖν
1350 2462 1498 2538 λόγος
1523 2462 1594 2529 ὥς
1614 2464 1731 2522 ποτ’
1756 2466 1958 2543 ἀμάξης

569 2539 785 2612 ἔκπεσε,
814 2541 903 2598 καὶ
934 2544 1098 2620 μηρὸν
1129 2544 1397 2604 κλάσσατο
1428 2548 1695 2628 δεξιτερόν·

486 2629 531 2684 εἰ
558 2625 611 2683 δὲ
641 2626 801 2706 πυρὸς
828 2634 1090 2708 κρητῆρας
1114 2632 1337 2701 ἐσήλατο
1355 2633 1443 2690 καὶ
1471 2634 1559 2693 πίε
1582 2638 1641 2693 τὸ
1664 2642 1777 2718 ζῇν,

563 2719 673 2780 πῶς
701 2714 764 2773 ἂν
795 2715 866 2775 ἔτ’
896 2720 947 2775 ἐν
978 2719 1246 2797 Μεγάροις
1277 2720 1508 2780 δείκνυτο
1533 2726 1679 2783 τοῦδε
1711 2728 1902 2807 τάφοςς

1040 2855 1161 2906 125.
1202 2859 1478 2906 ΑΔΗΛΟΝ.

488 2965 553 3025 Εἴ
575 2991 625 3024 τι
651 2968 1010 3046 παραλλάσσει
1038 2971 1239 3050 φαέθων
1273 2973 1435 3051 μέγας
1456 2975 1597 3044 ἅλιος
1626 2977 1853 3058 ἄστρων,

562 3055 651 3114 καὶ
673 3055 856 3122 πόντος
885 3063 1134 3134 ποταμῶν
1166 3061 1355 3135 μείζον’
1380 3061 1493 3141 ἔχει
1513 3064 1745 3142 δύναμιν,

484 3143 619 3220 φαμὶ
648 3149 888 3203 τοσοῦτον
904 3145 1015 3232 ,ἐγὼ
1044 3149 1197 3226 σοφίᾳ
1220 3150 1458 3230 προέχειν
1488 3151 1845 3234 Ἐπίχαρμον,

1624 156 2130 221 ANTHOLOGIAE
2171 136 2570 221 PALATmAE'

2639 315 2741 359 120.
2780 312 3180 363 XENOPHANJS.

2141 431 2200 477 Et
2223 426 2346 478 sorte
2361 428 2499 477 illum
2515 467 2528 490 ,
2557 431 2988 500 quum-vopulsret
3012 433 3228 490 catulus.
3255 436 3676 496 praetereuntem

2198 514 2366 565 dicunt
2382 515 2778 567 miseritum-esse
2801 518 2915 580 ejus
2927 554 2945 579 ,
2973 522 3024 569 et
3043 519 3136 568 boc
3153 519 3364 571 edidisse
3379 523 3616 572 verbum
3641 544 3654 571 :

2140 620 2163 643 «
2189 601 2366 651 Desine
2380 640 2392 663 ‚
2419 614 2516 651 neu
2543 602 2782 666 virga-feri
2797 643 2811 665 ‚
2830 606 3058 668 quoniam
3075 607 3220 657 amici
3237 608 3328 657 viri
3344 612 3424 659 est

2198 709 2221 732 α
2247 690 2431 752 anima,
2453 704 2600 753 quam
2617 692 2814 755 agnovi,
2841 692 3120 755 loquentem
3137 694 3354 745 audiens.
3381 718 3408 738 υ

2557 828 2658 872 121.
2692 824 2987 873 DIOGENIS
3017 826 3284 876 LAERTH.

2132 952 2238 999 Non
2261 950 2396 999 solus
2412 950 2726 1001 zib-animatis
2742 952 3014 1003 abstinuisti
3040 967 3212 1004 manus
3224 993 3237 1017 ‚
3255 955 3343 1005 sed
3360 960 3416 1006 et
3438 972 3579 1017 nos-»3

2191 1036 2302 1098 quis
2318 1038 2444 1086 enim
2464 1042 2538 1088 est
2555 1038 2640 1101 qui
2661 1038 2870 1090 animata
2885 1040 3060 1103 tetigit,
3081 1055 3112 1090 o
3141 1042 3410 1107 Pythagora
3424 1049 3446 1093 ,³

2131 1122 2218 1173 sed
2235 1124 2320 1173 ubi
2335 1125 2455 1186 quid
2471 1125 2646 1175 elixum
2664 1129 2740 1176 est
2762 1128 2812 1176 et
2835 1128 3022 1176 tostum
3042 1131 3092 1177 et
3115 1129 3476 1193 sale-sparsum
3497 1170 3514 1193 ‚

2192 1212 2406 1273 profecto
2431 1216 2550 1263 tune
2565 1212 2776 1263 &limam
2795 1228 2890 1262 non
2909 1212 3094 1264 habens
3111 1216 3318 1267 edimus.

2675 1350 2778 1393 122.
2823 1353 3119 1398 Esusmffl.

2128 1461 2238 1508 Heu
2255 1496 2268 1520 ‚
2291 1458 2386 1509 heu
2403 1498 2416 1520 ‚
2439 1459 2732 1523 Pythagoras
2749 1460 2865 1523 quid
2885 1465 3074 1513 tantum
3094 1465 3286 1529 lupinos
3303 1472 3696 1531 veneratus-est,

2190 1550 2240 1597 et
2265 1547 2384 1597 obiit
2402 1548 2664 1611 discipulos
2683 1549 2810 1599 inter
2831 1552 3047 1613 proprios
3061 1558 3084 1603 ἓ

2131 1637 2256 1696 Ager
2282 1638 2386 1684 erat
2405 1635 2681 1697 lupinorum
2708 1654 2721 1683 ε
2751 1650 2812 1685 ne
2830 1636 2975 1699 igitur
3001 1642 3260 1702 inqresws
3281 1656 3372 1693 eos
3391 1644 3616 1693 enimn-et
3631 1682 3646 1701 ‚

2187 1720 2250 1769 ab
2267 1720 2581 1785 Agrigentinis
2597 1722 2878 1774 occisusest
2895 1722 2945 1774 in
2961 1725 3120 1777 trivio-

2686 1860 2789 1904 123.
2835 1862 3129 1907 EJUSDBM.

2129 1982 2190 2029 1-:t
2207 1982 2264 2029 tu
2291 1979 2407 2029 olim
2424 2018 2437 2041 ,
2457 1995 2488 2031 o
2515 1983 2827 2045 Empedocles
2842 2023 2854 2045 ‚
2873 1986 3038 2049 rapida
3056 1986 3247 2035 flamma
3272 2000 3456 2049 corpus
3471 1988 3688 2049 tit-puri-

2192 2070 2350 2132 ignem
2375 2084 2404 2120 e
2429 2074 2692 2123 crateribus
2717 2075 2910 2126 ebibisti
2935 2076 3254 2127 immortalem
3283 2098 3297 2126 ε
3511 2079 3688 2140 [ticasti

2129 2170 2222 2205 non
2243 2157 2400 2206 dicam
2418 2162 2583 2209 autem
2599 2164 2650 2211 te
2667 2163 2794 2213 ultro
2813 2164 3058 2214 insiluisse
3070 2165 3120 2213 in
3135 2164 3404 2215 undantem
3423 2169 3626 2217 AEtnam
3641 2204 3654 2226 ,

2189 2242 2278 2293 sed
2301 2243 2450 2294 latere
2465 2246 2633 2296 volens
2651 2248 2858 2299 incidisti
2879 2264 2974 2299 non
2991 2251 3173 2300 volens.

2673 2362 2777 2407 124.
2821 2369 3120 2411 mustum.

2125 2485 2249 2533 Sane
2268 2497 2387 2534 vero
2407 2486 2709 2549 Empedoclis
2729 2489 2966 2541 de-morte
2991 2491 3118 2541 rama
3137 2494 3228 2553 est,
3255 2492 3390 2556 quod
3416 2493 3683 2555 aliquando

2185 2571 2422 2623 exciderit
2437 2612 2450 2634 ,
2472 2578 2522 2624 et
2543 2588 2654 2624 crus
2671 2576 2973 2641 sibi-fregerit
2987 2579 3224 2629 dextrum.
3493 2580 3515 2645 [
3532 2596 3674 2631 curru

2127 2666 2187 2712 At
2203 2662 2245 2710 si
2267 2662 2388 2725 ignis
2403 2664 2682 2715 in-crateras
2699 2667 2882 2718 insiluit
2899 2672 2949 2718 et
2963 2672 3036 2720 sic
3059 2670 3181 2720 bibit
3196 2671 3348 2721 vitam
3368 2710 3381 2733 ‚

2186 2754 2272 2814 qut
2291 2751 2454 2802 adhuc
2478 2754 2683 2816 Megaris
2699 2756 3034 2807 ostenderetur
3047 2756 3196 2822 hujus
3220 2760 3507 2823 sepulcrmn
3519 2767 3544 2811 ?

2681 2889 2786 2936 125.
2831 2898 3102 2940 meniu-1.

2123 3000 2170 3048 Si
2189 2999 2309 3063 quid
2337 3007 2534 3064 superat
2555 3005 2748 3056 lucidus
2779 3020 2983 3068 magnus
3011 3009 3080 3056 sol
3105 3010 3259 3069 astra,

2189 3089 2240 3136 et
2263 3091 2440 3149 pontus
2469 3090 2742 3142 fluminibus
2769 3093 2996 3154 maiorem
3023 3094 3170 3144 babet
3195 3095 3294 3144 vim
3313 3132 3328 3157 ,

2120 3183 2343 3222 assevero
2353 3177 2543 3225 tantum
2555 3191 2642 3240 ego
2657 3179 2887 3242 sapientia
2903 3183 3092 3232 ceteros
3099 3181 3280 3232 anteire
3295 3183 3660 3245 Epidamnium,

494 3285 3660 3344 Ἣ

499 3424 539 3455 *-
1020 3384 1129 3416 120.
1166 3385 1460 3420 xenonum
1476 3408 1492 3435 ,

1128 3461 1188 3512 de
1210 3465 1391 3517 eodem.

481 3557 741 3606 Indoluisse
765 3573 929 3606 canem
956 3569 1172 3624 quateret
1194 3578 1303 3611 cum
1328 3563 1527 3614 fustibus
1552 3565 1676 3616 alter

547 3639 752 3701 Dicitur,
778 3648 826 3687 et
850 3641 967 3689 tales
990 3657 1073 3690 ore
1098 3642 1277 3692 dedisse
1298 3661 1467 3696 sonos:
1536 3627 1545 3638 ’

480 3722 560 3772 Ah
586 3737 701 3787 rogo
717 3758 732 3782 ,
763 3737 824 3770 ne
845 3723 953 3772 saevi
980 3739 992 3774 ε
1020 3726 1169 3774 nostri
1193 3741 1397 3792 namque
1421 3729 1508 3778 ista
1533 3731 1703 3782 sodalis

546 3809 629 3855 Est
654 3806 809 3854 anima
836 3821 850 3856 τ
874 3805 1103 3856 indicium
1130 3825 1221 3858 vox
1250 3810 1361 3861 facit
1383 3813 1484 3878 ipsa
1510 3815 1649 3867 mibi.

944 3923 1052 3958 και.
1082 3925 1307 3959 moestus
1340 3929 1568 3978 unum,

1116 4007 1177 4055 de
1204 4008 1386 4060 eodem.

477 4114 689 4172 Tangere
718 4125 813 4158 non
842 4111 965 4159 solus
994 4112 1197 4176 trepidas
1224 4114 1460 4175 animata,
1482 4119 1564 4166 sed
1590 4129 1638 4168 et
1660 4137 1747 4170 nos
1767 4139 1784 4173 ε

544 4191 665 4236 Nam
690 4188 795 4252 quis
818 4189 921 4238 viva
946 4190 1061 4238 velit
1086 4192 1309 4240 mandere
1324 4230 1341 4255 ‚
1367 4195 1665 4261 Pythagora?

477 4269 567 4318 Sed
592 4269 731 4318 simul
754 4286 810 4317 nc
835 4271 1005 4319 salsum
1028 4271 1116 4320 ruit
1132 4307 1149 4334 ,
1172 4273 1444 4339 elixumque
1462 4279 1537 4326 vel
1557 4295 1707 4328 assum
1726 4316 1741 4340 ,

543 4354 663 4400 Tum
688 4351 877 4400 demum
908 4353 1032 4403 victu
1052 4354 1288 4420 pascimur
1308 4359 1530 4408 exanimi.

1060 4468 1169 4503 122.
1208 4471 1441 4516 nusum,

1122 4549 1182 4600 de
1216 4551 1395 4603 eodem.

481 4642 613 4691 Eheu
640 4644 913 4709 Pythagorae
931 4649 1197 4697 reverentia
1224 4659 1357 4700 tants
1382 4651 1594 4701 fabarum

548 4727 645 4772 Cur
668 4724 775 4786 fuit,
802 4735 852 4775 at
874 4739 1071 4792 pereant
1093 4739 1146 4777 ut
1168 4740 1287 4792 sata,
1311 4732 1379 4781 sic
1402 4733 1570 4798 periit!

480 4807 554 4854 Ne
573 4805 775 4855 calcaret
792 4823 953 4870 ugrum
977 4819 1244 4874 portantem
1269 4813 1365 4861 tale
1388 4815 1599 4878 legumen
1613 4852 1628 4876 ,

548 4888 733 4938 Occidit
756 4889 806 4939 in
830 4891 980 4940 triviis
1005 4908 1063 4940 ex
1082 4896 1344 4958 Acragante
1366 4912 1526 4948 manu.

2697 3410 2716 3439 1
2729 3395 2807 3442 23.
2845 3411 3051 3441 uotum
3068 3432 3083 3456 ,

2701 3499 2762 3548 de
2787 3500 3085 3567 Empedocle.

2120 3605 2182 3651 Et
2204 3602 2294 3652 tibi
2319 3604 2380 3654 ab
2405 3607 2591 3656 aeternis
2615 3608 2801 3659 flamma
2827 3620 2896 3660 est
2919 3612 3182 3662 crateribus
3203 3612 3370 3664 hausta
3388 3654 3404 3676 ,

2179 3687 2484 3749 Empedocles
2511 3704 2526 3740 z
2559 3689 2654 3752 igni
2675 3691 2890 3740 membra
2912 3693 3040 3757 pinta
3060 3693 3166 3744 tibi.

2117 3767 2224 3814 Non
2252 3766 2357 3816 dico
2384 3770 2512 3833 quod
2529 3781 2697 3836 sponte
2725 3780 2803 3821 tua
2831 3767 2880 3822 te'
2900 3773 3118 3840 injeceris
3135 3781 3320 3825 AEtnam
3349 3793 3364 3828 ε

2180 3850 2354 3912 Lapsus
2376 3865 2433 3898 eo
2461 3867 2511 3898 es
2533 3852 2724 3913 nolens,
2751 3854 2893 3903 credo
2916 3855 3065 3904 latere
3089 3857 3268 3907 volens.
3367 3907 3378 3916 ‚

2696 3987 2712 4016 ι
2725 3978 2805 4023 24.
2844 3987 3058 4019 nusum!
3075 4009 3090 4033 ,

2753 4072 2814 4122 de
2836 4073 3016 4127 eodem.

2113 4174 2440 4238 Empedoclem
2460 4177 2641 4242 lapsum
2660 4195 2804 4228 curru
2823 4179 2916 4229 fei-t
2941 4181 3059 4230 fama
3089 4179 3291 4246 perisse,

2175 4261 2396 4320 Fregerat
2419 4269 2472 4309 ut
2493 4261 2712 4310 dextrum
2742 4279 2862 4312 saeva
2889 4265 3028 4313 ruina
3046 4265 3216 4314 femur.

2109 4338 2158 4388 Si
2185 4331 2295 4387 irere
2313 4341 2460 4389 vitam
2482 4341 2606 4392 bibit
2628 4359 2686 4391 ex
2714 4345 2978 4395 crateribus
3003 4351 3182 4408 AEtnae,

2175 4423 2272 4469 Cur
2291 4423 2522 4471 tumulum
2546 4423 2678 4474 illius
2701 4425 2937 4475 cernimus
2961 4427 3013 4476 in
3037 4428 3239 4492 Megaris
3256 4433 3280 4477 Ρ

2691 4543 2804 4590 125.
2837 4558 3036 4591 ructu-1
3049 4578 3065 4605 ,

2683 4635 2744 4686 de
2771 4638 3076 4707 Epicharmo·

2107 4738 2269 4789 Sidera
2290 4739 2360 4789 sol
2375 4751 2603 4806 quantum
2621 4743 2764 4806 regali
2782 4743 2961 4794 lumine
2979 4745 3125 4795 vincit
3137 4781 3154 4808 ,

2173 4825 2233 4870 Et
2261 4831 2438 4886 quanto
2457 4823 2608 4889 pelagi
2631 4823 2826 4875 flumine
2851 4829 3002 4891 major
3019 4844 3141 4893 aqua
3169 4837 3271 4889 est;

2109 4907 2260 4955 'santo
2285 4906 2386 4956 aliis
2405 4908 2555 4972 major
2573 4909 2863 4974 sapientibus
2887 4921 2956 4961 est
2979 4911 3314 4977 Epidiarmus.
