3829 5747
1234 221 1311 279 IN
1354 219 1599 280 CAPUT
1646 221 1749 280 Vll
1793 220 2246 282 ANNOTATIO.

160 371 315 408 averso
340 354 467 418 cippi
490 353 641 403 latere
666 353 845 402 lectum
875 350 1027 400 sitisse
1050 351 1127 399 vix
1150 349 1462 413 persuadebit
1492 351 1680 400 Becke-

162 441 238 475 rus
267 429 305 484 1,
331 439 387 488 p.
429 431 533 474 100.
562 448 624 459 --
665 427 679 470 1
724 423 833 484 ἐμμί
862 434 923 470 ex
950 419 1237 483 apographis
1280 419 1471 478 editur;
1509 422 1601 483 εἰμὶ
1638 419 1689 468 in

161 496 267 546 Cod.
294 498 400 554 est,
429 493 565 557 quid
594 491 859 540 reducebat
889 491 1044 540 Boiss.
1068 517 1129 526 -·-
1152 497 1178 540 2
1208 491 1317 539 ἀίδιι
1344 489 1465 539 cod.
1495 517 1554 526 -
1580 495 1627 550 3,
1656 493 1687 539 4

161 569 203 615 δι’
228 585 293 614 τοι
320 565 443 613 καλὰ
476 565 535 612 τὰ
564 563 661 626 μεθ’
681 564 843 625 ὁρῶντι
872 563 1063 624 ὄμματα
1098 563 1156 609 τὰ.
1180 563 1380 623 βαυκοῦς
1408 561 1516 622 ἀγγ.
1548 562 1687 625 τύχαι

160 635 287 693 Cod.;
306 635 366 683 τὰ
399 636 449 684 δὲ
482 635 674 682 ποικίλα
695 633 929 694 γράμμαθ’
960 631 1064 680 sive
1084 632 1144 680 τὰ
1172 633 1223 680 δι’
1257 649 1327 680 τοι
1362 633 1482 681 καλὰ
1515 633 1686 695 σάμαθ’

163 711 309 767 ὁρῶντι
346 703 629 760 Jacobsius;
659 703 904 762 ὠμοτάταν
934 704 1139 757 Βαυιιοῦς
1182 702 1289 763 ᾰγγ.
1330 706 1476 766 τύχαν
1504 704 1687 753 Salma-

162 777 281 832 sius·,
304 787 417 836 qum
444 787 475 824 a
498 772 724 836 pluribus
760 775 970 834 recepta.
1010 791 1032 812 e·
1067 773 1257 830 Σήματοι
1294 775 1382 821 aut
1416 772 1479 821 de
1516 773 1687 831 inscri-

161 847 307 908 ptione
329 845 436 906 ipsa
458 841 791 905 accipiendum
811 879 824 902 ,
848 843 936 890 aut
970 841 1033 890 de
1064 841 1211 903 signis
1240 841 1531 902 quibusdam
1556 857 1687 905 sym-

3203 229 3317 286 507

1774 353 1882 402 lac.
1917 351 2108 409 Quibus
2135 352 2466 403 commendari
2497 352 2718 402 videatur
2741 353 2871 415 quod
2903 354 3152 403 Heckerus
3183 353 3324 404 dedit

1774 423 1821 470 ἐν
1842 423 1990 484 οὐρα
2003 441 2026 470 ν
2039 423 2094 471 ία
2107 441 2122 470 ι
2137 441 2158 478 ς
2179 425 2294 472 κιδν.
2315 425 2514 486 νεφέλαις
2530 461 2542 483 ,
2571 423 2657 472 sed
2677 424 2770 472 hoc
2791 423 3038 485 quomodo
3057 423 3257 474 abiisset
3275 424 3327 472 in

1774 495 2006 554 εἰαρινοῖς,
2045 493 2178 556 quod
2219 507 2296 557 ap.
2322 493 2520 542 Suidam
2545 506 2740 556 quoque
2769 493 2982 556 legitur?
3009 493 3228 557 intellige
3261 493 3327 542 de

1774 562 1988 612 adventu
2005 577 2154 614 verno
2171 566 2386 625 κολοιῶν,
2407 563 2570 614 avium
2599 563 3006 626 peregrinantium
3037 577 3150 626 quae
3185 563 3329 613 nobis

1775 631 2014 684 chonca-3.

1836 765 2090 814 Dccxlv.
2138 766 2337 814 Lemma
2374 783 2388 813 z
2436 765 2498 820 εἰς
2540 764 2723 813 Ἰὅυκον
2761 764 2841 813 τὸν
2881 765 3064 827 λυρικὸν
3111 767 3324 824 ποιητήν.

1782 851 1803 873 ἰ
1832 832 2002 895 attigit
2034 832 2129 882 hoc
2155 835 2306 896 epigr.
2337 833 2472 895 lbyci
2493 832 2652 883 editor
2679 832 3077 883 Schneidewinus
3099 848 3148 898 p.
3191 842 3267 884 22.
3301 857 3326 878 ι»

160 915 312 966 bolicis
353 913 495 975 cippo
538 911 793 974 insculptis
818 912 928 970 vel,
968 917 1024 960 ut
1067 912 1363 972 Brunckius,
1398 913 1692 963 ornamentis
1733 890 1737 941 Ι
1785 905 1840 950 Β·
1864 930 1928 938 -
1956 908 1974 952 1
2011 903 2161 961 tram-n
2190 905 2508 964 σταγανώδεος
2537 902 2680 962 0011.
2700 919 2782 952 στε
2809 903 3140 967 Superscripto
3153 901 3328 966 prima&

162 985 469 1034 miserrimum
490 995 661 1032 casum
692 981 909 1030 mulieris
933 980 1283 1030 nuntiantibus.
1312 1003 1335 1025 υ
1367 986 1471 1032 Jac.
1490 985 1563 1032 De
1588 983 1693 1044 qui-

162 1057 245 1104 bus
305 1053 503 1116 exponit
565 1051 849 1101 Welckerus
910 1050 959 1100 in
1023 1051 1209 1113 Sylloge
1256 1065 1306 1114 p.
1350 1066 1658 1103 xxvii-xxxii
1674 1091 1686 1114 ,

161 1127 306 1189 ipsum
336 1137 529 1173 carmen
556 1121 691 1172 haud
716 1121 921 1171 feliciter
956 1123 1185 1170 tractans.
1224 1122 1471 1170 Heckerus
1497 1125 1556 1172 ut
1588 1137 1695 1185 pro-

162 1198 281 1259 piora
318 1193 487 1244 ecdici
522 1191 748 1256 proponit
779 1213 791 1241 :
818 1193 877 1240 τὰ
916 1193 967 1240 δέ
998 1208 1070 1240 τοι
1090 1193 1210 1240 καλὰ
1238 1192 1309 1239 κά
1324 1193 1371 1252 μ’
1405 1193 1693 1254 ἐφορῶν-ει

162 1267 466 1326 γράμματα
500 1265 581 1311 τάν
611 1263 667 1311 Β.
708 1265 801 1310 etc.
838 1281 850 1309 ι
880 1281 903 1302 ⁸
930 1260 1015 1310 ubi
1037 1260 1097 1308 τὰ
1128 1261 1247 1309 καλὰ
1268 1261 1515 1320 γράμματα
1540 1262 1694 1323 ipsius

1780 972 1976 1030 syllabae
1993 990 2007 1032 ς
2027 972 2234 1022 alterum
2261 974 2395 1024 Plan.
2418 973 2562 1023 Ἀειδε
2591 972 2898 1022 scribendum
2923 974 3125 1035 putabat
3143 975 3328 1024 flecke-

1779 1055 1865 1090 rus
1883 1078 1895 1100 ,
1931 1043 2014 1104 qui
2045 1041 2255 1104 lapidem
2283 1043 2564 1104 loquentem
2597 1041 2713 1104 fingi
2767 1042 3058 1105 opinaretur.
3091 1072 3154 1081 —
3196 1052 3224 1094 2
3256 1046 3326 1094 sic

1781 1114 1901 1163 cod.
1943 1117 1994 1164 et
2029 1117 2218 1162 veteres
2259 1113 2536 1176 planudeae,
2573 1115 2793 1162 recentes
2828 1114 3102 1177 Τρινακρίου
3119 1150 3132 1172 ,
3171 1134 3196 1157 α
3238 1115 3324 1164 sed

1782 1179 1939 1230 schol.
1975 1183 2170 1241 VVech„
2189 1183 2273 1244 qui
2305 1202 2316 1230 ε
2337 1185 2376 1230 T
2379 1185 2501 1244 ρίναξ
2521 1185 2644 1231 Eine)
2655 1183 2730 1242 ία,
2750 1185 2851 1231 ὅθεν
2881 1184 3120 1246 Τρινάκιος
3146 1187 3318 1234 Σικελι-

1786 1269 1869 1308 κος
1906 1255 2006 1302 ἐστι
2027 1291 2040 1312 ,
2078 1267 2174 1301 non
2221 1253 2414 1302 videtur
2449 1253 2620 1317 legisse
2653 1254 2936 1317 Τρινακρίου.
2973 1275 2996 1298 n
3040 1257 3101 1302 B.
3145 1255 3330 1305 Deinde

160 1335 295 1396 hujus
320 1333 643 1396 inscriptionis
667 1345 841 1380 versus
865 1331 963 1380 dici
990 1331 1234 1390 videntur,
1266 1331 1444 1392 quihus
1464 1345 1559 1379 non
1584 1331 1685 1391 jam
1781 1331 2032 1383 Υῑνθμίνην
2069 1323 2212 1380 C0d·.
2249 1324 2498 1384 γενομένης
2533 1324 2690 1381 Ἤδη-ι
2721 1323 2975 1372 immemor
3017 1326 3104 1374 8¹11
3135 1325 3331 1374 nescius

162 1406 303 1468 patria
332 1407 385 1452 et
413 1416 566 1466 genus
594 1401 850 1460 Bane-idis,
880 1401 967 1451 scd
994 1400 1266 1450 miseranda
1296 1414 1399 1450 sors
1427 1405 1691 1451 enarratur.

162 1475 263 1524 ideo
284 1473 609 1522 rectissimum
629 1473 741 1530 κᾶμ’
764 1473 998 1529 ἐσορῶντι,
1024 1473 1067 1520 si
1094 1473 1259 1519 etiam
1280 1473 1490 1531 cippum
1517 1470 1582 1519 ab
1610 1473 1690 1520 al-

163 1548 261 1592 lero
286 1543 454 1591 lulere
476 1544 739 1603 inspicias.
774 1560 799 1582 υ
826 1541 996 1589 navans
1032 1543 1083 1590 et
1120 1541 1316 1597 Βαυκίς,
1339 1540 1451 1588 dua!
1477 1541 1694 1602 ejusdem

162 1613 355 1662 nominis
380 1611 549 1660 [οι-ωσι
578 1631 590 1659 2
619 1623 828 1672 quarum
850 1609 901 1658 in
924 1608 1097 1658 eodem
1126 1609 1341 1678 carmine
1366 1623 1512 1658 usum
1532 1611 1693 1658 ἐπιδει-

160 1684 303 1730 κτικὸν
328 1681 623 1744 epigramma
648 1679 880 1742 prodere,
902 1692 998 1726 non
1028 1691 1141 1727 rere
1163 1678 1367 1727 incisum
1386 1715 1399 1736 ,
1434 1683 1564 1727 recte
1588 1679 1689 1727 ani-

160 1751 409 1800 madvertit
435 1750 735 1800 Welckerus.
756 1776 817 1784 -—
842 1757 869 1799 5
895 1761 1079 1797 novum
1100 1748 1279 1797 lemma
1300 1747 1448 1796 habet
1479 1769 1490 1796 ι
1515 1750 1579 1807 εἰς
1611 1751 1694 1806 τὴν

161 1823 290 1878 αὐτὴν
332 1822 531 1877 Besara,
552 1817 731 1867 additis
756 1817 927 1866 iisdem
953 1831 1065 1879 quoe
1084 1831 1232 1879 supra
1260 1817 1407 1879 siglis,
1434 1817 1511 1866 Sic
1531 1821 1695 1866 autem

162 1890 389 1938 distichon
414 1888 652 1950 scriptum
688 1887 738 1935 in
764 1887 942 1936 Codice
969 1907 981 1934 :
1017 1887 1066 1942 ὃς
1102 1888 1186 1935 τὰν
1218 1888 1348 1936 παῖδ’
1378 1887 1587 1946 ὑμέναιος
1626 1887 1695 1948 ἐφ’

160 1963 366 2018 atessam
392 1961 583 2013 πεύκαις
604 1959 688 2005 τὰν
708 1959 747 2005 δ’
776 1958 851 2005 ἐπὶ
874 1959 1099 2011 καὶευτὰς
1130 1955 1485 2018 (superscriptis
1502 1955 1695 2004 duobus

158 2043 181 2080 ¹1
203 2034 281 2089 ‚et
312 2031 385 2079 sic
415 2042 579 2092 apogr.
611 2030 740 2088 Par„
761 2028 989 2082 καδεστὰς
1013 2029 1179 2076 autem
1203 2026 1389 2076 Paulas.
1422 2026 1617 2088 agnovit
1645 2025 1696 2073 in

160 2097 373 2160 ambiguo
392 2096 573 2156 ductu)
594 2097 753 2158 ἔφλεγε
770 2095 1017 2156 πυρκαΐας.
1042 2115 1065 2138 «
1088 2097 1191 2144 Non
1218 2097 1421 2156 possunt
1439 2094 1546 2143 haic
1566 2098 1697 2143 certo

166 2166 371 2224 restitui,
402 2168 455 2214 et
490 2164 711 2214 similiter
740 2177 887 2213 versu
914 2168 940 2213 7
972 2167 1052 2213 καὶ
1080 2165 1140 2214 σὺ
1176 2165 1257 2224 μὲν
1295 2167 1381 2213 aut
1412 2169 1697 2226 corruptum

160 2240 253 2295 est,
272 2238 360 2284 aut
393 2233 580 2283 excidit
606 2233 865 2284 distichon.
896 2253 921 2277 ι»
950 2234 1136 2296 Ber-qk.
1167 2237 1293 2283 cum
1317 2235 1535 2283 fleckero
1562 2248 1693 2284 rece-

160 2305 307 2367 pimus
330 2303 685 2354 Schneidewini
711 2304 1095 2356 emendationem
1127 2306 1303 2354 ἀείδετο
1316 2343 1329 2364 ,
1359 2305 1495 2355 initio
1526 2319 1698 2355 versus

161 2379 215 2429 ὡς
240 2389 325 2437 pro
352 2375 403 2430 ὃς
446 2388 559 2424 cum
598 2373 885 2437 apographis
916 2373 1207 2436 quibusdam
1238 2377 1289 2423 et
1322 2376 1589 2430 Brunckio·‚
1628 2375 1697 2434 ἐφ’

161 2444 223 2496 αἷς
253 2442 429 2506 [καλὸς]
454 2446 591 2507 ᾔδετο
617 2461 669 2492 π.
698 2443 915 2502 Jacob&
940 2442 1014 2504 ὑφ’
1047 2443 1099 2498 ἀς
1131 2442 1309 2506 [δόμον]
1339 2445 1476 2504 ἄγετο
1496 2445 1692 2504 πεύκας,

160 2512 250 2572 τᾷδ’
274 2512 476 2562 Salmas.
508 2514 561 2561 et
589 2513 795 2562 Brunck.
823 2537 883 2548 -
907 2519 937 2561 o
978 2511 1128 2561 ταῖσδ’
1157 2512 1436 2574 Jacobsius,
1460 2511 1555 2563 hac
1587 2527 1697 2562 sen-

158 2579 297 2628 tentia
328 2601 341 2629 2
364 2601 388 2623 ιι
416 2581 599 2644 quibus
624 2582 815 2632 facibus
831 2581 1207 2645 prmlucentibus
1230 2581 1377 2632 modo
1414 2583 1697 2644 hymenaeus

162 2648 431 2708 canebatur,
460 2650 635 2700 iisdem
667 2664 805 2700 socer
831 2651 1006 2714 puellm
1038 2665 1215 2714 corpus
1243 2653 1291 2701 in
1328 2667 1442 2714 rogo
1467 2655 1695 2705 incendit.

158 2719 215 2766 ct
232 2718 324 2767 hoc
347 2721 459 2768 loco
492 2721 577 2768 τὰν
607 2725 753 2768 παῖδα
776 2721 991 2782 ἐπέφλεγε
1014 2727 1245 2784 πυρκαῑᾷ,
1272 2723 1343 2772 sic
1374 2725 1613 2774 Homerus
1638 2725 1694 2774 ll.

162 2789 225 2844 Ψ,
252 2795 309 2836 52
340 2807 352 2835 :
382 2787 483 2852 ὄφρ’
507 2790 609 2847 ἦτοι
634 2795 799 2839 τοῦτον
828 2791 909 2850 μὲν
940 2791 1155 2854 ἐπιφλέγῃ
1185 2793 1421 2854 ἀκάματον
1450 2800 1558 2857 πῦρ.
1591 2815 1614 2838 ν
1640 2799 1695 2844 ln

162 2855 273 2906 Add.
301 2858 515 2909 malebat
539 2865 639 2916 ταῖς
668 2859 771 2909 sinc
805 2860 865 2921 δ’,
889 2860 940 2909 in
970 2863 1138 2917 nostro
1166 2866 1329 2912 autem
1354 2865 1575 2927 exemplo
1596 2879 1698 2914 cor-

156 2928 269 2977 rexit
299 2930 415 2993 1036',
452 2942 520 2979 sc.
546 2936 775 2992 πυρκαῖᾷ,
816 2944 917 2992 quo
962 2931 1143 2994 duplex
1184 2933 1379 2982 dativus
1411 2934 1609 2985 vitatur.
1637 2942 1697 2976 -·-

158 3000 181 3045 7
210 3002 431 3060 μολπαίον
449 2999 707 3062 Bergkius;
732 2999 964 3050 edebatur
983 3005 1231 3061 μολπαῖαν.
1258 3029 1313 3038 -
1336 3009 1364 3053 8
1384 3007 1541 3067 γοερὸν
1566 3004 1693 3054 Reis-

157 3067 255 3117 kius
278 3072 328 3119 et
356 3070 591 3127 Brunck·,
619 3068 751 3131 quod
772 3072 915 3133 poeta
936 3069 1186 3131 scripsisse
1215 3069 1420 3121 videtur.

214 3196 373 3245 1)ch
381 3197 473 3245 ΠΙ.
501 3197 700 3243 Lemma
729 3208 743 3237 ἰ
765 3197 829 3250 εἷς
854 3195 1064 3256 ’Epi-,vav
1087 3196 1103 3255 (
1122 3196 1219 3255 sic)
1240 3198 1321 3253 τὴν
1337 3200 1541 3247 Aeco-232
1562 3202 1699 3253 ποιή-

160 3280 277 3325 τριαν
293 3283 305 3293 ·
326 3265 381 3325 ἧς
410 3268 455 3313 οἱ
480 3265 741 3325 τριακόσιοι
771 3266 925 3327 στίχοι
952 3268 1319 3323 unewano-rrae
1339 3268 1544 3330 Ὁμήρῳ.
1570 3270 1701 3318 Cole-

162 3334 337 3384 bratam
372 3335 423 3383 in
454 3335 817 3398 epigrammatis
848 3336 1111 3391 Ἡλαιιάτην
1136 3336 1281 3395 dicit,
1310 3336 1371 3386 dc
1399 3352 1497 3400 qna
1529 3339 1701 3388 suidas

164 3405 209 3450 et
234 3401 455 3452 Eustaih.
491 3423 504 3451 ε
538 3404 719 3461 ποίημά
755 3404 878 3451 ἐστιν
912 3406 1102 3466 Αἷολικῄ
1130 3408 1209 3453 καὶ
1245 3408 1413 3467 Δωρίδι
1447 3409 1699 3470 διαλέκτῳ,

162 3474 275 3519 ἐπῶν
310 3472 609 3533 τριακοσίων.
654 3474 758 3520 Non
799 3486 907 3521 esse
942 3473 1212 3536 sepulcrale
1252 3475 1546 3539 epigramma
1560 3513 1573 3533 ‚
1617 3478 1701 3525 scil

165 3542 391 3604 scriptum
433 3544 489 3591 ut
534 3541 695 3591 codici
740 3547 1127 3605 praeponeretur,
1163 3548 1328 3594 monet
1370 3547 1615 3595 Heckerus
1658 3550 1698 3602 l.

165 3626 207 3673 p.
240 3618 339 3663 187.
372 3640 431 3649 -
452 3617 495 3661 1.
522 3615 817 3674 Παυροεπὴς,
838 3614 968 3663 conf.
1002 3627 1149 3676 supra
1172 3628 1245 3677 ep.
1282 3616 1465 3674 1131x,
1489 3630 1565 3678 ep.
1598 3622 1699 3665 190.

164 3708 219 3717 --
238 3690 283 3731 2.
305 3684 568 3744 comparat
582 3685 687 3731 Jac.
717 3684 800 3742 IX,
821 3696 897 3746 ep.
926 3690 1028 3744 186,
1056 3689 1101 3742 3,
1123 3683 1184 3731 (le
1211 3685 1531 3747 Aristophane
1552 3706 1563 3733 z
1587 3687 1703 3745 ἠνίὸ·

164 3754 267 3803 ὅσον
298 3754 527 3802 Διόνυσον
545 3754 641 3815 ἔχει
677 3753 816 3809 σελίς.
838 3780 895 3788 -
916 3757 963 3802 4.
1001 3773 1023 3795 ιι
1061 3756 1154 3801 Pro
1180 3755 1404 3802 κωλύεται
1429 3754 1562 3803 aliud
1584 3755 1707 3806 desi-

166 3820 273 3871 dero
315 3822 561 3882 verbum,
601 3822 734 3884 quod
756 3836 852 3871 non
898 3824 1154 3872 succurrit.
1201 3844 1222 3864 υ
1268 3825 1424 3873 Heclr.
1460 3825 1650 3875 Jacobs.
1692 3846 1703 3875 ε

168 3913 189 3934 ιι
222 3896 318 3942 Nec
350 3894 458 3956 ejus
488 3892 598 3941 laus
640 3892 753 3940 Orci
800 3892 1042 3945 tenebris,
1076 3892 1257 3955 quibus
1303 3896 1539 3955 premitur
1573 3895 1703 3957 ipsa,

164 3962 441 4021 cohibetur,
471 3975 573 4023 qua
596 3975 715 4011 voce
735 3962 785 4009 in
808 3961 978 4011 eadem
1014 3976 1067 4011 re
1099 3963 1254 4011 utitur
1277 3962 1508 4012 Horatius
1542 3965 1702 4011 verm.

170 4034 227 4092 ll,
260 4033 344 4081 od.
387 4040 471 4085 20.
502 4038 549 4081 7.
592 4052 614 4075 >1
650 4032 721 4080 Ad
746 4032 965 4081 ultimam
996 4047 1167 4081 vocem
1204 4033 1355 4081 Boiss.
1399 4032 1653 4096 adscripsit
1694 4054 1706 4081 ·.

168 4121 189 4142 a
218 4102 385 4165 virgil.
416 4104 527 4150 AEn.
548 4104 681 4161 vul,
703 4106 795 4152 369
819 4121 831 4150 :

290 4226 389 4267 Nox
409 4222 518 4274 mit,
537 4226 584 4268 et
612 4220 745 4266 iuncis
762 4223 972 4267 tellurem
1000 4224 1287 4280 amplectitur
1311 4223 1405 4267 alis.
1426 4239 1444 4263 ι

168 4362 223 4369 -
244 4344 269 4385 5
296 4337 595 4397 ἀναρίθμητοι
628 4334 749 4384 eod.
774 4349 889 4384 cum
921 4353 953 4383 α
974 4337 1281 4399 superposito
1298 4336 1453 4386 literae
1475 4355 1523 4394 η.
1552 4340 1710 4398 Σωρη-

167 4404 237 4452 δὸν
254 4404 439 4452 dictum
464 4406 521 4453 ut
544 4403 764 4464 ἀγεληδὸν
787 4406 851 4453 lx
870 4441 883 4464 ,
906 4418 982 4466 ep.
1008 4409 1085 4461 24,
1106 4411 1153 4454 3.
1184 4432 1245 4441 —
1265 4415 1311 4455 ὓ.
1338 4424 1360 4446 t«
1386 4408 1427 4453 Μ
1436 4404 1713 4466 αραινόμεθα

1781 1395 1967 1454 Ῥήγιον
1991 1393 2116 1442 strui
2137 1407 2279 1456 posse
2302 1407 2360 1443 ac.
2380 1393 2422 1442 si
2439 1395 2571 1442 πόλιν
2591 1396 2723 1442 esset
2745 1393 2946 1442 dictum.
2973 1419 3035 1430 —
3064 1399 3093 1444 3
3119 1397 3327 1453 φιλέοντα

1781 1464 1830 1512 δὲ
1848 1481 1900 1513 π.
1922 1462 2061 1522 Cod.,
2081 1463 2214 1524 quod
2233 1477 2327 1512 non
2337 1461 2546 1512 debebat
2556 1462 2735 1511 mutari
2755 1462 3032 1512 secundum
3045 1462 3324 1513 Planudem.

1782 1535 1853 1581 De
1880 1532 2052 1582 eodem
2071 1533 2195 1582 alius
2227 1535 2372 1596 poeta
2391 1535 2476 1592 lx,
2496 1546 2572 1595 ep.
2608 1537 2712 1592 184,
2739 1539 2768 1581 ο
2800 1553 2811 1581 :

2617 1655 2706 1712 ἡδύ
2728 1671 2779 1704 τε
2808 1657 3019 1714 πειθοῦς,

1905 1725 2088 1785 Ἷὸυκε,
2121 1727 2202 1772 καὶ
2231 1725 2408 1772 παίδων
2431 1725 2566 1779 ἄνθος
2594 1725 2880 1787 ἀμησάμενε.

1783 1872 1841 1882 -
1875 1849 1902 1891 5
1927 1843 2037 1904 τῇδέ
2061 1859 2112 1891 τε
2137 1843 2286 1891 πολλὰ
2314 1842 2448 1892 Plan.
2481 1841 2607 1892 male
2623 1879 2636 1903 ‚
2660 1841 2794 1905 quod
2826 1841 3026 1892 Grotius
3049 1843 3328 1905 utcumque

1784 1911 2004 1961 correxit.
2036 1911 2222 1961 Deinde
2243 1924 2411 1961 omnes
2431 1913 2522 1961 ὑπὸ
2555 1913 2731 1974 σήματι
2749 1949 2764 1972 ,
2804 1911 2938 1973 quod
2973 1911 3181 1960 correxit
3205 1913 3334 1960 Hec-

1785 1981 1954 2040 kerus,
1974 1982 2082 2030 coll.
2105 1995 2182 2045 ep.
2205 1988 2281 2040 22,
2307 1987 2359 2039 13
2381 1986 2458 2042 24,
2480 1987 2529 2042 3,
2549 1984 2644 2031 etc.
2665 2009 2726 2017 —
2745 1989 2791 2032 o.
2814 2001 2836 2024 α
2859 1981 3120 2031 Alhieantis
3137 1981 3328 2041 calami,

1783 2050 1913 2101 unde
1938 2052 2068 2102 tihiae
2097 2051 2307 2110 flebant3
2341 2064 2390 2099 ν.
2433 2051 2554 2100 Ρὶἰιι.
2579 2053 2642 2100 Η.
2686 2053 2745 2100 Ν.
2773 2053 2901 2112 xvl,
2941 2057 3018 2111 oo,
3047 2053 3099 2100 et
3124 2051 3329 2100 Salmas.

1784 2125 1954 2170 Exere.
1985 2135 2032 2183 p.
2063 2127 2120 2172 82
2147 2134 2250 2183 seq.
2283 2141 2307 2164 »
2329 2123 2462 2181 Iac„
2480 2120 2568 2183 qui
2585 2120 2634 2169 in
2660 2121 2782 2169 nott.
2803 2133 2922 2171 mss.
2945 2121 3065 2172 citat
3085 2120 3329 2171 Welcker..

1783 2191 1939 2241 Musei
1961 2191 2114 2241 Rben.
2142 2205 2187 2240 a.
2215 2196 2353 2250 1833,
2376 2192 2495 2241 fasc.
2521 2197 2568 2253 3,
2601 2204 2651 2254 p.
2673 2195 2764 2241 409
2795 2203 2897 2253 seq.

1845 2325 2074 2372 Dccxv.
2099 2327 2296 2374 Lemma
2326 2338 2338 2365 τ
2362 2326 2425 2380 εἰς
2448 2325 2682 2382 Λεωνίδην
2706 2326 2785 2374 τὸν
2811 2327 3090 2386 Ταραντῖνον
3115 2325 3336 2388 ἐπιγραμ-

1786 2395 2075 2456 ματογράφον
2091 2430 2104 2454 ,
2137 2399 2217 2444 τὸν
2246 2397 2304 2444 τὰ
2331 2396 2535 2458 ίσόψηρα
2561 2398 2800 2458 γράψαντα
2819 2410 2830 2420 ·
2855 2401 2940 2444 τοῦ
2977 2396 3136 2444 αὐτοῦ.
3171 2414 3196 2439 «ι
3225 2399 3332 2446 Nou

1784 2463 2077 2513 Tarentinus
2107 2465 2345 2514 Leonidas
2377 2467 2571 2530 scripsit
2602 2468 2812 2530 ἰσόψηφοι
2837 2467 3206 2530 epigrammata,
3245 2467 3333 2516 sed

1785 2533 2152 2583 Alexandrinus.
2184 2540 2487 2598 Anonymum
2521 2537 2667 2600 vulgo
2699 2539 2776 2586 est
2800 2536 2876 2598 [in
2903 2537 3054 2586 Palat.
3075 2541 3126 2586 et
3157 2537 3330 2600 planu-

1785 2601 1890 2652 deis
1917 2603 2029 2652 edd.
2057 2605 2430 2666 recentioribus,
2460 2619 2574 2668 qum
2612 2626 2626 2654 ι
2651 2607 2818 2664 ἄδηλον
2843 2608 2906 2661 εἰς
2940 2607 3175 2664 Λεωνίδην
3189 2605 3225 2669 ].
3263 2611 3335 2656 ln-

1786 2673 1956 2736 seripsi
1995 2673 2218 2722 Leonidas
2239 2711 2250 2731 ,
2301 2679 2498 2738 propter
2547 2676 2789 2726 lemmatis
2827 2675 2976 2724 verba
3025 2681 3110 2725 τοῦ
3156 2679 3300 2726 αὐτοῦ
3317 2693 3332 2707 ·

1786 2755 1897 2790 nam
1916 2741 1985 2790 sic
2008 2755 2351 2804 nonnunquam
2374 2749 2456 2792 τοῦ
2481 2744 2623 2792 αὑτοῦ
2652 2758 2744 2793 non
2777 2743 2840 2793 de
2875 2747 3074 2794 auctore
3092 2745 3332 2808 epigram-

1784 2812 1928 2860 matis
1961 2811 2276 2875 praecedentis
2292 2813 2626 2877 accipiendum
2645 2851 2658 2875 ‚
2679 2814 2766 2862 sed
2785 2814 2890 2877 ipso
2920 2815 3188 2877 praesentis.
3210 2815 3336 2864 Vide

1784 2883 2011 2931 lemmata
2050 2882 2222 2945 epigrr.
2265 2888 2373 2943 593,
2413 2888 2522 2943 604,
2557 2890 2665 2935 069.
2705 2886 2766 2933 Et
2796 2884 2958 2933 fuerat
2983 2883 3210 2947 Leonidae
3233 2884 3334 2945 iam

1785 2952 2024 3002 tributum
2060 2953 2110 3001 in
2151 2952 2400 3003 veteribus
2444 2953 2704 3003 Planudeae
2751 2953 3061 3003 editionibus.
3115 2974 3140 2998 ι»
3186 2956 3243 3003 Β.
3271 2980 3331 2991 -

1790 3042 1812 3063 «
1851 3028 1899 3072 3.
1929 3027 2174 3083 Τοιοῦτος,
2200 3023 2303 3071 scil.
2331 3024 2631 3087 πικρότατος,
2655 3037 2713 3073 ac
2741 3022 2940 3087 proinde
2974 3024 3119 3078 ἅδιος.
3141 3025 3260 3073 Nam
3279 3026 3338 3073 τὸ

1788 3095 2030 3156 στέρεσθαι
2071 3094 2282 3154 πατρίδος
2340 3110 2557 3154 μεγιστον
2606 3095 2752 3141 κακον
2767 3131 2780 3153 ,
2821 3095 2878 3142 ut
2917 3092 3168 3155 Polynices
3218 3092 3338 3142 dicit

1789 3165 1905 3209 Eur.
1939 3161 2105 3209 Pboen.
2135 3166 2245 3211 388.
2294 3180 2316 3203 2»
2345 3164 2457 3210 Jac.
2491 3188 2552 3199 —
2586 3166 2614 3211 4
2641 3164 2871 3225 μελιχρὸν)
2895 3162 3016 3211 Cod.
3041 3166 3223 3213 Notum
3257 3165 3339 3212 est

1788 3233 1885 3279 ἀντί
1914 3246 2012 3281 non
2042 3232 2254 3294 recipere
2281 3230 2622 3294 anastrophen.
2657 3258 2719 3269 —
2746 3240 2792 3282 ο.
2826 3232 3034 3286 Ἢελίους
3051 3270 3064 3291 ,
3093 3232 3221 3280 conf.
3255 3244 3335 3293 ep.

1794 3306 1866 3361 17,
1898 3308 1927 3351 8
1959 3322 1970 3350 :
1993 3302 2096 3350 οὐδέ
2125 3319 2192 3358 τις
2219 3304 2348 3351 ἔσται
2382 3306 2476 3361 Τῆς
2499 3304 2682 3365 λυρικῆς
2707 3305 2918 3364 Σαπφοῦς
2943 3304 3150 3363 νώνυμος
3167 3304 3335 3361 ἠέλιος.

1854 3422 2116 3470 Dccxv1.
2144 3424 2346 3471 Lemma
2385 3442 2396 3470 :
2422 3423 2499 3470 ἐπί
2533 3439 2621 3470 τινι
2651 3422 2821 3486 Ῥοδίῳ
2865 3424 2957 3483 νέῳ
2984 3424 3306 3479 τελευτήσαντι
3325 3436 3335 3447 ·

1791 3492 1970 3551 μήποτε
2005 3492 2053 3539 δὲ
2101 3492 2404 3553 Φαινόιιριτος
2457 3491 2797 3553 ἐπωνομάζετο.
2849 3491 3108 3553 Appictum
3144 3511 3156 3540 ι
3197 3494 3338 3548 ζήτει.

1795 3581 1819 3601 σι
1852 3561 1996 3609 Nulla
2031 3561 2124 3610 fuit
2165 3574 2311 3610 causa
2352 3573 2437 3608 cur
2483 3559 2544 3609 de
2579 3561 2772 3609 nomine
2814 3559 3076 3609 dubitaret.
3110 3580 3132 3602 »ι

1799 3635 1817 3677 1
1849 3631 2061 3679 ἰαλυσοῖο
2081 3630 2222 3689 cod„
2249 3629 2368 3679 urbs
2393 3628 2550 3677 Rhodi
2566 3630 2754 3678 insulas.
2770 3631 2893 3678 Male
2913 3630 3046 3678 Plan.
3073 3629 3336 3689 Ἡλυσίοιο,

1793 3702 1845 3748 et
1874 3712 1953 3762 ap.
1983 3703 2123 3748 Grot.
2161 3726 2222 3735 —
2254 3706 2298 3747 2.
2323 3698 2462 3747 Ceus.
2500 3712 2576 3761 ep.
2614 3703 2724 3759 711,
2759 3706 2804 3747 o.
2838 3724 2898 3735 —
2927 3706 2954 3748 5
2995 3700 3264 3761 φαινοκρίτ’,
3289 3703 3344 3748 et

1796 3771 2182 3831 ἐπεσσομένοισιν
2239 3770 2410 3822 ἀοιδοῖς
2447 3768 2591 3822 Cod.·.
2627 3769 2697 3817 ἐπ’
2747 3770 3064 3829 ἐσσομένοισιν
3103 3768 3222 3831 (sed
3261 3768 3340 3819 ed.

1795 3840 1946 3901 princ.
1969 3841 2153 3900 ἐπεσσ.)
2173 3839 2323 3893 ἀοιδὸς
2355 3838 2488 3887 Plan.
2509 3837 2635 3887 illud
2657 3837 2942 3900 praeferebat
2963 3838 3192 3899 Brunck.,
3213 3842 3343 3901 φθέγ·

1798 3914 1917 3963 ertu
1941 3908 2133 3971 passive
2155 3908 2410 3970 accipiens.

1860 4030 2135 4077 Dccxvll.
2158 4030 2358 4077 Lemma
2381 4048 2392 4075 ι
2420 4029 2482 4084 εἰς
2503 4028 2772 4077 Λεὺκιππον
2795 4030 3001 4091 γέροντα·
3017 4028 3064 4077 ἐν
3084 4028 3343 4092 κυνηγεσίῳ

1796 4101 2131 4153 τελευτήσαντα
2182 4098 2456 4160 Leucippus
2482 4097 2692 4160 apiarius
2719 4097 2908 4161 lepores
2933 4097 3164 4147 sectando
3187 4098 3344 4160 perie-

1750 4166 1759 4246 Ι
1798 4172 1889 4216 rat.
1912 4196 1970 4203 -
2007 4174 2045 4216 1.
2086 4188 2107 4210 «ι
2137 4167 2314 4229 usu-[90⁸2
2333 4181 2440 4216 esse
2469 4167 2700 4215 videntur
2723 4167 2830 4215 loca
2852 4166 3026 4230 frigida
3052 4180 3164 4230 quae
3187 4170 3344 4230 pasto-

1754 4265 1758 4294 ἰ
1798 4252 1875 4287 res
1893 4251 1980 4301 per
1999 4240 2218 4287 :estatem
2238 4238 2410 4286 sectari
2429 4237 2611 4293 solent3
2632 4236 2758 4286 cont.
2780 4236 3000 4299 inprImis
3013 4237 3147 4299 Virg.
3166 4234 3338 4299 Geo‘rg.

1754 4309 1759 4361 Ι
1800 4311 1890 4368 111,
1917 4314 2006 4358 324
2030 4322 2166 4371 seqq.
2191 4328 2214 4351 υ
2242 4311 2350 4357 Jac.
2376 4334 2430 4343 —
2457 4315 2483 4356 2
2504 4310 2768 4367 ὑπειαρινὴν
2789 4308 2930 4367 Cod.,
2946 4319 3070 4356 corr.
3095 4306 3344 4363 Reiskius3

1755 4369 1759 4456 Ι
1799 4396 1950 4439 νισομ..
1979 4378 2099 4426 Ceti.
2136 4406 2196 4413 —
2221 4386 2246 4428 5
2277 4380 2375 4427 αἵδε
2401 4380 2479 4427 τόν
2503 4378 2624 4426 Cod.
2647 4378 2814 4428 Γείτων
2837 4378 3004 4439 ἄκρης,
3032 4377 3270 4426 montium
3297 4378 3348 4425 et

168 4470 279 4522 dicit
308 4486 362 4521 se
404 4472 568 4535 ipsum
602 4484 714 4520 cum
753 4472 928 4521 ceteris
957 4474 1035 4521 sui
1072 4476 1167 4523 aevi
1206 4475 1363 4537 poetis
1398 4474 1711 4535 comprelien-
1755 4466 1761 4508 ἶ
1802 4449 2018 4497 ⁸³¹¹¹¹¹¹¹¹¹
2037 4487 2049 4503 ·
2096 4448 2179 4497 ”bi
2221 4450 2336 4497 sunt
2383 4458 2583 4510 Wscm‘
2633 4466 2657 4489 “
2697 4446 2791 4495 sed
2838 4446 2900 4495 de
2931 4447 3072 4508 ἄκρης
3110 4444 3348 4494 oervm¹d⁰

3179 3564 3340 3609 B.—

3345 1583 3358 1612 i

168 4539 309 4599 dens;
330 4544 388 4590 ut
422 4542 621 4589 minime
658 4541 987 4591 necessarium
1021 4542 1085 4593 sit
1134 4558 1246 4593 cum
1285 4544 1543 4606 Sonntagio
1584 4543 1709 4593 nist.
1756 4529 1761 4585 Ι
1802 4517 1944 4566 “lde
1984 4516 2171 4567 dubim·
2221 4521 2294 4565 ΛΠ
2337 4517 2518 4579 ’Ᾰκρηῖν
2553 4514 2688 4564 urbis
2718 4515 3002 4576 “niumm'’
3035 4517 3092 4563 ¹¹²
3121 4513 3348 4563 pauwms

168 4623 295 4672 poes.
334 4610 469 4660 brev.
520 4625 569 4673 p.
608 4616 662 4660 21
710 4611 957 4673 dialogum
996 4617 1209 4663 statuere
1245 4615 1371 4664 inter
1424 4614 1714 4663 recentiores

168 4686 330 4741 poetas
367 4684 416 4729 et
446 4681 767 4743 antipatrum.
798 4706 860 4718 -
876 4683 900 4731 7
924 4683 1004 4739 ἠδὲ
1024 4685 1124 4730 καὶ..
1154 4682 1296 4743 Co<l.,
1321 4683 1405 4731 sed
1430 4686 1559 4732 recte
1579 4684 1709 4731 Plan.

170 4760 275 4796 cum
304 4748 454 4797 suida
496 4763 546 4797 ν.
584 4750 757 4797 Δώῑον.
796 4774 860 4785 -
896 4755 945 4799 8.
983 4750 1195 4800 Eandem
1228 4750 1515 4801 sententiam
1542 4750 1713 4799 iisdem

170 4818 265 4868 sere
301 4818 463 4867 verbis
488 4818 661 4868 extulit
679 4822 871 4869 Lucret.
895 4822 979 4881 lv,
1003 4826 1089 4871 182
1113 4843 1125 4870 :

302 4936 475 4976 Parvus
498 4936 551 4977 ut
577 4936 644 4976 est
666 4932 799 4986 cygni
828 4934 987 4978 melior
1012 4946 1169 4987 canor,
1191 4935 1266 4979 ille
1286 4945 1449 4989 gruum
1477 4944 1608 4989 quam

296 4994 474 5038 chinon·
497 4996 543 5037 in
563 4994 1000 5058 aetheriis-‹lispersus
1028 4998 1221 5041 nubibus
1248 4998 1401 5041 austri.
1426 5012 1445 5036 ι

1801 4588 1992 4638 voluit?
2015 4601 2076 4636 an
2105 4588 2338 4650 Ἄσκρηςὲ
2367 4608 2390 4630 ν
2424 4590 2482 4637 B.
2506 4613 2568 4624 —
2591 4594 2619 4637 6
2637 4588 2870 4649 ποιμενίαι
2891 4585 3012 4635 cod.

1865 4710 2172 4759 Dccxvln.
2201 4711 2398 4757 Lemma
2431 4728 2442 4756 :
2477 4712 2539 4763 εἰς
2565 4708 2778 4759 Νοσσίδα
2803 4710 2886 4766 τὴν
2917 4708 3099 4771 ἑταίραν
3136 4710 3350 4771 Σαπφοῦς

1806 4786 1886 4838 τῆς
1914 4782 2239 4835 Μντυληναίας.
2267 4783 2340 4833 Ex
2365 4780 2585 4843 sepulcro
2608 4780 2657 4828 in
2681 4779 2844 4829 littore
2869 4780 3018 4829 maris
3039 4778 3197 4842 posito
3227 4780 3350 4828 Nos·

1806 4850 1873 4898 sis
1900 4850 2171 4911 alloquitur
2195 4848 2466 4911 hospitem,
2488 4849 2538 4897 in
2565 4847 2787 4911 Sapphus
2809 4850 3012 4912 patriam
3030 4887 3043 4910 ,
3063 4849 3104 4899 si
3123 4863 3182 4899 eo
3207 4847 3352 4897 veha-

1758 4944 1763 5006 1
1808 4925 1907 4979 tur,
1937 4921 2163 4969 nuntium
2193 4919 2254 4968 de
2283 4933 2336 4967 se
2362 4920 2488 4968 serre
2513 4918 2702 4980 jubens.
2731 4948 2791 4960 -
2821 4926 2838 4969 1
2881 4922 3116 4979 μιτυ).ίναν
3143 4918 3262 4969 Cod.
3289 4944 3348 4997 -ἶ-

1756 5013 1766 5043 ι
1809 4997 1835 5039 2
1869 4992 1953 5037 τὰν
1990 4989 2110 5038 Cod.
2157 4988 2387 5037 Ultimam
2439 5001 2638 5047 vocem,
2693 4989 2890 5039 minime
2936 4990 3342 5052 apri¹·an1,multi
