3829 5747
524 211 561 253 x
1875 228 1879 231 -
1895 182 2322 246 PRAEFATIO.

524 334 613 398 At
638 350 806 398 ecce
835 326 911 397 in
936 323 1178 399 medio
1202 310 1353 395 fere
1376 320 1613 420 capite
1638 321 1947 419 septimo
1969 346 2196 419 quum
2226 318 2496 391 Brodaei
2521 334 2764 391 notam
2794 318 3158 416 quandam
3187 316 3648 416 inspicerem,

522 477 691 523 casu
720 450 977 524 oculus
1008 451 1083 521 in
1110 447 1507 519 variantem
1535 445 1870 517 versiculi
1898 444 2196 539 alicujus
2231 442 2658 540 scripturam
2687 444 3011 540 proxime
3048 441 3320 512 allitam
3349 441 3646 529 incidit,

522 595 823 669 eamque
852 569 1089 664 magni
1112 592 1279 639 sane
1306 566 1680 655 momenti,
1714 566 1857 635 alio
1880 572 2139 636 nemine
2164 565 2561 659 hujusmodi
2575 564 2850 661 aliquid
2869 564 3228 661 referente.
3266 568 3366 635 Ne
3393 565 3646 655 multa,

524 694 857 791 apparuit
882 691 1221 789 juvenem
1267 693 1687 759 SALMASIUM
1708 740 1727 775 ,
1763 688 1889 784 qui
1926 688 2200 786 primus
2233 689 2561 760 codicem
2597 688 2934 775 excussit,
2977 688 3127 785 jam
3169 702 3328 758 tum
3369 701 3642 758 veteres

524 832 599 887 et
619 816 1047 888 recentiores
1074 814 1221 883 sive
1248 810 1719 909 interpolatos
1744 810 2005 883 ductus
2030 810 2486 883 librariorum
2508 811 2886 906 aliquoties
2903 812 3175 909 optime
3197 809 3634 897 distinxisse,

529 939 653 1011 ubi
680 938 863 1010 nihil
894 937 1169 1009 viderat
1197 938 1776 1033 κομπομικρολόγος
1822 934 1939 1005 ille
1987 935 2430 1006 Paulssenius
2449 986 2470 1024 ,
2499 959 2648 1005 non
2675 947 2961 1031 poterat
2993 947 3233 1003 autem
3259 932 3503 1004 videre
3537 938 3655 1002 Ja-

528 1061 816 1133 cobsius
842 1061 917 1130 in
946 1057 1365 1157 apographo
1394 1057 1704 1129 formam
1732 1057 2100 1129 literarum
2128 1058 2499 1148 reddente,
2523 1082 2673 1129 non
2700 1056 3080 1129 atramenti
3105 1070 3178 1125 et
3207 1079 3383 1126 rasae
3408 1054 3660 1125 lotaeve

532 1180 961 1253 membranae
992 1180 1326 1277 speciem.
1352 1181 1525 1265 Quae
1548 1177 2002 1267 Salmasiana,
2038 1181 2174 1251 nisi
2201 1204 2402 1253 error
2425 1180 2690 1252 alicubi
2719 1179 3034 1279 patebat,
3054 1205 3222 1251 cum
3248 1177 3655 1276 pulvisculo

530 1304 800 1399 sublegi
836 1304 915 1375 in
949 1302 1169 1373 altera
1204 1316 1406 1400 parte
1438 1302 1693 1401 capitis
1729 1303 2011 1401 septimi
2051 1318 2266 1401 atque
2301 1305 2374 1375 in
2419 1303 2805 1375 Addendis.
2851 1302 3054 1373 Unde
3081 1301 3439 1399 liquidum
3476 1325 3658 1371 con-

532 1428 938 1525 fessumque
982 1425 1107 1497 fiet
1142 1424 1481 1497 omnibus
1530 1450 1715 1525 opus
1748 1448 1903 1497 esse
1955 1440 2036 1496 ut
2073 1425 2257 1503 liber
2281 1428 2356 1498 in
2389 1428 2597 1499 terris
2640 1427 2894 1498 unicus
2932 1425 3026 1497 ab
3059 1425 3358 1497 homine
3397 1425 3664 1497 harum

532 1575 773 1621 rerum
818 1548 1242 1646 gnarissimo
1294 1548 1735 1619 examinetur
1782 1572 2062 1641 nmmo,
2106 1574 2253 1647 quo
2305 1550 2658 1648 scriptura
2701 1575 2786 1621 ex
2825 1550 2987 1647 ipso
3036 1548 3211 1620 olim
3265 1547 3666 1646 archetypo

533 1674 775 1763 ducta,
796 1696 839 1742 a
866 1669 1395 1743 correctoribus
1426 1669 1754 1741 nondum
1775 1684 2182 1764 attrectata,
2208 1689 2487 1746 certum
2511 1675 2588 1745 in
2617 1672 2918 1745 modum
2946 1670 3217 1772 ubique
3240 1686 3559 1771 patescat
3593 1688 3668 1743 et

532 1796 626 1868 ab
663 1795 1110 1894 interpolatis
1154 1793 1625 1864 discernatur.
1660 1797 1765 1863 De
1810 1793 1925 1865 his
1968 1809 2208 1867 autem
2260 1796 2824 1886 correctoribuS,
2860 1795 2954 1867 de
3009 1796 3545 1867 correctionum
3593 1811 3665 1867 et

534 1919 751 1991 variae
794 1919 1161 2015 scripturae
1203 1914 1557 2005 fontibuS,
1597 1915 1861 1986 deinde
1897 1916 1990 1988 de
2017 1916 2555 1991 dialecticarum
2596 1919 2991 1990 formarum
3033 1920 3212 1989 mira
3254 1944 3549 2016 prorsus
3590 1921 3665 1989 in

532 2043 651 2115 his
686 2042 1059 2140 poematiis
1106 2030 1423 2129 ποικιὶῖίᾳ,
1470 2038 1664 2110 unde
1716 2062 1798 2110 ea
1848 2042 2266 2138 provenerit
2300 2056 2374 2114 et
2426 2043 2553 2140 qui
2603 2067 2739 2139 pro
2790 2055 2995 2113 aetate
3039 2041 3387 2139 cujusque
3436 2056 3670 2139 poetae

531 2181 657 2238 aut
700 2189 903 2237 more
947 2161 1206 2235 modus
1241 2162 1393 2257 ejus
1426 2162 1531 2233 rei
1568 2162 1663 2232 sit
1705 2164 2156 2253 statuenduS,
2200 2166 2667 2262 quaestionem
2711 2166 3006 2263 spissam
3051 2180 3125 2237 et
3165 2166 3504 2258 arduam,
3541 2168 3668 2237 sed

536 2288 999 2360 necessariam
1018 2340 1037 2375 ,
1068 2284 1459 2355 nemodum
1496 2284 1724 2382 (quod
1764 2285 2018 2383 sciam)
2053 2288 2384 2357 tractavit
2414 2314 2429 2357 :
2465 2312 2623 2386 quae
2652 2288 2726 2358 in
2764 2287 2904 2359 hac
2939 2295 3295 2359 variorum
3329 2287 3661 2375 editione,

538 2411 814 2483 etiamsi
848 2408 1085 2506 aliqua
1122 2422 1370 2506 parata
1398 2408 1824 2480 haberemus
1845 2462 1864 2499 ,
1900 2411 2188 2481 tractari
2217 2435 2366 2481 non
2392 2424 2698 2508 poterat.

551 2586 561 2593 -
634 2534 877 2606 Latina
913 2532 1229 2630 capitum
1260 2536 1329 2621 1,
1365 2536 1489 2621 111,
1534 2536 1625 2603 IV
1662 2547 1733 2604 et
1766 2536 1924 2605 VIII
1961 2547 2128 2604 sunt
2175 2539 2626 2605 Bolssommu
2649 2588 2668 2623 ,
2714 2534 2838 2632 qui
2877 2535 2957 2606 in
3000 2536 3232 2632 capite
3266 2538 3326 2605 V
3353 2550 3426 2607 et
3461 2550 3669 2633 parte

534 2658 711 2729 sexti
736 2681 818 2727 ea
855 2681 1143 2755 quoque
1168 2655 1681 2754 epigrammata
1710 2655 1931 2727 latine
1965 2656 2284 2727 reddidit
2315 2682 2472 2753 quae
2499 2657 2692 2755 apud
2733 2662 3108 2752 Hugonem
3147 2658 3481 2730 Grotium
3518 2685 3666 2730 non

536 2776 919 2850 habentur.
962 2782 1043 2847 In
1080 2790 1276 2848 sexto
1306 2778 1542 2876 capite
1579 2801 1735 2848 rem
1772 2779 2037 2868 omisit,
2080 2780 2407 2875 Gregorii
2447 2780 2862 2851 Nazianzeni
2898 2780 3220 2852 versibus
3249 2781 3438 2881 (cap.
3480 2786 3668 2873 VIII)

538 2917 703 2975 ante
752 2918 1021 2992 cetera,
1065 2916 1147 2972 ut
1196 2901 1507 2992 videtur,
1556 2902 1940 2974 translatis,
1977 2908 2232 2974 Bomn
2287 2919 2452 2974 sunt
2499 2904 2716 2975 latina
2757 2905 3076 3002 capitum
3111 2909 3174 2976 ΙΙ
3212 2920 3282 2976 et
3309 2909 3395 2993 V,
3429 2906 3554 2976 sed
3591 2907 3666 2976 in

538 3040 737 3097 sexto
774 3026 1008 3124 capite
1043 3024 1199 3114 ille,
1240 3025 1411 3096 item
1450 3040 1531 3096 ut
1566 3026 2104 3116 BoissonadiuS,
2146 3024 2359 3097 telam
2392 3026 2632 3098 subito
2670 3027 3089 3124 abruperat,
3133 3028 3224 3099 ad
3264 3028 3401 3100 alia
3437 3031 3668 3127 capita

539 3147 978 3239 transilienS,
1032 3172 1308 3218 nonum
1329 3201 1348 3238 ,
1398 3146 1896 3236 undecimum,
1955 3148 2494 3245 quindecimum
2549 3162 2618 3217 et
2666 3145 3098 3244 planudeam
3153 3149 3664 3246 appendicem,

536 3292 696 3368 quae
744 3292 998 3363 magna
1051 3293 1135 3338 ex
1191 3281 1416 3366 parte,
1460 3269 1819 3364 integrum
1858 3268 2162 3360 nullum,
2209 3271 2285 3341 in
2331 3270 2635 3341 latinum
2687 3293 3090 3340 sermonem
3128 3273 3505 3344 convertit.
3544 3278 3666 3344 In·-

539 3407 819 3488 gentem
846 3389 1121 3464 hiatum
1156 3389 1527 3489 quomodo
1558 3390 1919 3488 explerem
1937 3393 2110 3463 etin
2137 3401 2288 3464 otio
2321 3392 2490 3464 satis
2520 3406 2822 3487 angusto
2848 3391 3281 3489 longissimis
3307 3397 3626 3493 capitum
3645 3451 3666 3487 ,

540 3516 845 3614 septimo
876 3529 948 3586 et
984 3540 1216 3607 nono,
1256 3515 1743 3614 prospicerem
1769 3539 1920 3585 non
1956 3515 2210 3586 leviter
2233 3517 2456 3586 animi
2486 3516 2863 3604 sollicituS,
2893 3517 3403 3589 amicissimum
3433 3521 3670 3591 virum

536 3645 600 3711 J.
638 3644 987 3711 LAPAUME
1019 3638 1411 3738 appellavi,
1451 3641 1656 3738 cujus
1690 3637 1991 3713 multam
2041 3637 2447 3713 doctrinam
2503 3657 2574 3713 et
2620 3639 3055 3712 indefessum
3101 3641 3174 3711 in
3220 3640 3673 3738 philologieis

540 3787 757 3835 omne
784 3787 1019 3860 genus
1056 3762 1309 3834 studiis
1343 3763 1677 3834 ardorem
1706 3779 1854 3836 tam
1876 3785 1978 3836 ‘ex
2017 3763 2298 3861 scriptis
2334 3789 2550 3863 quam
2591 3763 2919 3835 familiari
2949 3789 3082 3834 usu
3119 3765 3488 3860 cognitum
3535 3764 3670 3834 ha·

538 3886 821 3958 bebam.
873 3889 1016 3957 Nec
1046 3886 1293 3957 fefellit
1342 3911 1503 3986 spes
1558 3889 1633 3958 in
1688 3888 1924 3960 amico
1972 3887 2204 3987 posita
2260 3914 2276 3959 z
2338 3889 2491 3958 sine
2548 3913 2747 3959 mora
2791 3887 3166 3985 respondit
3209 3911 3284 3958 se
3319 3902 3664 3985 prompto

540 4011 783 4081 animo
824 4033 979 4081 rem
1016 4023 1539 4107 suscepturum.
1588 4015 1761 4081 Tam
1798 4009 2013 4107 longe
2047 4028 2288 4084 autem
2321 4010 2568 4083 aberat
2623 4025 2702 4083 ut
2747 4013 2985 4083 oneris
3049 4010 3320 4108 aliquid
3375 4013 3674 4082 sentiret

540 4133 674 4206 sibi
706 4157 857 4206 esse
890 4133 1340 4230 impositum,
1372 4146 1452 4203 ut
1489 4132 1743 4203 exinde
1771 4147 2005 4205 totum
2035 4159 2108 4206 se
2133 4135 2338 4207 daret
2364 4133 2806 4230 Anthologiae
2835 4157 3095 4229 graecae.
3130 4137 3287 4205 Non
3327 4157 3411 4204 ea
3437 4131 3669 4204 solum

541 4281 701 4356 quae
729 4255 1227 4328 Boissonadius
1254 4269 1325 4326 et
1350 4255 1644 4326 Bothius
1678 4256 1948 4326 intacta
1983 4257 2455 4355 reliquerant,
2489 4257 2615 4330 sed
2659 4257 2934 4352 integra
2971 4257 3209 4354 capita
3255 4256 3672 4353 quindecim

470 4413 475 4420 ·
545 4381 873 4454 Palatina:
904 4396 978 4451 et
1007 4378 1438 4478 planudeam
1476 4379 1950 4477 appendicem
1986 4411 2020 4445 α
2057 4379 2407 4454 latinitate
2437 4382 2755 4454 donavit.
2783 4410 2820 4448 ι
2857 4385 3194 4453 Praeterea
3227 4381 3320 4452 de
3343 4381 3674 4480 plurimis

508 4544 515 4552 ·
545 4519 653 4576 est
675 4519 1197 4575 commentatus
1226 4517 1297 4575 et
1332 4502 2041 4574 animadversionum
2077 4529 2366 4576 suarum
2403 4504 2734 4576 condidit
2766 4481 3142 4577 fasciculos
3184 4532 3199 4575 :
3256 4505 3482 4597 unde,
3512 4530 3674 4602 quae

546 4629 883 4723 sugerunt
918 4627 1339 4725 interpretes
1366 4628 1669 4725 prioreS,
1700 4641 2032 4724 excerpta
2060 4642 2420 4727 proponet
2455 4630 2530 4698 in
2557 4627 2782 4700 altero
2813 4628 3204 4701 volumine.

585 4783 593 4790 ·
642 4750 727 4816 ln
764 4747 1227 4818 annotatione
1258 4748 1533 4845 integra
1585 4748 1809 4822 habes
1856 4752 2404 4824 Boissonadiana
2451 4767 2524 4823 et
2570 4751 2995 4824 Jacobsiana
3039 4751 3348 4851 exempli
3393 4751 3488 4822 ad
3537 4776 3676 4822 nos

550 4870 785 4960 missi,
818 4869 1071 4962 selecta
1104 4885 1343 4943 autem
1373 4895 1457 4943 ex
1490 4873 1881 4949 BothianiS.
1925 4881 2250 4948 Ceterum
2288 4875 2620 4949 brevitati
2661 4875 2871 4948 simul
2909 4891 2976 4947 et
3021 4875 3423 4948 commodis
3473 4875 3676 4955 utili-⁴
