3829 5747
1302 237 1377 296 IN
1423 236 1670 297 CAPUT
1719 235 1846 295 Vlll
1890 234 2347 301 ΑΝΝΟΤΑἸῚΟ.

3206 305 3211 309 .
3308 244 3419 303 551

207 366 380 425 μένης
421 368 702 429 Λαμπτῆριις
723 404 736 427 ,
771 366 964 429 ἀρχαῖόν
1009 384 1057 415 τε
1104 370 1184 416 καὶ
1225 370 1326 417 νέον
1358 369 1543 431 κράτος.
1587 370 1781 418 Rursus
1875 380 1923 429 p.
1946 373 2005 420 69
2037 383 2049 415 t
2081 372 2201 420 Θεῖον
2230 372 2284 420 τὸ
2304 370 2470 428 κάλλος
2494 374 2575 421 καὶ
2595 372 2835 431 Θεόσδοτος
2868 374 3015 434 χάρις.
3038 374 3238 424 Tzetzes
3268 374 3426 439 Epist.

207 449 244 497 p
305 440 328 483 1
367 452 382 483 :
399 436 556 498 Ῥώμη
582 439 798 499 νεουργής
814 475 827 495 ,
849 439 1049 499 εὐγενῶν
1091 440 1242 487 ἀλλων
1273 440 1372 494 ἕδος
1389 476 1402 497 ,
1436 438 1786 488 Κωνσταντίνου

209 504 374 561 πόλις
405 521 452 553 τε
483 506 562 552 καὶ
601 508 747 562 στήλη
775 507 988 569 κράτους.
1032 506 1181 569 [Noti
1216 506 1408 556 labores
1442 512 1494 557 et
1528 518 1788 557 successus

213 574 456 637 Gregorii
481 574 530 623 in
553 574 804 624 Trinitatis
831 576 1059 639 dogmate
1078 575 1140 624 ab
1165 576 1413 625 erroribus
1431 580 1534 625 tum
1555 578 1787 625 Constan-

211 642 440 707 tinopoli
463 644 797 707 grassantibus
817 644 1144 708 vindicando.]
1161 676 1223 688 --
1247 651 1302 695 10
1323 647 1481 696 λάεσιν
1508 648 1590 704 ἠδὲ
1619 647 1782 707 φίλοις.

211 712 400 763 Schol.
422 735 434 763 z
463 716 653 764 δέκατον
671 751 687 773 ,
720 717 952 778 &finum
991 716 1130 769 ὶίθοις
1146 752 1160 775 ,
1181 717 1410 779 βέδλημαι
1431 718 1479 767 δὲ
1512 719 1591 765 καὶ
1621 717 1780 778 φίλοις.

211 784 328 831 Sed
373 784 525 833 oratio
558 784 617 834 fit
653 785 783 834 male
819 786 1058 834 contorta.
1097 784 1264 833 Malim
1293 786 1474 837 habere
1522 787 1669 848 φίλοις
1695 799 1785 851 pro

213 854 453 915 epitheto
479 855 716 918 lapidum.
755 855 1146 905 persecut-ionem
1181 855 1338 919 diligit
1371 856 1627 919 episcopus
1658 854 1786 905 chri·

213 923 578 975 stianissimus.
601 928 713 989 lpse
735 926 844 974 loco
870 926 972 988 jam
998 924 1059 973 ab
1091 924 1201 975 aliis
1237 926 1452 975 indicato
1484 929 1607 991 opp.
1639 928 1678 975 t.
1715 928 1781 985 11,

213 1006 272 1055 p.
309 1001 368 1043 11
394 1009 404 1036 ἱ
428 997 593 1051 Λίθους
621 996 820 1059 παρήσω
839 1000 920 1053 τήν
937 996 1049 1057 ἐμὴν
1077 997 1356 1045 πανδαισίαν
1372 1034 1386 1057 ,
1409 996 1498 1046 Ὧν
1518 999 1566 1046 ἔν
1586 1014 1630 1045 τι
1664 998 1775 1059 με’μ·
1794 1035 1799 1044 .

215 1067 348 1125 <pop-³
365 1079 377 1090 ·
396 1065 448 1114 οὐ
465 1066 554 1129 γὰρ
571 1064 692 1124 ἦσαν
716 1066 952 1127 εὔστοχοι.
976 1066 1165 1115 Τούτων
1193 1067 1408 1127 τυχόντες
1437 1068 1502 1116 ὧν
1522 1073 1678 1131 τυχεῖν
1711 1084 1785 1115 κε·

216 1137 306 1189 νὸς
327 1135 475 1194 φόνος.
497 1135 634 1184 Idem
663 1135 714 1184 in
745 1136 978 1185 Tullianis
1008 1150 1090 1199 pp.
1119 1142 1165 1193 6,
1198 1141 1251 1186 14
1284 1155 1296 1185 :
1321 1138 1528 1200 βαλλέτω
1551 1154 1609 1199 με
1631 1142 1779 1191 πᾶς...

213 1205 334 1267 Ὑφ’
357 1206 418 1253 ὧν
441 1207 664 1261 hostatici<
683 1206 868 1255 εἰσόδου
885 1209 1126 1269 προοίμιον
1143 1206 1474 1271 Ἐκαρτὲρησα.
1493 1208 1568 1257 lbi
1584 1207 1784 1258 Tollius.

215 1276 490 1325 Sententiae
517 1289 666 1338 quam
707 1277 887 1339 promit
924 1277 1208 1327 scholiastes
1247 1278 1410 1328 favere
1443 1280 1623 1343 poterit
1657 1278 1785 1329 alius

213 1345 372 1395 locus
387 1349 506 1410 Opp.
527 1350 566 1396 t.
587 1349 651 1407 11,
671 1360 726 1411 p.
754 1350 812 1396 73
834 1364 844 1395 :

360 1488 397 1533 T
399 1486 500 1533 ίπτε
523 1485 678 1540 τόσοις
701 1486 892 1547 ἀχέεσσι
917 1488 994 1535 καὶ
1022 1490 1088 1535 εῐν
1113 1488 1188 1537 ἁλὶ
1210 1490 1290 1536 καὶ
1311 1488 1433 1536 κατὰ
1456 1492 1594 1548 γαῖαν

361 1554 585 1618 ἑχθροῖσίν
607 1571 657 1603 τε
681 1557 828 1618 φίλοις
854 1572 902 1605 τε
920 1593 933 1613 ,
954 1559 1032 1606 καὶ
1052 1558 1335 1619 ἡγεμόνεσσι
1363 1557 1600 1613 κακίστοις
1614 1593 1630 1619 ,

359 1624 511 1680 ξείνοις
537 1626 796 1685 ἡμεδαποῖς
814 1642 865 1673 τε
883 1661 898 1685 ,
918 1628 997 1675 καὶ
1017 1628 1226 1690 ἀμφαδὸν
1259 1630 1288 1686 ἢ
1310 1629 1518 1691 λοχόωσι
1533 1664 1548 1689 ,

356 1696 510 1754 μύθοις
532 1695 572 1742 τ’
597 1696 840 1751 ἀντιθέτοις
868 1697 944 1745 καὶ
972 1700 1170 1754 λαῑνὲαις
1193 1698 1432 1759 νιφάδεσσι

357 1766 598 1827 βέὄλτμαι.
631 1786 654 1807 ¹·

225 1902 392 1949 Boiss.
427 1902 552 1958 Quae
578 1903 684 1965 ipsa
707 1902 756 1950 in
777 1906 944 1952 nostro
961 1916 1107 1953 versu
1125 1903 1316 1955 decimo
1335 1904 1513 1955 extulit
1539 1904 1752 1955 brevius,

293 2044 470 2091 LXXX.
491 2045 692 2093 Lemma
723 2063 734 2091 :
758 2045 820 2099 εἰς
843 2046 1008 2093 ἑαυτὸν
1033 2045 1354 2094 ἐπιδεικτικὸν.
1391 2048 1572 2095 lterum
1604 2045 1784 2108 legitur

221 2114 278 2161 in
296 2127 338 2163 c.
369 2115 474 2161 XV.
507 2116 596 2175 Ap.
633 2114 812 2162 Mutat.
837 2128 886 2177 p.
917 2117 1020 2163 119.
1047 2140 1108 2149 -
1137 2120 1155 2162 1
1185 2116 1451 2175 πεπλὲγμην
1475 2114 1644 2165 Codex
1673 2114 1780 2173 hic,

223 2183 382 2233 altero
397 2182 506 2231 loco
520 2185 573 2232 et
588 2184 717 2232 Mur.
737 2184 1039 2247 πεπλάσμην.
1071 2184 1148 2233 Sic
1167 2187 1293 2245 Jac..
1315 2184 1404 2234 sed
1429 2185 1584 2235 Boiss.
1616 2206 1628 2234 z
1659 2205 1682 2229 α
1703 2188 1783 2234 Ja-

222 2253 360 2302 cobs,
391 2250 544 2301 edidit
569 2253 867 2313 πεπλάσμην,
896 2266 958 2303 ex
977 2253 1156 2303 Codice
1185 2257 1241 2303 ut
1263 2253 1330 2302 ait
1353 2272 1365 2301 z
1387 2254 1474 2303 sed
1492 2267 1657 2317 apogr.
1685 2253 1775 2303 ha·

221 2322 308 2371 bet
333 2322 582 2381 πεπάσμην
596 2359 610 2383 ,
629 2326 679 2372 et
696 2323 976 2372 Muratoriis
995 2324 1141 2373 etiam
1165 2325 1434 2386 πεπάσμην,
1459 2324 1595 2387 quod
1613 2324 1779 2373 statim

221 2392 400 2455 recepi.
428 2392 690 2454 Gregorius
707 2396 745 2442 t.
770 2396 834 2454 11,
857 2408 907 2457 p.
945 2398 1028 2444 107
1060 2409 1072 2437 2
1106 2398 1294 2459 Χριστῷ
1319 2396 1459 2443 πάντ’
1477 2396 1670 2453 ἀνέθηκε
1695 2397 1774 2456 φὲ·

223 2481 331 2522 ρον,
358 2462 506 2511 Αὐτόν
543 2464 736 2525 (potius
759 2465 927 2525 αὐτόν)
955 2466 1038 2524 μὲν
1072 2466 1355 2526 πρώτιστον,
1399 2465 1558 2513 ἔπειτα
1598 2466 1646 2513 δὲ
1671 2464 1780 2514 ὅσσ’

221 2536 478 2581 ἐπέπαστο·
495 2531 560 2581 ibi
585 2533 745 2595 glossa
763 2533 944 2583 codicis
962 2540 1071 2594 993,
1096 2536 1317 2592 ἐκέκτητο
1357 2536 1498 2584 Coni'.
1515 2548 1597 2597 ep.
1630 2539 1731 2584 131.
1754 2555 1775 2577 n

221 2630 282 2637 —
311 2610 339 2652 2
365 2604 498 2661 ἥξατε
521 2601 642 2652 cod.
673 2603 826 2654 altero
851 2604 975 2653 loco.
1005 2610 1094 2653 ——6
1112 2606 1251 2667 λάτρη
1271 2604 1392 2655 cod.
1419 2605 1574 2655 altero
1593 2605 1718 2655 loco.

289 2743 502 2790 Lxxxl.
521 2744 613 2803 Ap.
635 2743 812 2791 Mutat.
833 2753 881 2802 p,
911 2748 1011 2791 119.
1043 2770 1093 2778 --
1113 2749 1142 2791 3
1161 2746 1348 2803 σοφίησ.
1371 2743 1493 2793 Cod.
1517 2770 1579 2780 —
1599 2749 1646 2793 4.
1676 2763 1698 2786 α
1727 2748 1778 2793 111

223 2809 498 2873 apographo
521 2813 599 2859 est
623 2810 740 2870 οἷον,
761 2811 904 2861 male.
936 2812 1198 2876 Gregorius
1226 2814 1263 2862 t.
1294 2815 1356 2873 11,
1385 2826 1432 2877 p.
1471 2818 1550 2863 134
1579 2832 1590 2861 :

353 2949 464 2998 Οἶον
488 2951 592 3012 ἐμοὶ
623 2949 766 3012 κτέαρ
791 2949 926 3000 ἔσκεν
951 2950 1189 3014 ἐράσμιον,
1213 2953 1310 3008 οἶος
1339 2953 1418 3002 ἀπ’
1449 2955 1600 3004 ἄλλων

410 3022 607 3075 πλοῦτος
625 3057 640 3081 ,
667 3022 885 3083 Θαλπωρὴ
904 3023 1198 3083 λησμοσύνης
1217 3025 1440 3085 καμάτων
1452 3061 1467 3084 ,

358 3097 438 3149 τῆς
457 3092 658 3150 μεγάλης
681 3092 876 3154 Τριάδος
895 3093 1024 3148 ξυνὸν
1051 3094 1201 3149 σέλας.
1817 3101 1825 3514 Ι

221 3225 432 3282 Forsan,
457 3223 701 3285 θαλπωρὴ,
731 3222 1002 3282 λησμοσῦνη
1025 3239 1140 3285 καμ.
1171 3223 1305 3272 Idem
1331 3239 1378 3288 p.
1409 3230 1463 3274 91
1498 3240 1508 3268 :

350 3363 534 3418 Ὀλὸιος
558 3363 608 3418 ὃς
627 3362 813 3411 πάντων
832 3363 1036 3412 κτεάνων
1058 3363 1273 3420 ὠνήσατο
1303 3365 1515 3428 Χριστὸν,

408 3434 486 3480 καὶ
517 3435 656 3494 κτέαρ
679 3433 735 3481 οῖ
751 3449 816 3482 ον
839 3434 934 3495 ἔχει
955 3433 1152 3496 σταυρὸν
1172 3433 1224 3481 ὃν
1253 3435 1335 3496 ὕψι
1370 3435 1509 3497 φέρει.

220 3573 390 3622 codex
418 3577 510 3622 993
539 3573 658 3632 οἷον,
682 3584 796 3621 cum
815 3571 976 3634 glossa
999 3571 1156 3634 μόνον.
1184 3571 1326 3622 00111.
1349 3586 1424 3634 cp.
1455 3577 1558 3630 191,
1581 3577 1625 3621 4.
1651 3593 1674 3616 υ
1713 3575 1772 3623 Β.

286 3706 512 3755 LXXXII.
561 3705 748 3754 Iterum
788 3705 836 3752 in
875 3717 918 3752 c.
967 3705 1066 3752 XV.
1113 3710 1203 3765 Ap.
1248 3706 1426 3754 Murat.
1469 3719 1516 3766 p.
1569 3711 1671 3755 120.
1717 3734 1777 3742 —-

223 3785 266 3826 1.
299 3797 320 3817 c·
361 3775 496 3827 ldem
531 3773 726 3824 initium
765 3774 1122 3838 epigrammatis
1157 3779 1202 3825 7.
1249 3797 1270 3818 υ
1304 3778 1361 3824 B.
1388 3803 1450 3812 —
1485 3782 1512 3826 3
1539 3780 1776 3840 οὐρανίοὶο
1815 3781 1822 3872 Ι

217 3845 344 3896 cod.
374 3859 472 3896 sec.
494 3844 680 3896 Paulss.

285 3979 549 4027 Lxxxlll.
598 3977 784 4026 lterum
817 3981 866 4030 in
896 3995 946 4030 c-
979 3987 1087 4033 xv,
1135 3981 1223 4038 Ap.
1269 3978 1440 4025 Mutat.
1485 3991 1533 4038 p.
1575 3981 1676 4025 121.
1715 4005 1775 4014 --

219 4054 248 4098 3
275 4049 420 4103 diu-52
437 4060 516 4109 ap.
539 4049 667 4095 Mur.
692 4073 754 4084 —
775 4051 802 4096 4
828 4063 1074 4110 συναισιρων
1092 4049 1108 4102 (
1125 4045 1228 4095 sine
1246 4045 1380 4104 acc.)
1401 4045 1521 4095 God.
1545 4045 1643 4106 liic,
1671 4063 1776 4094 συν-

221 4120 379 4178 &apem
407 4117 561 4166 altero
593 4117 718 4176 loco,
751 4117 996 4178 συναοιρὼν
1019 4115 1129 4165 cod.
1165 4114 1406 4173 Ambros„
1427 4113 1561 4176 quod
1592 4115 1778 4178 recepit
1813 4129 1819 4174 ι

219 4191 346 4235 Jac.:
375 4205 398 4227 «ι
419 4185 572 4248 patris
602 4185 654 4234 in
683 4185 956 4235 sacerdotio
989 4184 1196 4246 adjutor.
1229 4187 1404 4234 Aaron
1433 4185 1560 4234 enim
1579 4199 1669 4250 pro
1692 4201 1769 4238 sa-

219 4257 417 4306 cerdote
470 4255 649 4305 eximie
689 4255 898 4318 ponitur.
935 4277 957 4298 υ
1005 4255 1180 4304 Boiss.:
1223 4274 1246 4298 α
1297 4256 1456 4318 Vulgo
1496 4260 1768 4320 συνααρὼν,

217 4325 352 4388 quod
395 4324 666 4388 intelligunt
694 4324 756 4374 de
776 4325 1056 4387 coadjutore
1073 4360 1086 4382 ‚
1113 4325 1176 4374 de
1204 4325 1386 4388 collega
1422 4326 1472 4375 in
1505 4326 1773 4378 ministerio

219 4393 500 4453 sacordotii,
529 4394 670 4457 quasi
703 4395 766 4445 de
801 4399 1093 4444 co-Aarone.
1130 4397 1472 4458 Apographum
1498 4399 1550 4446 et
1582 4395 1772 4448 codices

218 4464 321 4512 duo
346 4477 423 4526 ap.
454 4466 631 4514 Murat.
660 4464 881 4524 divisim,
914 4466 1000 4514 σὺν
1031 4465 1230 4527 Ἀαρὼν,
1258 4465 1392 4526 quod
1418 4465 1604 4529 scripsi,
1635 4481 1767 4516 com·
1810 4505 1815 4524 .

219 4534 432 4596 positum
468 4537 710 4596 συνααρὼν
736 4549 832 4584 non
856 4547 1180 4597 concoquens.
1219 4538 1412 4585 Patrem
1437 4549 1584 4585 suum
1615 4539 1672 4586 ut
1689 4551 1765 4587 sa-
1809 4527 1815 4570 ¹

217 4603 463 4653 cerdotem
488 4607 632 4654 vocat
663 4610 915 4655 Aaronem.
949 4626 971 4648 »a
1809 4571 1815 4658 i

283 4745 530 4792 Lxxxlv.
571 4747 756 4793 lterum
800 4744 852 4794 in
891 4759 937 4793 c.
971 4747 1068 4793 ΧΥ.
1115 4753 1200 4807 Ap.
1243 4747 1419 4795 Μαι-ιιι.
1463 4759 1510 4808 p.
1561 4751 1661 4794 122.
1709 4777 1764 4789 .-

220 4819 248 4860 2
275 4811 432 4872 μνώσο
455 4812 576 4862 Cod.
607 4811 714 4871 hic,
745 4816 912 4876 μνὼεω
933 4816 1088 4864 altero
1113 4815 1218 4863 loco
1246 4817 1296 4864 ct
1326 4817 1451 4863 Mur.
1485 4839 1540 4849 -ο
1563 4819 1608 4863 3.
1651 4837 1672 4858 υ
1699 4819 1767 4864 De

219 4879 455 4943 adjectivo
479 4884 718 4939 θεόσδοτος
739 4884 900 4933 notavi
925 4884 987 4932 ad
1019 4884 1198 4933 Anecd.
1232 4888 1268 4934 t.
1304 4887 1364 4942 V,
1395 4899 1442 4947 p.
1475 4887 1550 4933 85.
1585 4884 1766 4947 Grego-

222 4949 320 4999 rius
342 4953 375 4998 t.
411 4953 476 5007 11,
499 4966 547 5013 p.
577 4955 654 5010 42,
677 4955 718 5001 D
748 4967 758 4994 2
783 4954 1039 5017 Hap‘isvin,
1069 4957 1187 5014 μέγα
1216 4959 1377 5016 χαῖρε,
1401 4955 1614 5002 υεόσὸοτε
1634 4989 1648 5011 ,
1671 4956 1762 5003 δῶ·-
1807 4975 1810 5021 Ι

219 5037 294 5068 τεο
317 5021 448 5070 ἐάων.
481 5021 646 5072 Codex
685 5029 776 5074 993
807 5025 970 5085 δῶτορ.
1003 5023 1289 5072 Theodorus
1321 5023 1488 5072 l’rodr.
1517 5023 1671 5072 Rhod.
1696 5027 1759 5087 11,
1806 5068 1811 5084 ,

1877 442 1987 500 post
2008 439 2252 491 Chiliades
2282 454 2331 505 p.
2363 448 2451 492 525
2482 461 2493 491 :
2524 444 2663 491 δεκτά
2692 446 2772 492 καὶ
2798 446 3033 494 ἀποδεκτὰ
3064 446 3124 493 τὰ
3142 446 3205 494 σά
3232 446 3429 495 δοκοῦσι

1876 510 2131 571 δωρήματα
2153 514 2251 570 καὶ,
2279 516 2343 567 ὡς
2375 513 2429 560 ἅν
2448 530 2515 569 τις
2552 514 2695 571 εἴποι,
2728 516 2967 565 θεόσδοτα.
2994 546 3058 557 -
3081 519 3111 565 4
3143 516 3293 564 δῶκεν
3326 516 3427 577 ἔρον

1874 580 1983 629 cod.
2013 582 2163 631 Paris.
2198 595 2325 631 unus
2342 595 2420 645 ap.
2442 586 2567 633 Mur.
2609 585 2873 649 Gregorius
2892 586 3057 637 l'resh.
3086 586 3198 635 Vita
3224 586 3426 635 Nazian*

1875 651 1981 700 zeni
2000 664 2047 714 p.
2080 654 2109 701 3
2138 666 2149 695 ε
2181 653 2260 701 διὰ
2294 659 2553 716 νυκτερινῆς
2578 654 2730 716 ὅψεως
2767 655 3089 717 προδείκνυσιν
3121 656 3239 718 αὐτῇ
3278 654 3432 715 (deus

1875 722 2084 781 Nonnae)
2112 724 2258 771 παῖδα
2282 724 2360 772 τὸν
2387 723 2453 771 ἔτι
2478 726 2714 786 μέλλοντα.
2741 744 2765 767 υ
2791 727 2854 774 Β.

1934 861 2156 910 LXXXV.
2188 862 2371 911 Iterum
2396 861 2448 910 in
2466 874 2569 924 cap.
2606 863 2710 911 ΧΥ.
2738 864 2829 925 Ap.
2856 864 3033 910 Murat.
3066 875 3099 923 p
3138 866 3200 912 49
3219 862 3427 923 iunctim

1873 941 1987 978 cum
2014 934 2250 993 sequente
2268 969 2283 991 ,
2306 932 2441 995 quod
2477 932 2676 982 Caesarii
2706 932 3068 995 responsionem
3093 932 3325 981 continet.
3364 959 3423 967 —-

1880 1008 1921 1047 1.
1951 1019 1973 1041 «
2014 1002 2069 1049 ln
2098 1001 2243 1049 Ranis
2277 1006 2386 1061 627,
2427 1003 2619 1065 σχέτλια
2653 1002 2733 1049 καὶ
2761 1003 2886 1051 δεινὰ
2904 1040 2917 1058 ,
2958 1000 3022 1051 de
3057 1014 3111 1051 re
3136 1001 3315 1065 injusta
3340 1014 3430 1050 nec

1872 1068 2137 1119 toleranda.
2176 1090 2199 1113 ιι
2238 1073 2296 1119 Β.
2328 1072 2498 1121 Altero
2522 1072 2631 1121 loco
2672 1070 2793 1120 cod.
2837 1088 2913 1132 μιν
2950 1071 3253 1133 superposito
3286 1088 3325 1120 ε.
3366 1096 3429 1105 -

1873 1142 1902 1188 3
1931 1140 1959 1187 ὃ
1984 1141 2109 1198 Jac.·‚
2129 1142 2157 1189 ὁ
2182 1141 2303 1191 Cod.
2332 1168 2393 1177 —-
2416 1146 2464 1191 4.
2502 1142 2733 1191 Similiter
2758 1144 2869 1200 vll,
2898 1154 2976 1203 ep.
3019 1146 3127 1203 228,
3155 1146 3203 1191 4.
3247 1161 3269 1183 α
3303 1141 3428 1191 Ποία

1873 1207 1979 1267 δίκη
2000 1244 2015 1268 ,
2050 1210 2178 1260 cons.
2209 1224 2287 1274 ep.
2311 1217 2371 1262 89
2397 1214 2447 1261 et
2474 1214 2575 1261 not.
2607 1233 2629 1255 ιι
2654 1214 2715 1262 Β.

1936 1342 2143 1391 LXXXV
2162 1343 2206 1390 *.
2235 1345 2435 1393 Lemma
2478 1359 2489 1389 :
2520 1345 2716 1405 ἰαμὸικὰ
2754 1346 2819 1399 εἰς
2858 1346 2937 1393 τὸν
2982 1346 3123 1394 αὑτὸν
3162 1344 3423 1407 Καιρὰριον.

1877 1429 1900 1453 α
1928 1413 2015 1461 Est
2032 1413 2212 1462 tumuli
2254 1426 2545 1475 responsum
2584 1413 2916 1477 epigrammati
2938 1413 3249 1475 praecedeuti.
3294 1434 3318 1456 n
3361 1416 3425 1462 Β.

1871 1482 2062 1531 lterum
2088 1482 2138 1531 in
2166 1495 2272 1546 cap.
2296 1486 2399 1533 XV.
2426 1510 2486 1521 —
2514 1488 2543 1534 3
2570 1486 2753 1547 eleo-232
2787 1496 2868 1546 ap.
2900 1484 3028 1533 Mur.

1934 1622 2185 1670 LXXXVI.
2217 1623 2417 1671 Lemma
2448 1641 2459 1670 z
2482 1622 2634 1683 ἑλεγία
2654 1616 2783 1684 [sic]
2802 1622 2865 1677 εἰς
2885 1620 2963 1669 τὸν
2990 1620 3127 1668 αὐτὸν
3149 1620 3424 1681 Καισάρων.

1873 1696 1963 1754 Ap.
1985 1694 2165 1741 Murat.
2198 1706 2247 1755 p.
2270 1699 2347 1742 51.
2370 1721 2431 1735 -
2460 1698 2501 1741 1.
2527 1710 2551 1734 «ι
2572 1691 2942 1741 Distinetionem
2965 1692 3077 1753 post
3102 1690 3186 1739 υἷα
3217 1689 3423 1747 sustuli,

1871 1764 1932 1811 ut
1952 1762 2272 1825 iungerentur
2290 1762 2537 1825 ὑπείροχον
2561 1762 2719 1810 atainei
2741 1763 2819 1810 καὶ
2839 1762 2996 1823 σοφίῃ.
3018 1762 3081 1810 Et
3102 1760 3175 1809 sic
3188 1760 3291 1823 jam
3320 1761 3427 1807 Mu-

1871 1831 2095 1881 ratorius.
2124 1833 2197 1880 De
2226 1830 2425 1881 caesarii
2463 1828 2787 1893 pulcritudine
2824 1828 2936 1878 vide
2967 1828 3117 1892 epigr.
3154 1833 3235 1887 98,
3273 1832 3320 1877 3.
3364 1853 3407 1862 -

1873 1907 1921 1950 2.
1944 1901 2113 1949 Fuisse
2130 1900 2399 1949 Caesarium
2424 1899 2795 1963 imperatoribus
2820 1911 2989 1949 carum
3007 1899 3215 1948 testatur
3240 1898 3422 1959 Grego—

1872 1972 1974 2021 rius
1997 1974 2049 2021 et
2069 1971 2203 2019 Orat.
2223 1971 2283 2030 Χ,
2300 1984 2349 2031 p.
2379 1974 2464 2019 165
2483 1971 2534 2019 et
2560 1974 2663 2019 too.
2686 1968 2824 2018 Cous.
2846 1981 2923 2031 ep.
2954 1972 3034 2027 99,
3059 1974 3106 2016 5.
3133 1986 3157 2009 υ
3177 1967 3237 2015 Β.
3260 1970 3363 2014 -4
3393 1966 3423 2025 ἦ

1871 2042 2017 2092 etiam
2030 2040 2222 2090 codices
2240 2054 2318 2101 ap.
2340 2042 2517 2089 Murat.
2527 2077 2539 2100 ,
2550 2038 2637 2102 qui
2651 2040 2707 2088 οὔ
2722 2040 2811 2101 μὴν
2825 2052 2887 2088 ex
2901 2038 3007 2089 cod.
3020 2037 3169 2087 Paris.
3190 2062 3253 2073 —
3264 2042 3314 2087 5.
3330 2055 3353 2078 «ι
3366 2038 3425 2085 ln

1871 2110 2148 2175 apographo
2164 2109 2279 2159 hinc
2296 2108 2465 2172 incipit
2488 2122 2673 2159 novum
2694 2108 2863 2172 epigr„
2883 2121 2996 2158 cum
3017 2106 3247 2158 lemmate
3262 2108 3327 2162 εἰς
3341 2107 3423 2155 τὸν

1871 2182 2011 2231 αὐτὸν
2030 2181 2219 2242 ὁμοίως.
2242 2210 2295 2223 -—
2315 2186 2362 2228 6.
2382 2179 2627 2229 Sententia
2640 2179 2723 2228 vix
2740 2178 2867 2229 bona
2876 2180 2967 2227 est.
2984 2179 3182 2237 Forsan,
3204 2176 3422 2237 μέγιστον

1870 2254 1995 2309 υἱέος
2019 2251 2179 2315 εὖχος,
2212 2252 2331 2314 ἔχεις
2346 2252 2469 2306 υἱέος
2492 2250 2594 2298 ἀντὶ
2620 2249 2766 2312 φίλον.
2803 2246 2905 2297 Sed
2922 2260 3034 2310 qum
3058 2248 3298 2295 maxima
3318 2242 3421 2308 tilia·

1869 2321 2287 2371 christianissimi
2308 2321 2425 2371 laus
2441 2320 2535 2381 est,
2556 2316 2715 2369 habes
2725 2329 2824 2381 pro
2846 2314 2959 2380 filio
2972 2318 3202 2367 amicum
3224 2318 3278 2365 tn
3296 2316 3423 2365 coeto

1870 2390 2022 2456 apud
2054 2392 2239 2441 Deum.
2275 2410 2297 2433 >a
2331 2391 2394 2438 B.

3384 2475 3395 2507 1

1932 2531 2207 2579 LXXXVII.
2241 2530 2442 2578 Lemma
2468 2540 2479 2566 ²
2509 2529 2572 2582 εἰς
2598 2527 2703 2581 τοὺς
2731 2528 2877 2587 γονεῖς
2908 2528 2991 2573 τοῦ
3019 2524 3220 2585 μεγάλου
3246 2525 3421 2584 Γρηγο·

1867 2602 1969 2663 ρίου
2001 2601 2081 2648 καὶ
2105 2600 2168 2655 είς
2202 2597 2481 2660 Καισάρων.
2512 2600 2603 2658 Ap.
2629 2595 2809 2643 Mutat.
2845 2606 2893 2656 p.
2921 2597 2998 2643 51.
3027 2618 3090 2629 —
3116 2596 3157 2640 1.
3202 2610 3227 2634 α
3261 2591 3419 2655 Vulgo

1869 2672 2054 2729 ἐνῆκαν.
2084 2666 2235 2717 Malui
2254 2664 2639 2716 Muratorianum
2666 2664 2855 2723 ἔθηκαν,
2890 2661 3026 2725 quod
3050 2662 3210 2711 tit-mat
3238 2660 3419 2724 repeti-

1866 2740 1938 2790 tio
1964 2752 2013 2789 ν.
2038 2743 2089 2789 3.
2122 2758 2145 2781 ιι
2174 2739 2234 2786 Β.
2258 2764 2315 2773 -
2337 2743 2363 2785 2
2384 2734 2497 2783 λᾶαν
2522 2732 2664 2792 θοὰ,
2684 2732 2833 2783 etiam
2853 2731 2995 2791 alihi3
3016 2732 3247 2795 ἡμετέρων
3271 2730 3417 2791 idem,

1869 2810 2076 2859 alterum
2107 2806 2216 2857 cod.
2256 2808 2381 2855 Mur.
2408 2833 2469 2845 -
2497 2808 2546 2853 3.
2578 2822 2601 2844 «
2642 2805 2715 2851 De
2754 2800 2961 2851 formula
2992 2802 3047 2849 οὐ
3083 2802 3206 2848 κατὰ
3240 2803 3423 2861 κόσμον

1867 2879 2037 2929 monui
2054 2879 2116 2928 ad
2138 2877 2377 2926 Theocrit.
2403 2876 2551 2933 xxa,
2570 2878 2631 2924 49
2657 2871 2735 2922 ed.
2762 2885 2859 2922 sec.
2888 2891 2910 2915 ι»
2936 2872 3001 2922 Β.
3020 2897 3083 2907 -
3106 2877 3152 2921 5.
3177 2889 3201 2914 «
3226 2872 3420 2920 Novum

1867 2949 2049 2998 lemma
2071 2947 2122 2996 in
2148 2959 2321 3008 marg:
2346 2946 2411 3000 εἷς
2448 2944 2528 2993 τὸν
2551 2943 2689 2992 αὐτὸν
2730 2941 3001 3004 Καισάρων,
3029 2952 3126 2988 non
3149 2939 3249 2988 huc
3270 2939 3417 3002 perti·

1867 3020 1967 3077 net,
1996 3017 2083 3067 sed
2107 3015 2171 3066 ad
2207 3015 2355 3078 epigr.
2382 3020 2461 3074 88,
2482 3013 2562 3063 cui
2600 3011 2717 3062 nihil
2744 3010 3063 3073 adscriptum.
3097 3029 3119 3052 υ
3150 3013 3265 3059 Jac.
3296 3009 3418 3060 Cod.

1866 3089 2188 3150 πανάποτμον,
2221 3088 2353 3136 recte
2374 3097 2453 3148 ap.
2498 3086 2624 3133 Mur.
2656 3113 2715 3124 -
2736 3090 2765 3132 6
2792 3083 3016 3143 ἡμέτερον
3045 3092 3229 3129 omues.
3266 3099 3290 3122 ιι
3322 3080 3419 3129 Sed

1867 3157 2042 3220 scripsi
2068 3158 2283 3218 ὑμέτερον
2299 3189 2313 3216 ,
2335 3167 2423 3216 pro
2448 3152 2551 3202 σόν.
2585 3151 2716 3201 Nihil
2742 3149 3045 3214 frequentius
3067 3150 3421 3212 permutatione

1867 3227 2059 3276 illorum
2084 3223 2425 3289 pronominum
2450 3225 2502 3273 et
2523 3236 2621 3272 usu
2656 3221 2857 3285 pluralis
2884 3222 3097 3284 ὑμέτερος
3136 3234 3224 3283 pro
3251 3220 3416 3284 singu-

1867 3297 1957 3346 lari
1983 3296 2081 3352 σός.
2107 3317 2129 3338 υ
2160 3299 2214 3345 Β.

1928 3426 2227 3474 Lxxxvm.
2252 3427 2341 3485 Ap.
2372 3425 2553 3472 Murat.
2584 3435 2636 3486 p.
2670 3428 2745 3472 52.
2770 3447 2830 3456 -
2848 3424 2877 3468 4
2905 3419 2977 3469 sic
3007 3421 3059 3468 et
3076 3418 3183 3468 cod.
3223 3417 3417 3474 Medica

1867 3495 1991 3544 τοῦδ’
2010 3496 2145 3552 ἐλύθη
2163 3493 2273 3544 cod.
2298 3493 2456 3569 faris.

1929 3635 2179 3683 LXXXIX.
2210 3635 2409 3682 Lemma
2439 3651 2449 3678 :
2476 3633 2539 3687 είς
2564 3631 2616 3678 τὸ
2637 3630 2776 3700 αὐτὸν
2806 3626 3058 3688 Καισὰριον
3077 3625 3204 3688 παρὰ
3233 3628 3327 3672 τῶν
3345 3642 3419 3684 γο·

1863 3707 1995 3754 νέων.
2027 3708 2113 3767 Ap.
2152 3705 2326 3752 Murat.
2366 3715 2414 3762 p.
2454 3707 2533 3749 52.
2560 3702 2687 3748 -3,
2730 3715 2753 3740 κ
2782 3697 2940 3760 Vulgo
2967 3696 3046 3745 οἶα
3076 3695 3200 3753 δίκη.
3237 3699 3414 3758 Apogr.

1865 3777 1945 3825 οἵα
1982 3776 2047 3834 8.,
2080 3772 2212 3836 quod
2244 3771 2418 3832 scripsi
2455 3769 2599 3832 [cum
2647 3767 2863 3826 Jacobs„
2905 3779 3054 3828 quem
3101 3764 3231 3814 conf.
3288 3763 3413 3813 Add-

1864 3857 1912 3906 p.
1937 3841 2105 3906 LXVJ.
2132 3843 2210 3890 Sic
2238 3855 2315 3903 ep.
2338 3843 2413 3896 85,
2442 3839 2553 3887 ποία
2576 3839 2698 3894 δίκη.
2729 3839 2853 3894 Quae
2876 3834 3097 3885 clausula
3113 3833 3241 3883 redit
3262 3833 3412 3897 epigr.

1864 3919 1971 3964 221.
1995 3915 2119 3976 Opp.
2150 3915 2188 3961 t.
2223 3913 2286 3969 11,
2315 3924 2362 3972 p.
2394 3913 2471 3966 85,
2500 3910 2615 3956 ποία
2653 3908 2758 3962 δίκη
2789 3905 2985 3956 inchoat
3008 3906 3364 3956 hexametrum.
3390 3923 3412 3946 υ

1863 3985 1927 4031 Β.
1960 4009 2021 4018 ·—
2038 3986 2063 4030 4
2090 3983 2131 4030 ὦ
2152 3993 2230 4043 ap.
2260 3982 2406 4035 Mure,
2428 3978 2467 4025 ὦ
2492 3976 2689 4027 tenebat
2720 3977 2824 4025 Jac.
2848 3995 2871 4017 ιι
2902 3977 2958 4023 ut
2984 3971 3355 4037 σχιτλιαστικόν.
3386 3989 3413 4012 υ

1926 4114 2023 4162 XC.
2052 4116 2280 4162 Lemma:
2304 4110 2367 4165 εἰς
2390 4110 2467 4157 τὸν
2488 4109 2625 4156 αὐτὸν
2643 4107 2918 4168 Καισάρων.
2945 4108 3031 4166 Ap.
3057 4104 3233 4151 Murat.
3264 4113 3311 4163 p.
3332 4104 3409 4150 53.

1860 4213 1922 4222 --
1949 4189 1974 4234 [ι
2002 4185 2040 4232 ὼ
2060 4181 2201 4242 Cod.;
2231 4184 2271 4230 ὢ
2302 4183 2427 4230 Mur.

1924 4327 2045 4373 xm.
2071 4325 2300 4372 Lemma:
2324 4323 2389 4375 si:
2406 4321 2486 4369 τὸν
2513 4319 2649 4367 αὐτὸν
2668 4317 2867 4378 ὁμοίως,
2898 4310 3287 4374 ἐγκωμιαστικόν.
3320 4312 3410 4370 Ap.

1859 4397 2039 4444 Murat.
2084 4406 2131 4455 p.
2168 4397 2244 4442 53.
2292 4411 2315 4432 «ι
2364 4392 2437 4440 De
2480 4387 2749 4438 erudit-ione
2783 4382 2979 4434 Caesarii
3021 4379 3132 4430 vide
3163 4381 3298 4428 Orat.
3351 4379 3409 4434 Χ,

1858 4480 1905 4529 p.
1938 4469 2043 4524 163,
2077 4466 2133 4523 C,
2156 4465 2215 4511 D.
2242 4481 2264 4504 υ
2298 4464 2408 4512 Jac.
2432 4489 2485 4502 -
2510 4465 2554 4508 2.
2588 4479 2611 4501 «
2635 4458 2775 4509 Θέσιν
2810 4454 3052 4518 οὐρανίων,
3083 4451 3212 4500 conf.
3234 4463 3309 4512 ep.
3331 4453 3407 4498 92.

1859 4543 1906 4586 3.
1944 4558 1966 4579 n
1998 4537 2053 4583 Β.
2086 4559 2147 4571 --
2168 4537 2194 4580 4
2224 4535 2314 4590 ίητ.
2345 4529 2465 4580 eod.
2491 4557 2552 4571 —-
2572 4535 2599 4579 5
2628 4527 2864 4590 πτερόεντι
2894 4538 2971 4587 ap.
3000 4524 3127 4571 Mur.
3152 4527 3261 4570 -6
3280 4519 3407 4581 ὅμως

1858 4621 1935 4668 ap.
1964 4603 2130 4661 eund..
2151 4603 2268 4652 ’item
2293 4603 2352 4650 ut
2378 4613 2454 4662 ep.
2498 4603 2603 4658 107,
2632 4601 2679 4646 4.
2711 4598 2871 4658 Ὀμῶς
2906 4606 2996 4656 pro
3032 4593 3151 4653 ὁμοῦ
3179 4591 3408 4653 positum.

1923 4743 2069 4791 XCU.
2108 4745 2196 4803 Ap.
2233 4739 2410 4788 Mutat.
2444 4751 2492 4801 p.
2529 4743 2606 4787 55.
2634 4761 2693 4772 -
2736 4740 2753 4784 1
2790 4735 3110 4793 κασιγνήτοισι
3137 4733 3257 4784 τεοῖς
3278 4728 3406 4776 Mur.

1856 4828 1917 4864 cx
1937 4813 2045 4862 cod.
2070 4811 2236 4870 Paris„
2259 4809 2347 4859 sed
2370 4809 2581 4860 alterum
2600 4806 2695 4856 hoc
2710 4805 2872 4869 ipsum
2901 4801 3156 4866 significat.

1919 4958 2089 5005 xclll.
2140 4959 2225 5017 Ap.
2270 4955 2449 5002 Murat.
2492 4967 2538 5014 p.
2579 4959 2655 5000 56.
2691 4953 2743 4998 1η
2775 4947 2957 4996 Codice
2989 4945 3125 5009 prius
3166 4939 3405 4990 distichon

1854 5026 1981 5076 mole
2012 5023 2224 5074 cohaeret
2248 5036 2363 5072 cum
2384 5035 2459 5084 ep.
2487 5017 2809 5084 praecedente.
2848 5046 2906 5056 -
2938 5021 2953 5064 1
2986 5017 3104 5076 μέγα
3128 5013 3239 5058 κλεοι
3261 5007 3403 5064 Cod.;
