3829 5747
427 168 540 226 ¹90

505 294 837 377 βουκολικοὺς
860 293 1079 369 ὕμνους,
1105 293 1288 350 ἄνθετο
1315 288 1453 350 Πανὶ
1483 289 1624 346 τάδε·

423 387 538 449 τοὺς
568 381 788 462 τρητοὺς
812 383 1034 447 δόνακας
1056 425 1069 450 ,
1100 379 1158 437 τὸ
1185 376 1507 456 λαγωὸόλον,
1535 375 1653 443 ὀξὺν
1684 375 1902 446 ἄκοντα,

504 471 708 549 νεὸρίδα
729 514 746 546 ,
776 469 872 527 τὰν
893 467 1089 547 πήραν,
1115 459 1150 548 ᾇ
1177 468 1294 524 ποτ’
1324 463 1658 544 ἐμαλοφόρει.

885 625 1014 674 178.
1060 613 1535 672 ΗΙἪΣΙΠΠΟΥ.

423 751 578 819 Δέξαι
607 754 682 826 μ’,
711 749 1014 829 Ἡράκλεις,
1047 747 1436 828 Ἀρχεστράτου
1461 745 1599 826 ἱερὸν
1631 746 1814 817 ὅπλον,

501 838 665 919 ὄφρα,
694 838 816 897 ποτὶ
841 836 1024 906 ξεστὰν
1054 836 1302 894 παστάδα
1327 835 1633 912 κεκλιμένα,

423 927 660 1006 γηραλέα
683 926 974 1001 τελέθοιμι,
1001 929 1173 1006 χορῶν
1197 921 1384 982 ἀίουσα
1411 923 1501 982 καὶ
1527 922 1718 1000 ὕμνων·

504 1013 727 1092 ἀρκείτω
754 1011 977 1092 στυγερὰ
1000 1014 1143 1090 δῆρις
1167 1009 1462 1071 Ἐνυαλίου.

965 1160 988 1207 1
1003 1158 1031 1205 ἵ
1039 1157 1092 1208 9.
1140 1147 1442 1208 ΑΡΧΙΟΥ.

429 1288 697 1369 Ἀγραύλῳ
725 1287 848 1347 τάδε
879 1287 1018 1348 Πανὶ
1056 1287 1296 1369 βιαρκέος
1323 1287 1476 1353 ἄλλος
1495 1287 1588 1343 ἀπ’
1626 1285 1788 1356 ἄλλης

508 1376 756 1454 αὗθαιμοι
794 1377 999 1456 τρισσοὶ
1024 1377 1164 1452 δῶρα
1186 1375 1519 1445 λινοστασίης
1542 1419 1559 1446 ,

431 1464 636 1545 Πίγρης
665 1467 758 1541 μὲν
789 1465 1057 1544 δειραχθὲς
1082 1459 1330 1542 ἐΰὸροχον
1359 1461 1516 1540 ἅμμα
1541 1464 1798 1531 πετανῶν,

510 1559 679 1629 Δᾶμις
710 1551 754 1610 δ’
788 1554 1053 1627 ὓλονόμων
1083 1551 1267 1610 δίκτυα
1291 1550 1645 1631 τετραπόδων,

432 1643 592 1720 ἄρκυν
623 1642 666 1699 δ’
699 1641 934 1700 εἰναλίων
963 1638 1202 1718 Κλείτωρ
1233 1637 1407 1718 πόρεν·
1439 1627 1511 1703 οἷς
1535 1635 1598 1695 σὺ
1619 1640 1685 1695 δι’
1717 1636 1898 1717 αἴθρας

509 1727 599 1787 καὶ
627 1726 883 1805 πελάγεος
911 1729 1001 1785 καὶ
1030 1736 1125 1804 γᾶς
1147 1723 1374 1805 εὔστοχα
1401 1726 1579 1801 πέμπε
1602 1724 1738 1783 λίνα.

945 1872 1063 1924 180.
1114 1875 1232 1920 ΤΟΥ
1273 1874 1489 1921 ΑΥΤΟΥ.

431 2001 619 2062 Ταῦτά
645 2025 726 2061 σοι
754 2001 814 2060 ἔκ
837 2004 883 2059 τ’
911 2001 1097 2080 ὀρέων,
1128 1999 1189 2059 ἔκ
1212 2003 1260 2058 τ’
1286 2000 1511 2080 αἰθέρος,
1538 2000 1597 2059 ἔκ
1626 2025 1686 2059 τε
1723 2005 1991 2073 θαλάσσης

514 2098 646 2163 τρεῖς
673 2090 858 2167 γνωτοὶ
890 2088 1078 2169 τέχνης
1103 2088 1344 2163 σύμὸολα
1363 2135 1378 2159 ,
1407 2088 1526 2148 Πὰν
1548 2133 1564 2161 ,
1592 2089 1794 2148 ἔθεσαν·

433 2184 601 2237 ταῦτα
626 2179 720 2255 μὲν
754 2176 992 2236 εἷναλίων
1027 2176 1260 2256 Κλείτωρ
1283 2177 1425 2252 λίνα,
1452 2185 1598 2235 κεῖνα
1621 2177 1675 2236 δὲ
1708 2176 1911 2256 Πίγρης

514 2267 728 2337 οἰωνῶν,
749 2268 920 2340 Δᾶμις
939 2263 1008 2322 τὰ
1033 2264 1186 2344 τρίτα
1212 2264 1588 2343 τετραπόδων.

434 2343 508 2422 οἷς
541 2352 654 2428 ἅμα
675 2352 1032 2434 χερσαίαισιν,
1066 2351 1162 2428 ἅμ’
1195 2353 1453 2431 ἦερίαισιν
1487 2355 1541 2411 ἐν
1573 2353 1788 2433 ἄγραις,

517 2442 698 2521 Ἀγρεῢ
717 2485 732 2514 ,
765 2439 856 2517 ἅμ’
886 2442 938 2498 ἐν
968 2445 1226 2509 πλωταῖς,
1249 2443 1320 2505 ὡς
1346 2440 1468 2519 πρὶν
1486 2485 1502 2513 ,
1537 2442 1735 2520 ἀρωγὸς
1759 2441 1850 2503 ἴθι.

967 2585 1085 2636 181.
1123 2589 1240 2632 Tor
1280 2588 1496 2636 Αγτυῑ,
1745 2569 1748 2572 ’

437 2713 720 2792 Ἰ’ρίζυγες,
747 2712 1060 2793 οὖρεσίοικε,
1091 2716 1394 2791 κασίγνητοι
1435 2715 1560 2775 τάδε
1584 2714 1770 2796 τέχνας

517 2801 671 2865 ἄλλος
700 2800 788 2859 ἀπ’
811 2800 1022 2866 ἀλλοίας
1049 2801 1132 2860 σοὶ
1157 2800 1179 2821 “
1209 2801 1359 2875 τάδε,
1396 2801 1540 2879 Πὰν,
1562 2802 1766 2877 ἔθεσαν,
1847 2845 1854 2850 -

439 2890 528 2948 καὶ
549 2891 614 2947 τὰ
639 2890 733 2964 μὲν
761 2890 974 2967 ὀρνίθων
1007 2888 1235 2968 Πίγρης,
1260 2889 1326 2948 τὰ
1369 2890 1424 2951 δὲ
1452 2892 1634 2951 δίκτυα
1663 2897 1839 2973 θηρῶν

521 2983 707 3053 Δᾶμις,
736 2980 763 3034 ὁ
785 2979 840 3034 δὲ
870 2975 1112 3055 Κλείτωρ
1147 2980 1384 3036 εἷναλίων
1407 2978 1608 3058 ἔπορεν·

441 3069 544 3124 τῶν
572 3069 600 3124 ὁ
623 3062 716 3139 μὲν
737 3066 789 3121 ἐν
820 3063 1134 3144 ξυλόχοισιν,
1168 3070 1195 3122 ὃ
1216 3066 1262 3123 δ’
1282 3065 1521 3145 ἠερίῃσιν
1550 3070 1603 3125 ἓν
1635 3068 1817 3147 ἄγραις

525 3150 654 3223 αἰὲν,
681 3154 709 3208 ὃ
728 3151 773 3208 δ’
800 3154 855 3208 ἐν
876 3150 1094 3227 πελάγει
1122 3152 1372 3231 εὔστοχον
1405 3155 1568 3234 ἄρκυν
1593 3156 1724 3234 ἔχοι.

637 3300 763 3351 182.
812 3294 1323 3354 ΑΛΕΞΑΝΔΡΟΥ
1357 3296 1796 3357 ΜΑΓΝΗΤΟΣ.

447 3431 647 3510 Πίγρης
678 3432 892 3513 ὀρνίθων
921 3432 1026 3489 ἄπο
1054 3432 1266 3507 δίκτυα,
1291 3438 1463 3511 Δᾶμις
1493 3435 1701 3515 ὀρείων,

1546 154 2049 214 ANTHOLOGIAE
2094 150 2495 211 PALATlNAE
2520 154 2523 158 '

2122 292 2371 342 bucolicos
2393 290 2603 353 hymnos
2619 328 2632 350 ,
2662 289 2780 338 Pani
2798 288 3043 340 dedicavit
3068 288 3209 338 haec:

2062 382 2331 446 perforatas
2358 378 2640 438 arundines,
2665 376 2862 441 pedum,
2885 380 3083 426 acutum
3093 377 3333 440 jaculum,

2124 470 2504 534 capreae-pellem
2518 507 2530 530 ,
2558 481 2724 531 peram
2750 479 2851 530 qua
2866 467 2981 517 olim
3001 466 3348 516 mnia-serebat.

2592 616 2695 661 178.
2732 612 3077 660 HEGESWPI.

2068 753 2242 814 Accipe
2260 765 2357 812 me,
2378 751 2629 810 Hercules,
2660 748 2956 800 Archestrati
2988 761 3183 798 sacrum
3209 748 3431 810 elypeum
3448 787 3461 807 ,

2128 841 2202 899 ut,
2221 839 2429 902 politum
2454 838 2517 888 ad
2536 837 2834 886 vestibulum
2854 837 3135 897 reclinatuS,

2068 939 2335 988 senescam,
2360 925 2537 975 choros
2559 924 2763 974 audiens
2786 927 2836 974 et
2848 924 3056 987 hymnos
3082 947 3093 973 ι

2132 1014 2333 1065 satis-sit
2356 1027 2501 1064 exosa
2518 1013 2763 1064 contentio
2793 1012 2979 1062 Martis.

2640 1159 2743 1206 179.
2782 1155 3050 1205 ARCHIAE.

2075 1295 2261 1360 Agresti
2284 1295 2389 1344 haec
2410 1293 2527 1344 Pani
2544 1295 2670 1344 alius
2693 1294 2755 1343 ab
2776 1294 2871 1344 alia
2886 1293 3405 1344 vietum-inmistrante

2135 1380 2599 1430 venatione-retinuit
2626 1381 2839 1444 germani
2857 1384 2958 1431 tres
2973 1380 3117 1440 dona,
3278 1379 3410 1442 [lum
3436 1379 3603 1427 avium
3620 1419 3631 1434 ,

2076 1467 2239 1530 Pigres
2260 1467 2462 1529 quidem
2483 1467 2973 1530 cervicem-premens
2996 1467 3421 1529 bene-laqueatum
3462 1467 3634 1514 vincu-

2136 1557 2304 1605 Damis
2320 1558 2486 1605 autem
2509 1554 2806 1605 silvestrium
2821 1557 2945 1606 retia
2965 1555 3341 1619 quadrupedum
3356 1593 3370 1615 ,

2078 1643 2317 1693 cassidem
2337 1656 2454 1692 vero
2470 1643 2769 1692 marinorum
2801 1643 2956 1693 Clitor
2982 1642 3151 1692 dedit:
3182 1642 3365 1705 quibus
3410 1644 3465 1691 tu
3496 1643 3545 1690 in
3569 1656 3632 1690 m—

2137 1733 2187 1780 et
2204 1729 2373 1794 pelago
2392 1733 2441 1780 et
2457 1732 2586 1780 terra
2604 1729 2760 1779 felicia
2776 1731 2917 1782 mitte
2944 1730 3057 1780 lina.
3486 1729 3638 1793 {there

2621 1879 2723 1924 180.
2782 1883 3085 1925 musmm.

2084 2013 2205 2060 Haec
2224 2010 2309 2062 tihi
2328 2015 2378 2061 et
2400 2025 2455 2061 ex
2484 2012 2751 2072 montibus,
2776 2017 2901 2062 etex
2924 2012 3124 2074 aethere,
3144 2015 3195 2062 et
3210 2026 3268 2062 ex
3290 2013 3414 2061 mari

2142 2102 2243 2148 tres
2272 2100 2465 2160 fratres,
2490 2100 2610 2150 artis
2630 2101 2874 2163 symbola,
2900 2115 2932 2149 o
2948 2103 3068 2162 Pan,
3112 2085 3386 2163 posuerunt
3410 2120 3424 2148 ε

2082 2184 2189 2235 haec
2204 2186 2406 2248 quidem
2432 2187 2729 2237 marinorum
2754 2188 2855 2239 lina
2877 2188 3057 2250 Clitor,
3086 2189 3169 2238 illa
3190 2192 3355 2238 autem
3382 2187 3548 2252 Pigres

2146 2274 2311 2323 avium
2334 2313 2345 2336 ,
2370 2275 2535 2325 Damis
2550 2275 2695 2325 tertia
2717 2274 3115 2340 quadrupedum.

2086 2361 2273 2419 Quibus
2292 2375 2407 2411 cum
2428 2362 2477 2411 in
2505 2363 2833 2424 terrestribus,
2862 2367 2969 2413 tum
2996 2363 3046 2413 iu
3071 2363 3215 2414 aeriis
3241 2363 3579 2414 venationibus
3594 2405 3606 2422 ‚

2150 2449 2277 2499 deus
2298 2453 2527 2510 Venator,
2556 2455 2607 2500 et
2634 2451 2683 2500 in
2710 2451 3017 2513 natantibus,
3039 2454 3097 2502 ut
3110 2453 3262 2516 prius,
3280 2452 3477 2516 adjutor
3501 2454 3633 2501 veni!

2648 2598 2751 2644 181.
2795 2606 3097 2648 mustum.

2087 2731 2229 2781 Terni
2258 2732 2447 2793 fratreri,
2467 2747 2498 2781 o
2524 2733 2785 2784 monticola
2803 2733 2948 2794 deus,
2978 2733 3087 2784 haec
3107 2739 3211 2785 arte

2149 2819 2275 2868 alius
2295 2819 2358 2868 ab
2375 2819 2469 2869 alia
2484 2820 2591 2882 tibi,
2612 2822 2728 2884 Pan,
2752 2821 2878 2871 dona
2896 2826 3197 2886 posuerunt:

2088 2909 2140 2957 et
2152 2906 2319 2957 avium
2337 2908 2535 2971 quidem
2558 2908 2737 2972 PigreS,
2764 2910 2977 2960 ferarum
3004 2914 3172 2961 autem
3200 2912 3325 2961 retia

2152 2995 2317 3045 Damis
2330 3033 2343 3055 ,
2367 2996 2521 3045 Clitor
2538 2996 2748 3059 denique
2766 2998 3061 3047 marinorum
3088 2999 3319 3062 praehuit.

2090 3086 2311 3140 Quorum
2328 3083 2409 3133 hic
2427 3084 2623 3146 quidem
2647 3085 2697 3134 in
2716 3086 2901 3147 lustris,
2926 3086 3007 3137 ille
3026 3090 3193 3136 autem
3216 3088 3267 3135 in
3286 3088 3429 3137 aeriis
3444 3091 3641 3138 venatio-

2156 3183 2362 3233 semper,
2382 3172 2653 3235 tertiusque
2672 3173 2722 3222 iu
2750 3174 2935 3237 pelago,
2958 3174 3066 3223 felix
3090 3178 3191 3224 rete
3213 3174 3408 3225 habeat.
3492 3176 3642 3239 [nibus

2468 3316 2569 3363 182.
2609 3317 2956 3365 ALEXANDRI
2986 3317 3295 3365 MAGNEsn.

2098 3451 2259 3514 Pigres
2281 3452 2342 3501 ab
2359 3452 2533 3502 avibus
2556 3453 2695 3513 retia,
2717 3455 2885 3504 narnis
2906 3468 2936 3504 a
2953 3454 3211 3513 montaniS,

483 3548 3629 3582 ——-——-—————————.—-—————-—-—

512 3603 663 3652 Dulce
684 3619 860 3653 canens
893 3604 1016 3653 tritis
1038 3620 1230 3653 carmen
1257 3607 1574 3657 arundinibus
1598 3623 1611 3657 ε

449 3686 660 3737 Nebrida
689 3703 797 3737 cum
821 3688 970 3737 ternis
993 3688 1184 3738 calamis
1201 3726 1216 3751 ,
1241 3690 1565 3757 jaculumque,
1599 3694 1869 3761 pedumque
1887 3732 1902 3757 ,

513 3775 573 3821 Et
593 3788 776 3837 peram,
802 3772 1040 3837 quondam
1065 3789 1159 3838 qua
1183 3788 1267 3822 sua
1289 3790 1427 3839 poma
1455 3776 1582 3825 tulit.

1039 3917 1056 3945 ι
1069 3917 1149 3963 79.
1187 3916 1396 3951 Ancum.

450 4008 678 4073 Agricolae
704 4012 863 4057 Fauno
888 4015 984 4055 tres
1004 4008 1164 4070 praeda
1187 4008 1346 4056 vivere
1368 4009 1488 4057 sueti

517 4096 732 4151 Fratres,
761 4090 960 4154 quisque
979 4090 1136 4154 operis
1156 4089 1280 4139 dona
1305 4091 1460 4138 tulere
1477 4090 1550 4138 sui
1577 4106 1588 4140 :

452 4173 610 4237 l‘igres
638 4171 832 4221 alitibus
865 4172 1048 4219 nodant
1078 4188 1183 4236 quae
1210 4172 1398 4221 vincula
1418 4173 1593 4234 fauces,

521 4256 680 4305 Damis
697 4254 920 4304 silvicolis
937 4254 1036 4303 lina
1057 4254 1266 4303 timenda
1283 4255 1412 4317 feris,

454 4344 572 4403 Quae
597 4339 744 4405 pisces
761 4338 956 4403 capiunt
982 4339 1154 4389 Clitor.
1181 4343 1254 4388 Τιι
1279 4338 1446 4388 dexter
1477 4340 1656 4395 adesto,

525 4424 588 4469 Ut
612 4420 792 4486 pelago,
824 4420 987 4476 terris,
1017 4436 1128 4469 aere
1157 4436 1258 4469 rem
1283 4420 1477 4470 faciant.

1037 4575 1051 4602 1
1065 4559 1146 4605 80.
1189 4574 1428 4618 masuam,

1090 4666 1148 4716 de
1183 4667 1362 4718 eodem.

459 4782 571 4828 llaec
599 4779 688 4829 tibi
711 4788 806 4828 tres
833 4778 1000 4827 fratres
1022 4779 1082 4827 dc
1110 4780 1351 4828 montibus
1371 4816 1384 4839 ,
1403 4796 1533 4839 aere,
1563 4788 1710 4845 ponto

525 4868 840 4913 Instrumenta
869 4863 1024 4929 operis
1041 4899 1056 4924 ,
1088 4868 1204 4923 Pan,
1233 4880 1434 4929 posuere
1455 4863 1548 4913 sui.

459 4944 598 4994 Retia
627 4944 862 5009 fluctivagi
885 4944 1039 4995 Clitor
1063 4946 1234 5009 gregis,
1264 4946 1411 4995 altera
1433 4946 1586 5007 Pigres

2162 3617 2376 3667 Alituum
2399 3655 2412 3679 ,
2444 3622 2605 3669 Damis
2628 3622 2769 3669 tertia
2789 3622 3166 3688 quadrupedum.

2094 3705 2165 3749 Tu
2196 3700 2348 3751 bonus
2384 3712 2437 3751 ut
2464 3718 2652 3769 semper
2686 3702 2834 3752 facilis
2856 3704 2932 3753 fae
2966 3706 3123 3769 prada
3145 3706 3205 3753 sit
3228 3704 3337 3759 inis.

2162 3787 2279 3846 Quae
2295 3785 2439 3845 volat,
2464 3795 2513 3834 et
2536 3802 2640 3851 quae
2662 3800 2713 3834 se
2740 3785 2832 3835 sert
2854 3786 3001 3851 pede,
3022 3802 3219 3852 quaeque
3244 3798 3393 3836 natat.

2689 3930 2705 3959 ι
2716 3914 2743 3959 8
2756 3930 2773 3959 1
2786 3950 2796 3960 .
2843 3928 3081 3973 numen,

2738 4027 2797 4075 de
2824 4027 3002 4077 eodem.

2098 4158 2208 4203 Haec
2234 4154 2319 4203 tibi
2350 4164 2443 4203 tres
2474 4154 2643 4203 fraires
2658 4154 2813 4203 studio
2832 4148 3017 4203 diversa'
3040 4154 3253 4220 professi,

2166 4240 2280 4291 Pan,
2308 4236 2493 4285 liabitas
2520 4238 2694 4286 montis
2722 4239 2805 4300 qui
2832 4240 2957 4303 juga,
2982 4239 3105 4288 dona
3137 4239 3293 4286 serunt
3317 4253 3329 4287 :

2099 4320 2313 4369 Alituum
2340 4322 2497 4383 Pigres
2515 4356 2530 4381 ‚
2558 4320 2719 4370 Damis
2736 4323 2817 4371 dat
2843 4322 2923 4370 fila
2945 4321 3180 4389 ferarum,

2165 4401 2318 4452 Clitor
2339 4418 2445 4466 que.
2473 4402 2621 4451 fatum
2640 4402 2847 4468 piscibus
2869 4418 2969 4453 esse
2990 4403 3159 4453 solent.

2098 4484 2189 4531 121e
2216 4481 2288 4530 sac
2321 4498 2349 4529 e
2370 4484 2500 4531 silvis
2517 4484 2756 4547 deportet,
2786 4484 2849 4533 ab
2873 4500 2983 4533 aere
3006 4484 3211 4551 predam

2166 4566 2319 4624 Alter,
2344 4564 2403 4612 ab
2431 4564 2602 4613 insanis
2620 4566 2789 4615 tertius
2811 4566 3097 4631 oequoribus.

2518 4692 2625 4740 132.
2654 4709 2932 4740 nummu
2958 4678 3233 4751 utoni-ms,

2746 4809 2804 4859 de
2828 4809 3003 4860 eodem.

2104 4942 2202 4991 Fila
2229 4943 2383 5005 Pigres
2406 4938 2581 4997 avium,
2610 4942 2761 4993 Clitor
2790 4941 2904 4991 vada
2932 4943 3051 4992 salsa
3078 4951 3353 5001 natantum,
