3829 5747
1014 185 1264 246 CAPUT
1303 187 1403 247 VI.
1451 188 2015 252 EPIGRAMMATA
2056 190 2591 251 DEDICATORJA.

343 311 520 392 βότρυς,
541 307 606 374 τίς
633 307 686 366 δὲ
713 307 871 388 ῥόδων
896 310 1049 379 θῆκεν
1075 308 1192 385 ἐμοὶ
1211 309 1475 388 κάλυκας;

283 403 474 479 Νύμφαις
495 401 648 458 ταῦτα
670 396 817 477 φέροι
842 419 918 463 τις
935 419 951 433 ·
983 397 1337 474 ἀναιμάκτους
1365 399 1419 457 δὲ
1445 397 1636 472 Θυηλὰς

337 491 384 549 οὗ
403 489 593 568 δέχομαι
619 489 818 564 βωμοῖς
843 489 872 554 ὁ
898 484 1224 564 Θρασύμητις
1248 483 1305 544 Ἀ
1315 508 1426 564 ρης.

719 620 843 672 325.
881 622 998 668 ΤΟΥ
1031 622 1244 671 ΑΥΤΟΥ.

272 735 415 800 Ἄλλος
435 731 528 793 ἀπὸ
543 731 820 806 σταλίκων,
843 736 872 790 ὁ
897 733 942 790 δ’
963 733 1055 790 ἀπ’
1074 731 1225 810 ἠέρος
1238 778 1256 807 ,
1279 731 1333 800 ὃς
1351 733 1397 791 δ’
1418 732 1522 792 ἀπὸ
1543 732 1764 810 πόντου,

331 823 530 899 Εὕπολι,
558 821 638 881 σοὶ
662 821 860 900 πέμπει
885 821 1029 901 δῶρα
1050 821 1362 897 γενεθλίδια·

271 911 364 971 ἀλλ’
387 910 542 988 ἐμέθεν
566 909 706 979 δέξαι
727 913 958 970 Μουσῶν
987 909 1195 988 στίχον,
1227 911 1364 976 ὅστις
1392 911 1444 977 ἐς
1471 908 1574 968 αἰεὶ

330 998 506 1078 μίμνει,
526 1000 610 1058 καὶ
634 999 809 1080 φιλίης
839 1003 988 1075 σῆμα
1017 998 1110 1057 καὶ
1132 998 1400 1076 εὖμαθίης.

713 1137 838 1188 326.
878 1139 996 1184 ΤΟΥ
1030 1138 1250 1185 ΑΥΤΟΥ.
1329 1145 1332 1150 “

154 1265 156 1268 ’
263 1245 442 1308 Axium
466 1243 662 1315 ἰοδόκην
691 1243 782 1302 καὶ
809 1243 1113 1320 καμπύλον,
1135 1242 1386 1324 Ἄρτεμι,
1411 1241 1554 1311 τόξον

321 1335 496 1399 Νῑκιςδ
519 1332 834 1411 Λυσιμάχου
855 1333 981 1400 παῖς
1008 1331 1230 1403 ἀνέθηκε
1255 1330 1438 1397 Λίὸυς.

259 1421 362 1488 ’leisc
378 1420 468 1500 γὰρ
489 1419 774 1491 πλήθοντας
803 1418 885 1477 ἀεὶ
913 1419 1194 1498 λαγόνεσσι
1225 1419 1485 1499 φαρέτρης

317 1509 501 1586 δορκάσι
525 1507 614 1566 καὶ
645 1505 856 1586 βαλίαις
881 1504 1152 1575 ἐξεκένωσ’
1170 1507 1401 1585 ἐλάφοις.

707 1644 838 1697 327.
877 1648 1000 1694 ΤΟΥ
1036 1647 1251 1696 ΑΥΤΟΥ.

253 1747 326 1822 Εἷς
347 1756 456 1834 πρὸς
482 1755 568 1815 ἕνα
591 1755 847 1836 ψήφοισιν
875 1755 1137 1828 ἰσάζεται,
1159 1760 1218 1814 οὖ
1253 1755 1345 1814 δύο
1377 1755 1557 1822 δοιοῖς·

311 1847 358 1902 οὐ
378 1843 466 1922 γὰρ
487 1842 561 1902 ἔτι
587 1845 794 1924 στέργω
815 1844 914 1915 τὴν
942 1842 1368 1923 δολιχογραφίην.

707 1981 834 2032 328.
871 1983 992 2028 ΤΟΥ
1027 1981 1242 2029 ΑΥΤΟΥ.

245 2093 334 2166 Τὴν
351 2094 577 2174 τριτάτην
601 2094 837 2174 χαρίτων
861 2094 951 2152 ἀπ’
973 2095 1100 2171 ἐμεῦ
1117 2092 1250 2152 πάλι
1270 2091 1512 2167 λάμὸανε
1535 2090 1753 2170 βῦὅλον,

309 2184 508 2260 Καῖσαρ,
531 2181 815 2260 ἰσηρίθμου
837 2181 1100 2257 σύμὸολον
1122 2178 1332 2251 εὖεπίης
1347 2223 1363 2252 ,

238 2269 391 2336 Νεῖλος
406 2269 534 2336 ὅπως
555 2269 652 2328 καὶ
671 2269 827 2341 τήνδε
848 2269 914 2327 δι’
931 2267 1188 2334 Ἑλλάδος
1211 2266 1482 2326 ἰθύνουσαν

301 2361 358 2435 τῇ
379 2359 510 2436 χθονὶ
533 2363 604 2438 σῇ
636 2358 836 2437 πέμψει
868 2357 1030 2436 δῶρον
1060 2353 1381 2416 ἅοιδότατον.

707 2493 834 2545 329.
874 2495 997 2541 ΤΟΥ
1030 2495 1248 2542 ΑΥΤΟΥ.

237 2602 388 2672 Ἄλλος
411 2605 500 2682 μὲν
526 2604 878 2684 κρύσταλλον,
899 2607 928 2664 ὁ
951 2606 998 2663 δ’
1023 2603 1271 2685 ἄργυρον,
1295 2603 1342 2660 οἱ
1366 2598 1420 2658 δὲ
1447 2600 1699 2666 τοπάζους

295 2695 588 2774 πέμψουσιν,
611 2693 842 2753 πλούτου
873 2695 1018 2771 δῶρα
1046 2690 1358 2770 γενεθλίδια·

233 2781 330 2839 ἀλλ’
349 2780 409 2840 ἴδ’
433 2780 770 2861 Ἀγρειππῖνῃ
793 2779 884 2839 δύο
910 2778 1120 2859 δίστιχα
1147 2782 1334 2856 μοῦνον
1359 2773 1585 2851 ἰσώσας,

293 2875 536 2950 ἀρκοῦμαι
565 2869 754 2949 δώροις
771 2914 788 2943 ,
817 2868 852 2928 ἃ
880 2865 1059 2949 φθόνος
1085 2868 1142 2927 οὗ
1167 2863 1412 2942 δαμάσει.

479 3012 622 3063 330.
664 3001 1038 3063 ΑΙΣΧΙΝΟΥ
1080 2997 1463 3058 ΡΗΤΟΡΟΣ.

225 3117 414 3183 Θνητιῗιν
440 3116 533 3193 μὲν
559 3114 778 3195 τέχναις
804 3112 1185 3195 ἀπορούμενος,
1217 3113 1286 3178 εἷς
1310 3109 1365 3169 δὲ
1395 3110 1454 3167 τὸ
1477 3114 1612 3169 θεῖον

221 3200 382 3260 ἐλπίδα
401 3212 574 3263 πᾶσαν
605 3206 768 3284 ἔχων,
791 3200 1062 3282 προλιπὼν
1093 3200 1344 3266 εὗπαιδας
1367 3196 1581 3270 Ἀθήνας
1596 3241 1614 3272 ,

221 3288 346 3360 idom
373 3290 551 3364 ἐλθὼν,
574 3290 864 3361 Ἀσκληπιὲ
880 3335 896 3368 ,
924 3290 1051 3369 πρὸς
1078 3288 1137 3348 τὸ
1162 3286 1250 3346 σὸν
1275 3287 1432 3352 ἄλσος
1448 3333 1463 3357 ,

220 3372 344 3445 ἕλκος
359 3381 488 3459 ἔχων
508 3383 748 3461 κεφαλῆς
765 3378 1042 3452 ἐνιαύσιον,
1063 3380 1116 3437 ἐν
1138 3376 1277 3459 τρισὶ
1297 3373 1478 3453 μησίν.

601 3522 740 3573 331.
787 3515 831 3573 Γ
833 3508 1332 3573 ΑΙΤΟΥΛῙΚΟΥ.

215 3622 368 3683 Παῖδα
389 3624 566 3706 πατὴρ
584 3624 792 3686 Ἄλκων
817 3629 950 3706 ὀλοῷ
979 3623 1296 3707 σφιγχθέντα
1327 3622 1568 3703 δράκοντι

3287 194 3403 251 217

1918 335 2044 371 uvas
2057 360 2071 384 ‚
2091 321 2203 384 quis
2218 335 2441 372 rosarum
2459 321 2625 386 posuit
2649 321 2767 371 mihi
2792 321 3009 385 calyces?

1853 410 2088 474 Nymphis
2110 409 2221 460 haec
2246 411 2373 461 ferat
2394 411 2570 474 aliquis
2594 411 2879 460 :incruenta
2897 413 3063 461 autem
3084 410 3320 461 sacrificia
3397 452 3409 471 .,

1913 511 2010 546 non
2037 499 2221 562 accipio
2246 499 2345 548 aris
2361 535 2374 558 ,
2404 512 2494 562 eqo
2513 498 2671 548 audax
2690 501 2839 548 Mars.

2406 625 2517 670 325.
2563 631 2855 673 tunsum.

1853 741 1991 792 Alius
2007 755 2038 792 a
2053 742 2199 806 palis,
2221 743 2345 793 alius
2371 742 2432 793 ab
2452 755 2565 793 aere
2579 783 2592 805 ‚
2614 743 2741 793 alius
2758 757 2788 793 a
2804 747 2975 808 ponto,

1913 831 2114 893 Eupolis
2127 867 2140 890 ‚
2158 831 2248 881 tihi
2263 831 2416 881 mittit
2434 831 2562 882 dona
2583 831 2808 881 natalicia
2830 853 2841 880 :

1853 916 1939 967 sed
1964 930 2094 968 a-me
2119 919 2284 982 accipe
2308 922 2563 969 Musarum
2585 932 2785 970 versum
2802 957 2814 979 ,
2837 918 2924 982 qui
2956 923 3189 984 perpetuo

1913 1007 2109 1068 manet,
2129 1008 2182 1056 et
2205 1005 2433 1056 amicitiai
2454 1005 2648 1070 signum
2678 1007 2731 1056 et
2757 1006 3003 1058 doctrinae.

2407 1137 2517 1183 326.
2562 1141 2628 1182 m
2637 1141 2865 1184 usnssn.

1831 1213 2072 1315 ³Lyctiam
2088 1251 2371 1316 pharetram
2395 1255 2448 1303 et
2474 1267 2710 1315 curvum,
2736 1253 2915 1312 Diana,
2936 1268 3105 1306 arcum

1911 1340 2070 1404 Nicis,
2090 1340 2367 1404 Lysimachi
2389 1339 2523 1391 fitius
2539 1379 2554 1403 ,
2578 1340 2824 1391 dedicavit
2850 1342 2995 1405 Libys
3017 1363 3029 1390 :

1851 1427 2054 1493 sagittas
2078 1429 2209 1480 enim
2226 1443 2419 1494 semper
2440 1429 2745 1480 abundantes
2764 1429 2983 1480 in-costis
2998 1430 3239 1494 pharetrae

1912 1515 2155 1568 in-damas
2174 1520 2225 1569 et
2241 1517 2519 1569 maculosas
2536 1516 2762 1569 exhausit
2779 1531 2963 1569 cervos

2406 1647 2518 1694 327.
2556 1652 2856 1696 musmm.

1849 1763 1989 1812 Unus
2004 1775 2187 1815 versus
2196 1762 2261 1812 ad
2272 1778 2431 1813 unum
2448 1764 2650 1815 calculis
2664 1767 2908 1828 aequatur,
2920 1779 3019 1816 non
3036 1765 3137 1816 duo
3154 1765 3374 1818 ad-binos
3397 1786 3410 1820 :

1912 1867 2012 1904 non
2037 1855 2167 1904 enim
2192 1855 2404 1919 amplius
2432 1869 2545 1905 amo
2572 1855 2931 1919 longa-scripta.

2404 1973 2513 2023 328.
2556 1983 2854 2027 Esusmm.

1848 2099 2063 2149 Tertiam
2078 2097 2206 2149 hanc
2224 2101 2490 2164 gratiarum
2506 2115 2538 2152 a
2552 2115 2634 2152 me
2651 2115 2792 2153 sume
2812 2115 2988 2153 rursus
3000 2101 3182 2153 librum
3199 2142 3213 2167 ‚

1909 2190 2093 2251 Caesar,
2112 2189 2467 2253 paris-numero
2497 2189 2777 2254 symbolum
2803 2190 3093 2254 eloquentiae
3107 2228 3122 2253 ‚

1846 2277 1986 2328 Nilus
2012 2282 2071 2328 ut
2096 2278 2245 2329 etiam
2273 2277 2403 2328 hanc
2419 2316 2432 2339 ‚
2458 2279 2695 2328 Graeciam
2728 2279 3104 2344 pervadentem,

1908 2369 2053 2418 terrm
2072 2369 2177 2418 tuae
2198 2367 2363 2418 mittat
2388 2366 2575 2417 donum
2592 2367 3046 2418 celebratissimum.

2406 2498 2513 2544 329.
2557 2505 2622 2545 131
2631 2505 2834 2546 tlsmm
2847 2532 2863 2548 .

1847 2623 1986 2674 Alius
1999 2623 2201 2687 quidem
2214 2624 2497 2687 crystallum
2508 2661 2523 2686 ‚
2537 2624 2664 2674 alius
2676 2625 2950 2688 argentum,
2962 2623 3042 2676 alii
3059 2623 3249 2688 topazia

1909 2709 2107 2760 mittent
2120 2748 2134 2771 ,
2150 2723 2605 2774 magnarum-opum
2626 2709 2756 2760 dona
2781 2709 3005 2760 natalicia
3028 2731 3041 2760 ι

1847 2797 1937 2850 sed
1962 2811 2078 2848 ecce
2094 2811 2185 2861 ego
2205 2797 2481 2861 Agrippinae
2495 2835 2508 2859 ,
2539 2797 2733 2848 duobus
2751 2797 2973 2848 distichis
3000 2798 3147 2848 modo
3170 2799 3379 2862 aequatis
3394 2838 3408 2861 ‚

1909 2886 2105 2937 sufficio
2127 2886 2287 2949 donis,
2314 2900 2431 2950 quae
2456 2885 2637 2936 invidia
2661 2901 2759 2937 non
2784 2886 3037 2951 deprimet.

2219 3007 2329 3052 330.
2363 3004 2668 3053 AEscmms
2702 3004 3024 3054 ORATORIS.

1845 3116 2125 3167 mortalium
2150 3116 2341 3167 artibus
2358 3116 2589 3167 diffidens
2603 3155 2618 3179 ‚
2637 3116 2688 3165 in
2709 3117 2907 3168 numine
2936 3121 3105 3168 autem
3158 3117 3377 3181 [Athenis
3394 3156 3407 3179 ‚

1846 3218 1987 3269 spem
2015 3218 2211 3255 omnem
2236 3205 2423 3255 habens
2437 3204 2651 3267 ‚relictis
2668 3207 3414 3269 pulcrorum·liherorum-:1:atre

1848 3298 2184 3347 curatus-sum
2200 3294 2467 3356 accedens,
2496 3276 2749 3359 AEsculapi
2762 3334 2775 3357 ,
2795 3296 2859 3345 ad
2877 3299 3024 3347 tuum
3049 3297 3217 3347 lucum
3232 3334 3245 3356 ‚

1848 3388 1996 3439 uleus
2016 3388 2204 3439 habens
2229 3386 2469 3451 in-capito
2488 3399 2709 3436 annuum
2727 3425 2740 3449 ,
2760 3388 2923 3438 tribus
2944 3388 3206 3438 mensibus.

2390 3505 2500 3552 331.
2531 3502 2866 3551 GAETULICI.

1854 3622 2073 3697 Puerum
2099 3618 2239 3681 pater
2254 3614 2405 3666 Aleon
2421 3628 2575 3678 quum
2600 3614 2749 3665 noxio
2773 3613 3041 3678 implexum
3063 3614 3257 3665 draconi

262 3806 368 3869 Quis
386 3808 517 3858 dedit
540 3808 630 3858 has
659 3824 790 3866 uvas,
814 3808 920 3871 quis
945 3806 1096 3867 dedit,
1118 3822 1224 3866 oro,
1251 3809 1415 3855 rosas?

209 3888 384 3939 Adferat
405 3890 508 3942 haee
529 3891 774 3959 Nymphis
795 3890 985 3955 aliquis.
1010 3890 1124 3940 Sine
1145 3888 1372 3953 sanguine
1395 3903 1500 3953 quoe
1528 3894 1640 3936 sunt

259 3974 410 4031 Dona,
439 3972 582 4025 ferox
611 3972 762 4023 animi
779 3976 909 4023 Mars
929 3987 1017 4033 ego
1035 3988 1134 4021 non
1155 3971 1317 4038 capio.

806 4100 922 4150 325.
957 4097 1132 4147 Aliud.

201 4222 264 4275 De
284 4222 402 4271 varis
429 4223 548 4285 alii,
573 4224 730 4288 deque
754 4238 886 4283 aere,
911 4222 1068 4287 deque
1098 4222 1364 4287 profundo,

255 4306 404 4354 Natali
431 4315 653 4372 portant,
679 4306 868 4371 Eupoli,
892 4306 1019 4355 dona
1043 4316 1146 4356 tuo.

199 4392 255 4438 At
275 4406 356 4441 nos
369 4408 520 4457 parva
540 4393 712 4441 damus
737 4392 826 4441 tibi
849 4392 1079 4452 carmina,
1107 4392 1301 4457 pignora
1329 4391 1422 4441 lida
1443 4396 1448 4403 ’

251 4475 482 4525 Doctrinae
499 4492 715 4541 semper,
739 4491 926 4541 semper
948 4474 1187 4526 amicitiae.

792 4617 906 4665 326.
952 4612 1128 4665 Aliud.

193 4750 256 4798 De
280 4754 422 4816 Lycto
439 4750 724 4818 pharetram
741 4749 892 4801 Diana
920 4760 969 4801 et
995 4748 1154 4800 flexile
1182 4766 1330 4801 cornu

249 4832 371 4881 Nieis
395 4830 674 4897 Lysimachi
700 4832 782 4883 dat
799 4830 889 4881 tibi
915 4832 1040 4881 dona
1067 4831 1230 4897 Libys.

193 4914 302 4962 Nam
323 4916 519 4981 multas,
549 4912 826 4980 pharetram
853 4929 959 4978 quae
983 4916 1305 4981 complevere,
1332 4913 1520 4980 sagittas

249 5000 302 5047 In
325 4998 508 5049 celeres
534 5012 701 5049 cervas
727 4996 934 5064 perdidit
962 5005 1011 5047 et
1036 5012 1244 5063 capreas.

2473 3776 2587 3833 327.
2618 3770 2788 3822 Aliud.

1847 3874 1961 3923 Non
1980 3868 2193 3935 geminus
2214 3866 2444 3933 geminis,
2479 3866 2563 3915 sed
2585 3881 2636 3914 se
2660 3882 2782 3915 unus
2804 3875 3052 3932 comparat
3082 3866 3167 3915 uni

1911 3958 2118 4010 Versus,
2145 3950 2187 4000 si
2203 3964 2425 4000 numeres
2452 3964 2465 3999 ς
2499 3964 2599 3998 non
2620 3964 2707 4014 ego
2726 3949 2865 4014 longa
2888 3949 3068 4017 probo.

2464 4043 2578 4093 ³28.
2618 4040 2787 4092 Aliud.

1843 4136 2007 4187 Tertia
2024 4136 2085 4185 de
2112 4133 2253 4183 nobis
2277 4130 2412 4182 venit
2434 4131 2537 4182 haec
2562 4132 2652 4181 tibi
2676 4134 2842 4183 Gratia
2859 4170 2873 4194 ,
2900 4136 3072 4191 Caesar,

1910 4222 2183 4287 Appon-tans
2208 4232 2412 4266 numero
2437 4215 2647 4265 earmina
2674 4216 2793 4265 facta
2816 4218 2937 4283 pat-i.

1843 4302 1981 4353 Nilus
2000 4300 2125 4350 enim
2146 4299 2325 4348 medias
2342 4314 2431 4365 per
2450 4298 2607 4347 Groeci
2624 4298 2831 4347 nominis
2854 4314 2963 4347 oras

1909 4391 2025 4437 Haec
2047 4385 2190 4435 audet
2212 4382 2379 4436 Cereri
2398 4383 2592 4432 mittere
2611 4382 2737 4431 dona
2762 4392 2871 4433 tuce.

1973 4470 1977 4475 ’
2460 4478 2582 4539 329.
2625 4472 2797 4525 Aliud.

1842 4575 2107 4635 Argentum
2134 4568 2231 4625 hic,
2260 4568 2383 4618 alius
2410 4567 2653 4632 crystalla,
2684 4568 2901 4633 topazion
2926 4568 3064 4623 alter,

1907 4650 2069 4700 Natali
2094 4650 2285 4699 mittent
2309 4648 2557 4715 splendida
2579 4648 2705 4697 dona
2733 4657 2835 4709 tuo,

1842 4733 2103 4801 Agrippina
2119 4769 2134 4796 ,
2158 4735 2241 4784 sed
2254 4734 2355 4783 haec
2379 4749 2465 4799 ego
2485 4731 2695 4782 carmina
2720 4743 2947 4798 quattuor
2968 4752 3159 4802 aequans

1906 4821 2049 4867 Dono
2070 4816 2157 4867 tibi
2180 4832 2381 4866 vacnum
2403 4830 2577 4864 munus
2602 4815 2665 4863 ab
2689 4814 2889 4867 invidia.

1966 4970 1981 4993 ι
2407 4916 2521 4963 331.
2553 4930 2819 4962 omnum.

1841 4998 1963 5047 Alco
1988 5005 2124 5063 pater
2148 5012 2347 5063 puerum
2373 4996 2589 5047 strictum
2616 5011 2725 5045 cum
2748 4994 2862 5044 vidit
2883 4993 2943 5044 ab
2963 5010 3138 5060 angue,
