3829 5747
1464 183 1891 248 PRAEFATlo.
3172 189 3231 248 ix

215 322 372 392 lentiae
395 329 604 386 autem
632 329 708 386 et
737 317 1105 406 amicitiae,
1131 339 1272 412 qua
1304 340 1434 413 per
1460 330 1686 386 totam
1719 317 1941 388 vitam
1978 319 2471 390 Boissonadius
2496 318 2837 392 Didotum
2868 321 3234 418 amplexus

184 457 343 530 erat,
373 440 495 508 hoc
523 437 720 508 dedit
767 438 958 509 filius
999 454 1077 509 ut
1118 439 1400 509 chartas
1429 440 1702 510 erudita
1733 440 1996 537 pietate
2032 457 2371 538 tanquam
2404 458 2685 514 renatas
2722 445 3066 516 Didotum
3096 471 3233 542 po-

211 569 302 636 tius
321 587 504 658 quam
530 561 904 633 librarium
933 562 1150 632 alium
1179 587 1344 632 cum
1371 562 1757 632 lectoribus
1785 569 2123 656 φιλέλλησι
2159 565 2692 635 communicare
2728 565 2966 638 vellet.

269 685 521 772 QuibuS,
549 684 728 755 dum
785 686 1090 782 seposita
1136 684 1631 780 quiescebant,
1663 702 2102 756 accesserant
2132 711 2289 782 quae
2323 693 2685 764 Jaconsms
2730 705 2971 759 nostra
3016 693 3237 786 gratia

205 837 258 880 ex
297 808 520 902 ingenii
562 822 632 876 et
666 806 1013 877 doctrinae
1056 809 1283 902 copiis
1321 807 1898 904 deprompserat,
1939 835 2096 905 quae
2149 815 2498 899 Bomms,
2546 810 2858 908 denique
2908 838 3065 908 quae
3108 839 3239 912 per

205 931 382 1026 viginti
408 955 630 1000 annos
664 931 898 1000 eximii
925 932 1154 1001 critici
1187 930 1278 1000 de
1311 929 1727 1024 Antliologia
1759 934 2220 1030 scripserant,
2264 959 2575 1032 quorum
2609 933 2829 1006 libros
2852 991 2873 1025 ,
2909 935 3229 1028 libellos,

200 1056 794 1142 commentatione5‚
829 1054 1362 1124 observationes
1395 1054 1890 1125 Boissonadius
1932 1077 2077 1121 non
2107 1051 2377 1122 viderat
2404 1053 2581 1124 dum
2619 1054 2695 1123 in
2724 1053 2981 1125 eodem
3020 1081 3239 1153 opere

199 1176 567 1265 versabatur,
598 1179 866 1274 quippe
897 1177 1221 1248 nondum
1255 1177 1328 1246 in
1365 1176 1599 1246 lucem
1629 1175 1842 1246 edita.
1883 1181 2047 1245 Haec
2074 1177 2317 1246 omnia
2336 1176 2992 1271 quemadmodum,
3026 1181 3085 1249 si
3131 1181 3237 1250 vi-

195 1315 368 1388 veret,
403 1301 692 1370 minime
725 1299 1140 1393 neglexisset
1183 1298 1602 1370 immortalis
1639 1298 1771 1368 viri
1810 1299 1989 1368 mira
2030 1297 2433 1392 diligentia,
2484 1300 2584 1368 ita
2632 1313 2797 1395 post
2839 1299 3237 1372 dolendum

196 1424 362 1492 fatum
391 1447 534 1492 non
565 1447 714 1493 esse
753 1422 1170 1517 negligenda
1193 1421 1545 1516 judicavit
1579 1421 1917 1507 Didotus,
1944 1420 2066 1490 sed
2104 1421 2733 1492 commemoranda
2773 1447 3239 1521 quaecumque

193 1561 282 1614 aut
307 1545 942 1642 interpretationem
989 1569 1234 1616 sanam
1277 1545 1614 1642 adjuvare
1643 1559 1765 1614 aut
1796 1544 2049 1614 vitiose
2080 1545 2345 1642 scripta
2390 1546 2743 1640 corrigere
2786 1571 2997 1644 posse
3040 1549 3241 1620 vide·

191 1677 400 1732 rentur.

265 1798 434 1860 Hunc
467 1792 538 1859 in
589 1790 890 1860 modum
922 1815 1001 1861 re
1042 1790 1458 1881 constituta,
1497 1790 1810 1862 celebres
1843 1792 2037 1889 apud
2090 1817 2223 1862 nos
2264 1791 2595 1888 reliquias
2635 1796 3049 1865 CnAnnoms
3094 1799 3237 1866 Ro-

189 1943 442 2003 cumn,
473 1942 635 2013 quae
659 1942 854 2004 nnuc
891 1919 966 1988 in
1007 1918 1358 2015 imperiali
1392 1915 1827 1989 Bibliotheca
1858 1930 2393 2002 conservantur,
2429 1916 2885 1987 excutiendas
2912 1942 3061 1988 esse
3100 1943 3239 2016 pu·

191 2043 312 2110 tavi.
339 2046 429 2110 De
447 2039 712 2136 quibus
730 2065 900 2110 vera
937 2039 1251 2112 retulisse
1276 2041 1583 2136 cognovi
1616 2037 1948 2109 Piccolon
1969 2052 2291 2109 nostrum
2320 2023 2790 2136 (Supplement
2816 2041 2864 2110 ὰ
2895 2042 3234 2114 I'Antleol.

185 2191 436 2260 grecque,
468 2189 542 2260 p.
581 2164 680 2258 89
711 2163 921 2260 seq.).
944 2165 1312 2250 Quantivis
1340 2162 1475 2234 illae
1494 2160 1704 2260 pretii
1737 2176 1943 2232 erant
1978 2178 2143 2232 ante
2170 2161 2441 2232 editum
2478 2162 2813 2234 Codicem
2844 2163 3243 2236 Palatinum

187 2289 366 2384 ipsum
402 2315 416 2356 :
459 2311 658 2357 nunc
707 2311 968 2382 magno
1007 2286 1248 2357 labore
1287 2288 1486 2358 utilia
1525 2307 1752 2383 pauca
1798 2300 2180 2371 eruuntur3
2226 2309 2383 2380 quae
2438 2287 2579 2355 suis
2616 2284 2793 2356 locis
2840 2287 3237 2384 posuimus.

187 2409 599 2504 Excipiendus
626 2408 846 2477 codex
882 2407 1700 2478 salmasio-Buherianus
1719 2459 1738 2495 ,
1773 2408 1866 2479 de
1895 2433 2041 2504 quo
2075 2407 2314 2505 paullo
2342 2423 2507 2504 post
2533 2409 2879 2481 dicemuS.

257 2531 660 2601 Planudeum
693 2531 1019 2601 codicem
1050 2531 1439 2628 optimum,
1467 2556 1613 2627 quo
1645 2531 2038 2601 Brunckius
2074 2557 2241 2601 usus
2281 2545 2418 2622 est,
2448 2532 2663 2603 docta
2690 2557 2907 2603 manu
2946 2533 3244 2630 diligen-

183 2654 398 2723 tissime
431 2655 774 2751 scriptum
801 2706 818 2741 ,
872 2652 1085 2749 hujus
1127 2655 1400 2748 generis
1447 2654 1522 2723 ni
1567 2653 1774 2724 fallor
1801 2655 2411 2750 antiquissimum,
2457 2657 2516 2726 si
2559 2656 2797 2726 denuo
2834 2671 3241 2730 tractassem

181 2774 504 2868 (bonarum
551 2776 904 2845 horarum
926 2827 944 2863 ,
981 2774 1076 2844 ob
1127 2775 1454 2845 ordinem
1483 2776 1880 2866 diversum,
1918 2775 2294 2873 dispendio
2331 2775 2669 2871 summo),
2700 2791 2823 2847 aut
2877 2776 3071 2847 nulla
3115 2769 3253 2849 aut'

182 2901 684 2996 pei-paucissima
730 2899 1197 2997 praebiturum
1237 2900 1450 2970 fuisse
1487 2900 1589 2969 rei
1642 2900 1902 2970 criticae
1958 2898 2361 2993 adjumenta
2414 2924 2629 2970 nemo
2683 2900 3079 2992 dubitabit,
3118 2902 3242 2975 sed

181 3024 716 3119 epigrammatum
765 3046 922 3118 quae
978 3021 1238 3091 absunt
1293 3044 1336 3090 a
1397 3022 1722 3093 Palatinis
1767 3022 2205 3095 membranis
2254 3023 2633 3121 appendici
2687 3049 2905 3121 quam
2958 3041 3241 3123 oportet

181 3168 374 3215 curam
399 3145 922 3243 impendemuS.
1289 3244 1294 3248 ¹

250 3270 630 3338 Graecorum
684 3269 897 3361 igitur
945 3282 1095 3337 tum
1138 3273 1566 3340 JACOBSIANO'
1597 3269 1862 3340 ultimae
1898 3294 2150 3339 manus
2186 3267 2511 3365 exemplo
2540 3270 2687 3339 sive
2732 3294 3058 3366 suprema
3108 3272 3240 3342 viri

179 3389 234 3457 in
273 3390 678 3486 Anthologia
737 3389 1122 3461 habitantis
1184 3393 1614 3462 recensione.
1648 3393 1752 3462 uti
1805 3390 2017 3462 nobis
2052 3391 2387 3485 contigit,
2419 3406 2573 3462 tum
2624 3396 3070 3465 Bo1sso1um1
3124 3421 3238 3466 re-

177 3516 485 3602 censione,
518 3517 678 3613 ipso
709 3515 1022 3585 rationes
1053 3514 1318 3610 ubique
1346 3530 1784 3611 exponente;
1818 3514 2129 3610 denique
2160 3520 2560 3603 Bo‘rffiAlm,
2590 3515 2857 3586 leviore
2897 3542 3235 3589 nonnun-

179 3660 346 3729 quam
396 3652 464 3707 et
501 3635 1068 3724 inconsiderata,
1109 3635 1231 3706 sed
1268 3634 1478 3705 bonis
1527 3636 1833 3706 inventis
1872 3660 2019 3705 non
2059 3649 2363 3704 carente.
2407 3635 2651 3703 Tribus
2705 3634 3237 3706 recensionibus

181 3756 408 3828 ineditis
433 3760 892 3830 admovimus
927 3758 1529 3855 praestantissimas
1564 3757 2093 3827 observationes
2118 3757 2221 3825 rei
2256 3755 2515 3826 criticae
2552 3756 2963 3853 principum
3008 3783 3024 3825 t
3063 3759 3243 3828 Mm-

183 3903 364 3969 mm,
423 3886 854 3969 thmzfflm,
919 3885 1254 3969 BEnoKn,
1326 3884 1640 3949 HEcKEm
1661 3933 1680 3969 ,
1748 3882 2278 3961 Scnrrmnnwtm
2306 3930 2327 3967 ,
2392 3880 2697 3948 Orroms
2765 3883 3193 3949 Senummzm
3216 3933 3239 3969 ,

187 4002 430 4092 lacem,
464 4018 531 4073 et
569 4004 912 4074 aliorum.
954 4007 1058 4071 Ex
1093 4002 1206 4072 his
1244 4026 1401 4097 quae
1443 4001 1654 4072 nobis
1697 4016 1822 4071 aut
1860 4025 2025 4071 vera
2075 4013 2197 4070 aut
2241 4000 2565 4096 proxime
2602 4000 2693 4069 ad
2749 4026 3000 4072 verum
3033 4026 3238 4074 acce·-

184 4123 306 4194 dere
360 4126 816 4210 videbantur,
871 4127 944 4196 in
1009 4126 1263 4195 seriem
1313 4148 1607 4221 graecam
1664 4126 2095 4222 recepimuS,
2156 4124 2485 4223 apposito
2559 4124 2884 4220 quidem,
2952 4140 3033 4195 ut
3090 4126 3243 4223 ipse

185 4251 454 4321 omnibus
488 4253 564 4321 in
593 4250 776 4320 locis
808 4248 1127 4344 judicare
1153 4250 1376 4346 possit
1399 4248 1648 4337 lector,
1677 4263 2022 4343 apparatu
2048 4248 2173 4344 qui
2194 4248 2459 4319 dicitur
2478 4246 2891 4345 plenissimo
2927 4261 2998 4317 et
3024 4273 3239 4344 quam

185 4374 482 4465 potuimus
517 4374 989 4444 exactissimo.
1023 4376 1176 4458 Qua
1205 4374 1280 4442 in
1309 4397 1524 4469 opera
1554 4370 1815 4442 accidit
1845 4371 2053 4441 nobis
2092 4385 2172 4441 ut
2208 4372 2629 4441 miraremur
2670 4368 2879 4443 simul
2918 4384 2989 4441 et
3018 4372 3243 4443 admi·

183 4516 439 4567 raremur
472 4523 630 4568 rem
671 4520 968 4593 prorsus
1001 4496 1578 4593 inexspectatam.
1613 4500 1776 4567 Post
1813 4493 2237 4591 Spalettium
2264 4509 2333 4564 et
2371 4492 2877 4585 Paulssenium,
2912 4494 3241 4589 religiose

183 4618 392 4711 singula
433 4622 685 4691 omnia
725 4617 1004 4690 Codicis
1053 4617 1347 4689 Palatini
1403 4619 1734 4707 rimatOS,
1779 4618 2252 4690 Wechelianae
2291 4617 2623 4689 editionis
2670 4617 3077 4715 exemplum
3118 4620 3237 4690 cui

185 4739 462 4815 Buberius
481 4745 902 4815 varietatem
925 4765 1214 4812 omnem
1243 4767 1282 4811 a
1305 4742 1644 4813 Salmasio
1670 4757 2031 4813 enotatam
2058 4742 2359 4838 eleganti
2388 4740 2665 4815 calamo
2690 4740 3236 4814 adscribendam

185 4880 517 4954 curaverat,
562 4867 722 4937 sine
757 4864 907 4936 ullo
952 4864 1218 4937 damno
1257 4864 1512 4961 negligi
1548 4880 1618 4937 et
1653 4866 1903 4963 seponi
1945 4889 2155 4961 posse
2191 4862 2610 4955 videbatur3
2649 4878 2720 4935 et
2750 4886 3229 4962 seposueram.

337 4989 640 5027 antomon.
671 4985 708 5026 1.
2968 4998 2996 5041 5
