<?xml version="1.0" encoding="UTF-8"?>
<!DOCTYPE html PUBLIC "-//W3C//DTD XHTML 1.0 Transitional//EN"
    "http://www.w3.org/TR/xhtml1/DTD/xhtml1-transitional.dtd">
<html xmlns="http://www.w3.org/1999/xhtml" xml:lang="en" lang="en">
 <head>
  <title>
</title>
<meta http-equiv="Content-Type" content="text/html;charset=utf-8" />
  <meta name='ocr-system' content='tesseract 3.04.00' />
  <meta name='ocr-capabilities' content='ocr_page ocr_carea ocr_par ocr_line ocrx_word'/>
</head>
<body>
  <div class='ocr_page' id='page_1' title='image "./epigrammatumant00unkngoog_0581.png"; bbox 0 0 3829 5747; ppageno 0'>
   <div class='ocr_carea' id='block_1_1' title="bbox 866 377 2830 479">
    <p class='ocr_par' dir='ltr' id='par_1_1' title="bbox 866 377 2830 479">
     <span class='ocr_line' id='line_1_1' title="bbox 866 377 2830 479; baseline 0.007 -16"><span class='ocrx_word' id='word_1_1' title='bbox 866 377 1252 465; x_wconf 89' lang='lat' dir='ltr'><strong>BREVIS</strong></span> <span class='ocrx_word' id='word_1_2' title='bbox 1315 377 1937 466; x_wconf 83' lang='lat' dir='ltr'><strong>ANNOTATIO</strong></span> <span class='ocrx_word' id='word_1_3' title='bbox 2008 381 2134 468; x_wconf 82' lang='lat' dir='ltr'><strong>IN·</strong></span> <span class='ocrx_word' id='word_1_4' title='bbox 2182 383 2530 477; x_wconf 76' lang='lat' dir='ltr'>CAPUT</span> <span class='ocrx_word' id='word_1_5' title='bbox 2599 391 2830 479; x_wconf 89' lang='lat' dir='ltr'><strong>VIII.</strong></span> 
     </span>
    </p>
   </div>
   <div class='ocr_carea' id='block_1_2' title="bbox 229 805 1789 1015">
    <p class='ocr_par' dir='ltr' id='par_1_2' title="bbox 229 805 1789 1015">
     <span class='ocr_line' id='line_1_2' title="bbox 300 805 1789 873; baseline -0.003 -12"><span class='ocrx_word' id='word_1_6' title='bbox 300 814 359 861; x_wconf 88' lang='lat' dir='ltr'><strong>In</strong></span> <span class='ocrx_word' id='word_1_7' title='bbox 384 807 637 873; x_wconf 76' lang='lat' dir='ltr'>superiore</span> <span class='ocrx_word' id='word_1_8' title='bbox 662 807 873 870; x_wconf 77' lang='lat' dir='ltr'><strong>margine</strong></span> <span class='ocrx_word' id='word_1_9' title='bbox 900 805 1092 858; x_wconf 87' lang='lat' dir='ltr'><strong>codicis</strong></span> <span class='ocrx_word' id='word_1_10' title='bbox 1122 807 1357 871; x_wconf 84' lang='lat' dir='ltr'><strong>scriptum</strong></span> <span class='ocrx_word' id='word_1_11' title='bbox 1390 828 1401 855; x_wconf 71' lang='grc' dir='ltr'><strong>ι</strong></span> <span class='ocrx_word' id='word_1_12' title='bbox 1431 809 1497 856; x_wconf 75' lang='grc' dir='ltr'><strong>ἐκ</strong></span> <span class='ocrx_word' id='word_1_13' title='bbox 1529 812 1640 857; x_wconf 83' lang='grc' dir='ltr'><strong>τῶν</strong></span> <span class='ocrx_word' id='word_1_14' title='bbox 1692 813 1789 856; x_wconf 69' lang='grc' dir='ltr'><strong>τοῦ</strong></span> 
     </span>
     <span class='ocr_line' id='line_1_3' title="bbox 232 881 1789 944; baseline -0.001 -14"><span class='ocrx_word' id='word_1_15' title='bbox 232 882 413 944; x_wconf 76' lang='grc' dir='ltr'><strong>ἁγίου</strong></span> <span class='ocrx_word' id='word_1_16' title='bbox 436 885 507 944; x_wconf 89' lang='grc' dir='ltr'><strong>Γρ</strong></span> <span class='ocrx_word' id='word_1_17' title='bbox 522 899 591 941; x_wconf 92' lang='grc' dir='ltr'><strong>ηγ</strong></span> <span class='ocrx_word' id='word_1_18' title='bbox 606 881 761 942; x_wconf 87' lang='grc' dir='ltr'><strong>0ρὶου</strong></span> <span class='ocrx_word' id='word_1_19' title='bbox 791 885 893 930; x_wconf 79' lang='grc' dir='ltr'><strong>τοῦ</strong></span> <span class='ocrx_word' id='word_1_20' title='bbox 933 881 1138 939; x_wconf 82' lang='grc' dir='ltr'><strong>θεολόγ</strong></span> <span class='ocrx_word' id='word_1_21' title='bbox 1153 897 1217 928; x_wconf 90' lang='grc' dir='ltr'><strong>ου</strong></span> <span class='ocrx_word' id='word_1_22' title='bbox 1241 881 1373 943; x_wconf 83' lang='grc' dir='ltr'><strong>μέρος</strong></span> <span class='ocrx_word' id='word_1_23' title='bbox 1397 897 1442 928; x_wconf 86' lang='grc' dir='ltr'><strong>τι</strong></span> <span class='ocrx_word' id='word_1_24' title='bbox 1468 885 1563 930; x_wconf 84' lang='grc' dir='ltr'><strong>τῶν</strong></span> <span class='ocrx_word' id='word_1_25' title='bbox 1594 881 1789 938; x_wconf 75' lang='grc' dir='ltr'><strong>ἐπιτυμ-</strong></span> 
     </span>
     <span class='ocr_line' id='line_1_4' title="bbox 229 950 1693 1015; baseline 0.001 -15"><span class='ocrx_word' id='word_1_26' title='bbox 229 955 349 1001; x_wconf 72' lang='grc' dir='ltr'><strong>6ίων</strong></span> <span class='ocrx_word' id='word_1_27' title='bbox 376 952 753 1015; x_wconf 77' lang='grc' dir='ltr'><strong>ἐπιγραμμάτων.</strong></span> <span class='ocrx_word' id='word_1_28' title='bbox 780 953 843 1000; x_wconf 82' lang='lat' dir='ltr'><strong>Et</strong></span> <span class='ocrx_word' id='word_1_29' title='bbox 864 950 1023 1014; x_wconf 79' lang='lat' dir='ltr'><strong>priora</strong></span> <span class='ocrx_word' id='word_1_30' title='bbox 1044 951 1223 1000; x_wconf 75' lang='lat' dir='ltr'><strong>iterum</strong></span> <span class='ocrx_word' id='word_1_31' title='bbox 1236 955 1473 1014; x_wconf 74' lang='lat' dir='ltr'><strong>tanquam</strong></span> <span class='ocrx_word' id='word_1_32' title='bbox 1498 951 1693 1001; x_wconf 81' lang='lat' dir='ltr'><strong>titulus.</strong></span> 
     </span>
    </p>
   </div>
   <div class='ocr_carea' id='block_1_3' title="bbox 222 1091 1791 1651">
    <p class='ocr_par' dir='ltr' id='par_1_3' title="bbox 222 1091 1791 1651">
     <span class='ocr_line' id='line_1_5' title="bbox 288 1091 1790 1155; baseline -0.003 -11"><span class='ocrx_word' id='word_1_33' title='bbox 288 1095 332 1143; x_wconf 91' lang='lat'><strong>1.</strong></span> <span class='ocrx_word' id='word_1_34' title='bbox 365 1119 429 1130; x_wconf 88' lang='lat'>—</span> <span class='ocrx_word' id='word_1_35' title='bbox 468 1113 491 1134; x_wconf 83' lang='lat'>«</span> <span class='ocrx_word' id='word_1_36' title='bbox 532 1096 589 1144; x_wconf 89' lang='lat' dir='ltr'><strong>ln</strong></span> <span class='ocrx_word' id='word_1_37' title='bbox 629 1091 959 1143; x_wconf 83' lang='lat' dir='ltr'>Theodosium</span> <span class='ocrx_word' id='word_1_38' title='bbox 989 1095 1055 1142; x_wconf 85' lang='grc' dir='ltr'><strong>Μ.</strong></span> <span class='ocrx_word' id='word_1_39' title='bbox 1092 1095 1439 1155; x_wconf 80' lang='lat' dir='ltr'><strong>Imperatorem</strong></span> <span class='ocrx_word' id='word_1_40' title='bbox 1477 1094 1526 1142; x_wconf 91' lang='lat' dir='ltr'><strong>et</strong></span> <span class='ocrx_word' id='word_1_41' title='bbox 1554 1095 1790 1142; x_wconf 84' lang='lat' dir='ltr'><strong>Joannem</strong></span> 
     </span>
     <span class='ocr_line' id='line_1_6' title="bbox 225 1163 1787 1227; baseline -0.001 -14"><span class='ocrx_word' id='word_1_42' title='bbox 225 1163 640 1226; x_wconf 77' lang='lat' dir='ltr'><strong>Chrysostomum</strong></span> <span class='ocrx_word' id='word_1_43' title='bbox 665 1163 1079 1227; x_wconf 76' lang='lat' dir='ltr'><strong>Constantinopoli</strong></span> <span class='ocrx_word' id='word_1_44' title='bbox 1102 1163 1151 1212; x_wconf 87' lang='lat' dir='ltr'><strong>iu</strong></span> <span class='ocrx_word' id='word_1_45' title='bbox 1185 1164 1525 1226; x_wconf 78' lang='lat' dir='ltr'><strong>Apostolorum</strong></span> <span class='ocrx_word' id='word_1_46' title='bbox 1552 1165 1787 1214; x_wconf 65' lang='grc'><strong>01000011-</strong></span> 
     </span>
     <span class='ocr_line' id='line_1_7' title="bbox 222 1232 1791 1296; baseline 0.001 -13"><span class='ocrx_word' id='word_1_47' title='bbox 222 1234 376 1284; x_wconf 88' lang='lat' dir='ltr'><strong>ditos.</strong></span> <span class='ocrx_word' id='word_1_48' title='bbox 404 1235 566 1296; x_wconf 82' lang='lat' dir='ltr'><strong>Hujus</strong></span> <span class='ocrx_word' id='word_1_49' title='bbox 593 1235 721 1284; x_wconf 89' lang='lat' dir='ltr'><strong>enim</strong></span> <span class='ocrx_word' id='word_1_50' title='bbox 758 1234 985 1284; x_wconf 78' lang='lat' dir='ltr'><strong>Comanis</strong></span> <span class='ocrx_word' id='word_1_51' title='bbox 1018 1232 1241 1284; x_wconf 80' lang='lat' dir='ltr'><strong>defuncti</strong></span> <span class='ocrx_word' id='word_1_52' title='bbox 1262 1234 1311 1282; x_wconf 91' lang='lat' dir='ltr'><strong>in</strong></span> <span class='ocrx_word' id='word_1_53' title='bbox 1344 1235 1516 1284; x_wconf 84' lang='lat' dir='ltr'><strong>urbem</strong></span> <span class='ocrx_word' id='word_1_54' title='bbox 1542 1236 1791 1286; x_wconf 57' lang='lat' dir='ltr'><strong>translatu*</strong></span> 
     </span>
     <span class='ocr_line' id='line_1_8' title="bbox 222 1304 1791 1370; baseline 0.001 -16"><span class='ocrx_word' id='word_1_55' title='bbox 222 1304 453 1368; x_wconf 78' lang='lat' dir='ltr'><strong>reliquiae</strong></span> <span class='ocrx_word' id='word_1_56' title='bbox 476 1309 528 1354; x_wconf 89' lang='lat' dir='ltr'><strong>et</strong></span> <span class='ocrx_word' id='word_1_57' title='bbox 551 1305 601 1355; x_wconf 92' lang='lat' dir='ltr'><strong>iu</strong></span> <span class='ocrx_word' id='word_1_58' title='bbox 614 1305 697 1355; x_wconf 80' lang='lat' dir='ltr'><strong>illa</strong></span> <span class='ocrx_word' id='word_1_59' title='bbox 713 1306 947 1368; x_wconf 83' lang='lat' dir='ltr'><strong>depositae</strong></span> <span class='ocrx_word' id='word_1_60' title='bbox 965 1305 1086 1356; x_wconf 80' lang='lat' dir='ltr'><strong>oede.</strong></span> <span class='ocrx_word' id='word_1_61' title='bbox 1114 1305 1419 1369; x_wconf 80' lang='lat' dir='ltr'><strong>Epigramma</strong></span> <span class='ocrx_word' id='word_1_62' title='bbox 1443 1307 1659 1370; x_wconf 77' lang='lat' dir='ltr'><strong>Gregorii</strong></span> <span class='ocrx_word' id='word_1_63' title='bbox 1682 1320 1791 1356; x_wconf 87' lang='lat' dir='ltr'><strong>esse</strong></span> 
     </span>
     <span class='ocr_line' id='line_1_9' title="bbox 222 1375 1790 1439; baseline 0.002 -15"><span class='ocrx_word' id='word_1_64' title='bbox 222 1391 323 1425; x_wconf 87' lang='lat' dir='ltr'><strong>non</strong></span> <span class='ocrx_word' id='word_1_65' title='bbox 350 1378 533 1438; x_wconf 88' lang='lat' dir='ltr'><strong>potest.</strong></span> <span class='ocrx_word' id='word_1_66' title='bbox 561 1397 584 1420; x_wconf 71' lang='lat' dir='ltr'><strong>n</strong></span> <span class='ocrx_word' id='word_1_67' title='bbox 616 1375 843 1427; x_wconf 73' lang='lat' dir='ltr'><strong>Brunck.</strong></span> <span class='ocrx_word' id='word_1_68' title='bbox 873 1378 936 1426; x_wconf 88' lang='lat' dir='ltr'><strong>Et</strong></span> <span class='ocrx_word' id='word_1_69' title='bbox 970 1376 1186 1439; x_wconf 82' lang='lat' dir='ltr'><strong>positum</strong></span> <span class='ocrx_word' id='word_1_70' title='bbox 1224 1380 1351 1426; x_wconf 74' lang='lat' dir='ltr'><strong>ante</strong></span> <span class='ocrx_word' id='word_1_71' title='bbox 1392 1377 1595 1427; x_wconf 87' lang='lat' dir='ltr'><strong>titulum</strong></span> <span class='ocrx_word' id='word_1_72' title='bbox 1624 1379 1790 1428; x_wconf 78' lang='lat' dir='ltr'><strong>stetim</strong></span> 
     </span>
     <span class='ocr_line' id='line_1_10' title="bbox 222 1445 1791 1512; baseline 0.001 -17"><span class='ocrx_word' id='word_1_73' title='bbox 222 1445 559 1497; x_wconf 80' lang='lat' dir='ltr'><strong>referendum.</strong></span> <span class='ocrx_word' id='word_1_74' title='bbox 606 1473 668 1484; x_wconf 89' lang='lat'>—</span> <span class='ocrx_word' id='word_1_75' title='bbox 702 1451 752 1497; x_wconf 97' lang='grc'><strong>3.</strong></span> <span class='ocrx_word' id='word_1_76' title='bbox 784 1466 809 1490; x_wconf 76' lang='grc' dir='ltr'><strong>κ</strong></span> <span class='ocrx_word' id='word_1_77' title='bbox 837 1447 915 1496; x_wconf 90' lang='lat' dir='ltr'><strong>Sic</strong></span> <span class='ocrx_word' id='word_1_78' title='bbox 944 1448 1207 1511; x_wconf 79' lang='lat' dir='ltr'><strong>Gregorius</strong></span> <span class='ocrx_word' id='word_1_79' title='bbox 1223 1449 1260 1497; x_wconf 88' lang='lat' dir='ltr'><strong>t.</strong></span> <span class='ocrx_word' id='word_1_80' title='bbox 1297 1449 1363 1506; x_wconf 90' lang='grc'><strong>11,</strong></span> <span class='ocrx_word' id='word_1_81' title='bbox 1394 1461 1441 1510; x_wconf 88' lang='lat' dir='ltr'><strong>p.</strong></span> <span class='ocrx_word' id='word_1_82' title='bbox 1468 1453 1554 1498; x_wconf 81' lang='lat'><strong>115</strong></span> <span class='ocrx_word' id='word_1_83' title='bbox 1584 1461 1597 1490; x_wconf 69' lang='grc' dir='ltr'>ε</span> <span class='ocrx_word' id='word_1_84' title='bbox 1628 1453 1791 1512; x_wconf 83' lang='grc' dir='ltr'><strong>Δῶρον</strong></span> 
     </span>
     <span class='ocr_line' id='line_1_11' title="bbox 222 1517 1789 1582; baseline -0.001 -15"><span class='ocrx_word' id='word_1_85' title='bbox 222 1517 502 1580; x_wconf 71' lang='grc' dir='ltr'><strong>ἐπουρανίης</strong></span> <span class='ocrx_word' id='word_1_86' title='bbox 524 1518 798 1580; x_wconf 72' lang='grc' dir='ltr'><strong>ἐξᾶντυγος.</strong></span> <span class='ocrx_word' id='word_1_87' title='bbox 826 1517 971 1568; x_wconf 78' lang='lat' dir='ltr'><strong>cons.</strong></span> <span class='ocrx_word' id='word_1_88' title='bbox 1012 1532 1089 1582; x_wconf 83' lang='lat' dir='ltr'><strong>ep.</strong></span> <span class='ocrx_word' id='word_1_89' title='bbox 1116 1523 1195 1578; x_wconf 87' lang='grc'><strong>29,</strong></span> <span class='ocrx_word' id='word_1_90' title='bbox 1221 1523 1267 1566; x_wconf 84' lang='grc'><strong>0.</strong></span> <span class='ocrx_word' id='word_1_91' title='bbox 1302 1537 1326 1560; x_wconf 72' lang='grc' dir='ltr'><strong>ι»</strong></span> <span class='ocrx_word' id='word_1_92' title='bbox 1356 1519 1419 1568; x_wconf 84' lang='lat' dir='ltr'><strong>B.</strong></span> <span class='ocrx_word' id='word_1_93' title='bbox 1447 1544 1503 1553; x_wconf 88' lang='lat'>—</span> <span class='ocrx_word' id='word_1_94' title='bbox 1529 1522 1556 1568; x_wconf 80' lang='lat'>4</span> <span class='ocrx_word' id='word_1_95' title='bbox 1588 1518 1789 1582; x_wconf 82' lang='grc' dir='ltr'><strong>μετόχου</strong></span> 
     </span>
     <span class='ocr_line' id='line_1_12' title="bbox 222 1588 755 1651; baseline -0.004 -13"><span class='ocrx_word' id='word_1_96' title='bbox 222 1588 373 1651; x_wconf 85' lang='lat' dir='ltr'><strong>Cod.,</strong></span> <span class='ocrx_word' id='word_1_97' title='bbox 402 1601 530 1638; x_wconf 86' lang='lat' dir='ltr'><strong>corr.</strong></span> <span class='ocrx_word' id='word_1_98' title='bbox 551 1588 755 1639; x_wconf 81' lang='lat' dir='ltr'><strong>Salmas.</strong></span> 
     </span>
    </p>
   </div>
   <div class='ocr_carea' id='block_1_4' title="bbox 222 1726 1786 1860">
    <p class='ocr_par' dir='ltr' id='par_1_4' title="bbox 222 1726 1786 1860">
     <span class='ocr_line' id='line_1_13' title="bbox 286 1726 1786 1789; baseline 0.002 -15"><span class='ocrx_word' id='word_1_99' title='bbox 286 1726 525 1788; x_wconf 78' lang='lat' dir='ltr'><strong>Sequitur</strong></span> <span class='ocrx_word' id='word_1_100' title='bbox 570 1738 729 1776; x_wconf 74' lang='lat' dir='ltr'><strong>novus</strong></span> <span class='ocrx_word' id='word_1_101' title='bbox 768 1726 945 1776; x_wconf 76' lang='lat' dir='ltr'><strong>titulus</strong></span> <span class='ocrx_word' id='word_1_102' title='bbox 993 1746 1006 1774; x_wconf 70' lang='grc' dir='ltr'><strong><em>τ</em></strong></span> <span class='ocrx_word' id='word_1_103' title='bbox 1053 1728 1150 1776; x_wconf 80' lang='grc' dir='ltr'><strong>Τοῦ</strong></span> <span class='ocrx_word' id='word_1_104' title='bbox 1176 1728 1224 1776; x_wconf 80' lang='grc' dir='ltr'><strong>ἐν</strong></span> <span class='ocrx_word' id='word_1_105' title='bbox 1269 1727 1417 1788; x_wconf 81' lang='grc' dir='ltr'><strong>ἁγίοις</strong></span> <span class='ocrx_word' id='word_1_106' title='bbox 1454 1729 1625 1789; x_wconf 77' lang='grc' dir='ltr'><strong>πατρὸς</strong></span> <span class='ocrx_word' id='word_1_107' title='bbox 1652 1729 1786 1787; x_wconf 76' lang='grc' dir='ltr'><strong>ἡμῶν</strong></span> 
     </span>
     <span class='ocr_line' id='line_1_14' title="bbox 222 1797 839 1860; baseline 0 -14"><span class='ocrx_word' id='word_1_108' title='bbox 222 1797 481 1860; x_wconf 79' lang='grc' dir='ltr'><strong>Γρηγορίου</strong></span> <span class='ocrx_word' id='word_1_109' title='bbox 503 1801 586 1846; x_wconf 83' lang='grc' dir='ltr'><strong>τοῦ</strong></span> <span class='ocrx_word' id='word_1_110' title='bbox 606 1797 839 1859; x_wconf 74' lang='grc' dir='ltr'>θεολόγον.</span> 
     </span>
    </p>
   </div>
   <div class='ocr_carea' id='block_1_5' title="bbox 210 1932 1787 3051">
    <p class='ocr_par' dir='ltr' id='par_1_5' title="bbox 210 1932 1787 3051">
     <span class='ocr_line' id='line_1_15' title="bbox 282 1932 1785 2000; baseline 0.001 -17"><span class='ocrx_word' id='word_1_111' title='bbox 282 1937 350 1984; x_wconf 85' lang='lat'><strong>11.</strong></span> <span class='ocrx_word' id='word_1_112' title='bbox 383 1935 569 1984; x_wconf 88' lang='lat' dir='ltr'><strong>Iterum</strong></span> <span class='ocrx_word' id='word_1_113' title='bbox 595 1934 773 1998; x_wconf 85' lang='lat' dir='ltr'><strong>legitur</strong></span> <span class='ocrx_word' id='word_1_114' title='bbox 796 1935 845 1983; x_wconf 90' lang='lat' dir='ltr'><strong>in</strong></span> <span class='ocrx_word' id='word_1_115' title='bbox 863 1932 1046 1984; x_wconf 85' lang='lat' dir='ltr'><strong>Codice</strong></span> <span class='ocrx_word' id='word_1_116' title='bbox 1070 1934 1197 1984; x_wconf 75' lang='lat' dir='ltr'><strong>intra</strong></span> <span class='ocrx_word' id='word_1_117' title='bbox 1222 1948 1328 2000; x_wconf 80' lang='lat' dir='ltr'><strong>cap.</strong></span> <span class='ocrx_word' id='word_1_118' title='bbox 1350 1935 1457 1994; x_wconf 85' lang='lat' dir='ltr'><strong>XV,</strong></span> <span class='ocrx_word' id='word_1_119' title='bbox 1490 1937 1603 1997; x_wconf 86' lang='lat' dir='ltr'><strong>post</strong></span> <span class='ocrx_word' id='word_1_120' title='bbox 1633 1935 1785 1998; x_wconf 86' lang='lat' dir='ltr'><strong>epigr.</strong></span> 
     </span>
     <span class='ocr_line' id='line_1_16' title="bbox 220 2003 1786 2070; baseline -0.003 -11"><span class='ocrx_word' id='word_1_121' title='bbox 220 2013 303 2065; x_wconf 88' lang='grc'><strong>39,</strong></span> <span class='ocrx_word' id='word_1_122' title='bbox 347 2021 467 2056; x_wconf 89' lang='lat' dir='ltr'><strong>cum</strong></span> <span class='ocrx_word' id='word_1_123' title='bbox 504 2004 731 2070; x_wconf 75' lang='lat' dir='ltr'><strong>plurimis</strong></span> <span class='ocrx_word' id='word_1_124' title='bbox 757 2005 865 2054; x_wconf 77' lang='lat' dir='ltr'><strong>aliis</strong></span> <span class='ocrx_word' id='word_1_125' title='bbox 898 2004 1072 2068; x_wconf 80' lang='lat' dir='ltr'><strong>capitis</strong></span> <span class='ocrx_word' id='word_1_126' title='bbox 1111 2003 1277 2067; x_wconf 85' lang='lat' dir='ltr'><strong>hujus.</strong></span> <span class='ocrx_word' id='word_1_127' title='bbox 1319 2006 1376 2054; x_wconf 89' lang='lat' dir='ltr'><strong>ln</strong></span> <span class='ocrx_word' id='word_1_128' title='bbox 1410 2005 1533 2067; x_wconf 88' lang='lat' dir='ltr'><strong>opp.</strong></span> <span class='ocrx_word' id='word_1_129' title='bbox 1572 2005 1786 2068; x_wconf 83' lang='lat' dir='ltr'><strong>Gregorii</strong></span> 
     </span>
     <span class='ocr_line' id='line_1_17' title="bbox 220 2073 1781 2138; baseline -0.002 -11"><span class='ocrx_word' id='word_1_130' title='bbox 220 2079 259 2127; x_wconf 93' lang='lat' dir='ltr'><strong>t.</strong></span> <span class='ocrx_word' id='word_1_131' title='bbox 294 2079 361 2134; x_wconf 89' lang='lat'><strong>11,</strong></span> <span class='ocrx_word' id='word_1_132' title='bbox 382 2089 432 2138; x_wconf 91' lang='lat' dir='ltr'><strong>p.</strong></span> <span class='ocrx_word' id='word_1_133' title='bbox 471 2079 555 2124; x_wconf 83' lang='grc'><strong>152</strong></span> <span class='ocrx_word' id='word_1_134' title='bbox 580 2088 684 2138; x_wconf 86' lang='lat' dir='ltr'><strong>seq.</strong></span> <span class='ocrx_word' id='word_1_135' title='bbox 714 2073 811 2123; x_wconf 89' lang='lat' dir='ltr'><strong>hoc</strong></span> <span class='ocrx_word' id='word_1_136' title='bbox 849 2086 929 2138; x_wconf 90' lang='lat' dir='ltr'><strong>ep.</strong></span> <span class='ocrx_word' id='word_1_137' title='bbox 970 2077 1021 2122; x_wconf 89' lang='lat' dir='ltr'><strong>et</strong></span> <span class='ocrx_word' id='word_1_138' title='bbox 1060 2074 1313 2136; x_wconf 79' lang='lat' dir='ltr'><strong>sequentia</strong></span> <span class='ocrx_word' id='word_1_139' title='bbox 1342 2085 1502 2135; x_wconf 87' lang='lat' dir='ltr'><strong>usque</strong></span> <span class='ocrx_word' id='word_1_140' title='bbox 1527 2073 1589 2122; x_wconf 86' lang='grc'><strong>00</strong></span> <span class='ocrx_word' id='word_1_141' title='bbox 1616 2088 1692 2138; x_wconf 92' lang='lat' dir='ltr'><strong>ep.</strong></span> <span class='ocrx_word' id='word_1_142' title='bbox 1730 2079 1781 2124; x_wconf 84' lang='lat'><strong>11</strong></span> 
     </span>
     <span class='ocr_line' id='line_1_18' title="bbox 214 2142 1787 2209; baseline -0.002 -14"><span class='ocrx_word' id='word_1_143' title='bbox 214 2145 429 2207; x_wconf 83' lang='lat' dir='ltr'><strong>junctim</strong></span> <span class='ocrx_word' id='word_1_144' title='bbox 452 2145 696 2209; x_wconf 87' lang='lat' dir='ltr'><strong>leguntur.</strong></span> <span class='ocrx_word' id='word_1_145' title='bbox 724 2163 750 2188; x_wconf 77' lang='grc' dir='ltr'><strong>«ι</strong></span> <span class='ocrx_word' id='word_1_146' title='bbox 772 2146 829 2194; x_wconf 85' lang='grc'><strong>111</strong></span> <span class='ocrx_word' id='word_1_147' title='bbox 850 2143 1079 2194; x_wconf 81' lang='lat' dir='ltr'><strong>lemmate</strong></span> <span class='ocrx_word' id='word_1_148' title='bbox 1101 2157 1189 2206; x_wconf 92' lang='lat' dir='ltr'><strong>pro</strong></span> <span class='ocrx_word' id='word_1_149' title='bbox 1214 2143 1429 2192; x_wconf 83' lang='grc' dir='ltr'><strong>Βασίλιον</strong></span> <span class='ocrx_word' id='word_1_150' title='bbox 1448 2142 1620 2205; x_wconf 79' lang='lat' dir='ltr'><strong>scripsi</strong></span> <span class='ocrx_word' id='word_1_151' title='bbox 1650 2145 1787 2192; x_wconf 77' lang='grc' dir='ltr'><strong>Βασί·</strong></span> 
     </span>
     <span class='ocr_line' id='line_1_19' title="bbox 216 2213 1787 2278; baseline -0.001 -14"><span class='ocrx_word' id='word_1_152' title='bbox 216 2219 343 2264; x_wconf 80' lang='grc' dir='ltr'><strong>λειον</strong></span> <span class='ocrx_word' id='word_1_153' title='bbox 372 2228 429 2265; x_wconf 81' lang='lat' dir='ltr'><strong>ex</strong></span> <span class='ocrx_word' id='word_1_154' title='bbox 459 2228 623 2278; x_wconf 81' lang='lat' dir='ltr'><strong>apogr.</strong></span> <span class='ocrx_word' id='word_1_155' title='bbox 662 2217 771 2264; x_wconf 77' lang='lat' dir='ltr'><strong>Par.</strong></span> <span class='ocrx_word' id='word_1_156' title='bbox 800 2241 861 2250; x_wconf 90' lang='lat'>—</span> <span class='ocrx_word' id='word_1_157' title='bbox 892 2217 911 2263; x_wconf 88' lang='lat'><em>1</em></span> <span class='ocrx_word' id='word_1_158' title='bbox 944 2215 1075 2272; x_wconf 80' lang='grc' dir='ltr'><strong>ζώειν</strong></span> <span class='ocrx_word' id='word_1_159' title='bbox 1112 2213 1254 2272; x_wconf 74' lang='lat' dir='ltr'><strong>cod..</strong></span> <span class='ocrx_word' id='word_1_160' title='bbox 1290 2213 1615 2277; x_wconf 88' lang='lat' dir='ltr'><strong>superscripto</strong></span> <span class='ocrx_word' id='word_1_161' title='bbox 1650 2231 1698 2271; x_wconf 92' lang='grc' dir='ltr'><strong>η,</strong></span> <span class='ocrx_word' id='word_1_162' title='bbox 1736 2215 1787 2262; x_wconf 86' lang='grc'><strong>01</strong></span> 
     </span>
     <span class='ocr_line' id='line_1_20' title="bbox 218 2282 1785 2347; baseline -0.001 -11"><span class='ocrx_word' id='word_1_163' title='bbox 218 2289 376 2337; x_wconf 81' lang='lat' dir='ltr'><strong>altem</strong></span> <span class='ocrx_word' id='word_1_164' title='bbox 413 2287 523 2336; x_wconf 90' lang='grc'><strong>1000</strong></span> <span class='ocrx_word' id='word_1_165' title='bbox 565 2287 701 2344; x_wconf 79' lang='grc' dir='ltr'><strong>ζώην.</strong></span> <span class='ocrx_word' id='word_1_166' title='bbox 729 2314 793 2328; x_wconf 89' lang='grc'>-</span> <span class='ocrx_word' id='word_1_167' title='bbox 828 2291 857 2335; x_wconf 90' lang='grc'><strong>2</strong></span> <span class='ocrx_word' id='word_1_168' title='bbox 894 2287 1099 2347; x_wconf 78' lang='grc' dir='ltr'><strong>βασίλειε</strong></span> <span class='ocrx_word' id='word_1_169' title='bbox 1133 2283 1257 2333; x_wconf 85' lang='lat' dir='ltr'><strong>cod.</strong></span> <span class='ocrx_word' id='word_1_170' title='bbox 1287 2285 1443 2334; x_wconf 79' lang='lat' dir='ltr'><strong>altero</strong></span> <span class='ocrx_word' id='word_1_171' title='bbox 1468 2282 1592 2333; x_wconf 91' lang='lat' dir='ltr'><strong>loco.</strong></span> <span class='ocrx_word' id='word_1_172' title='bbox 1626 2285 1785 2334; x_wconf 76' lang='lat' dir='ltr'><strong>Etiam</strong></span> 
     </span>
     <span class='ocr_line' id='line_1_21' title="bbox 216 2354 1787 2420; baseline 0 -16"><span class='ocrx_word' id='word_1_173' title='bbox 216 2358 330 2406; x_wconf 81' lang='lat' dir='ltr'><strong>cod.</strong></span> <span class='ocrx_word' id='word_1_174' title='bbox 372 2359 491 2420; x_wconf 77' lang='lat' dir='ltr'><strong>Reg.</strong></span> <span class='ocrx_word' id='word_1_175' title='bbox 529 2359 646 2406; x_wconf 86' lang='grc'><strong>1700</strong></span> <span class='ocrx_word' id='word_1_176' title='bbox 670 2356 900 2413; x_wconf 77' lang='grc' dir='ltr'><strong>Βασίλειε,</strong></span> <span class='ocrx_word' id='word_1_177' title='bbox 940 2358 992 2405; x_wconf 78' lang='lat' dir='ltr'><strong>et</strong></span> <span class='ocrx_word' id='word_1_178' title='bbox 1026 2367 1101 2417; x_wconf 85' lang='lat' dir='ltr'><strong>ep.</strong></span> <span class='ocrx_word' id='word_1_179' title='bbox 1137 2359 1187 2414; x_wconf 85' lang='lat'><strong>3,</strong></span> <span class='ocrx_word' id='word_1_180' title='bbox 1226 2361 1268 2414; x_wconf 85' lang='lat'><strong>1,</strong></span> <span class='ocrx_word' id='word_1_181' title='bbox 1306 2354 1584 2405; x_wconf 80' lang='grc' dir='ltr'><strong>Βασιλείοιο.</strong></span> <span class='ocrx_word' id='word_1_182' title='bbox 1628 2355 1787 2417; x_wconf 82' lang='lat' dir='ltr'><strong>Vulgo</strong></span> 
     </span>
     <span class='ocr_line' id='line_1_22' title="bbox 214 2424 1782 2490; baseline -0.001 -15"><span class='ocrx_word' id='word_1_183' title='bbox 214 2429 345 2490; x_wconf 80' lang='grc' dir='ltr'><strong>λα’τρι</strong></span> <span class='ocrx_word' id='word_1_184' title='bbox 376 2427 485 2488; x_wconf 73' lang='grc' dir='ltr'><strong>φίλ’.</strong></span> <span class='ocrx_word' id='word_1_185' title='bbox 510 2426 663 2475; x_wconf 69' lang='lat' dir='ltr'><strong>Malui</strong></span> <span class='ocrx_word' id='word_1_186' title='bbox 688 2425 1001 2488; x_wconf 71' lang='lat' dir='ltr'><strong>distinguere.</strong></span> <span class='ocrx_word' id='word_1_187' title='bbox 1020 2445 1059 2468; x_wconf 78' lang='lat'><strong>·»</strong></span> <span class='ocrx_word' id='word_1_188' title='bbox 1092 2427 1153 2474; x_wconf 88' lang='lat' dir='ltr'><strong>B.</strong></span> <span class='ocrx_word' id='word_1_189' title='bbox 1194 2449 1256 2460; x_wconf 91' lang='lat'>—</span> <span class='ocrx_word' id='word_1_190' title='bbox 1279 2429 1308 2473; x_wconf 89' lang='grc'>3</span> <span class='ocrx_word' id='word_1_191' title='bbox 1343 2426 1432 2485; x_wconf 79' lang='grc' dir='ltr'><strong>μᾶν</strong></span> <span class='ocrx_word' id='word_1_192' title='bbox 1456 2424 1611 2485; x_wconf 75' lang='grc' dir='ltr'><strong>ἀείρας</strong></span> <span class='ocrx_word' id='word_1_193' title='bbox 1639 2425 1782 2487; x_wconf 86' lang='lat' dir='ltr'><strong>Cod.,</strong></span> 
     </span>
     <span class='ocr_line' id='line_1_23' title="bbox 216 2495 1785 2560; baseline -0.002 -12"><span class='ocrx_word' id='word_1_194' title='bbox 216 2497 306 2548; x_wconf 80' lang='lat' dir='ltr'><strong>sed</strong></span> <span class='ocrx_word' id='word_1_195' title='bbox 346 2498 504 2547; x_wconf 78' lang='lat' dir='ltr'><strong>altero</strong></span> <span class='ocrx_word' id='word_1_196' title='bbox 526 2497 638 2547; x_wconf 89' lang='grc'><strong>1000</strong></span> <span class='ocrx_word' id='word_1_197' title='bbox 668 2495 718 2560; x_wconf 84' lang='grc' dir='ltr'><strong>μ’</strong></span> <span class='ocrx_word' id='word_1_198' title='bbox 739 2496 967 2558; x_wconf 71' lang='grc' dir='ltr'><strong>ἀναείρας.</strong></span> <span class='ocrx_word' id='word_1_199' title='bbox 992 2523 1053 2536; x_wconf 92' lang='lat'>-</span> <span class='ocrx_word' id='word_1_200' title='bbox 1081 2499 1110 2544; x_wconf 80' lang='lat'>4</span> <span class='ocrx_word' id='word_1_201' title='bbox 1134 2496 1222 2552; x_wconf 75' lang='grc' dir='ltr'><strong>σήν</strong></span> <span class='ocrx_word' id='word_1_202' title='bbox 1244 2513 1295 2543; x_wconf 76' lang='grc' dir='ltr'><strong>τε</strong></span> <span class='ocrx_word' id='word_1_203' title='bbox 1328 2495 1451 2545; x_wconf 88' lang='lat' dir='ltr'><strong>Cod.</strong></span> <span class='ocrx_word' id='word_1_204' title='bbox 1480 2496 1633 2545; x_wconf 80' lang='lat' dir='ltr'><strong>altero</strong></span> <span class='ocrx_word' id='word_1_205' title='bbox 1658 2496 1785 2559; x_wconf 89' lang='lat' dir='ltr'><strong>loco,</strong></span> 
     </span>
     <span class='ocr_line' id='line_1_24' title="bbox 214 2564 1781 2627; baseline -0.001 -11"><span class='ocrx_word' id='word_1_206' title='bbox 214 2567 298 2616; x_wconf 71' lang='lat' dir='ltr'><strong>hic.</strong></span> <span class='ocrx_word' id='word_1_207' title='bbox 325 2569 407 2626; x_wconf 80' lang='grc' dir='ltr'><strong>ἑήν</strong></span> <span class='ocrx_word' id='word_1_208' title='bbox 437 2584 503 2616; x_wconf 85' lang='grc' dir='ltr'><strong>τε.</strong></span> <span class='ocrx_word' id='word_1_209' title='bbox 547 2593 589 2603; x_wconf 92' lang='grc'>-</span> <span class='ocrx_word' id='word_1_210' title='bbox 608 2571 655 2615; x_wconf 83' lang='grc'><strong>0.</strong></span> <span class='ocrx_word' id='word_1_211' title='bbox 698 2585 721 2608; x_wconf 69' lang='grc' dir='ltr'><strong>«ι</strong></span> <span class='ocrx_word' id='word_1_212' title='bbox 742 2566 899 2626; x_wconf 77' lang='lat' dir='ltr'><strong>Vulgo</strong></span> <span class='ocrx_word' id='word_1_213' title='bbox 928 2565 1033 2613; x_wconf 81' lang='grc' dir='ltr'><strong>οὐδὲ</strong></span> <span class='ocrx_word' id='word_1_214' title='bbox 1068 2565 1228 2613; x_wconf 80' lang='grc' dir='ltr'><strong>θέλων.</strong></span> <span class='ocrx_word' id='word_1_215' title='bbox 1258 2569 1435 2627; x_wconf 82' lang='lat' dir='ltr'><strong>Apogr.</strong></span> <span class='ocrx_word' id='word_1_216' title='bbox 1462 2564 1616 2614; x_wconf 77' lang='lat' dir='ltr'><strong>altero</strong></span> <span class='ocrx_word' id='word_1_217' title='bbox 1646 2565 1781 2626; x_wconf 83' lang='grc'><strong>1000,</strong></span> 
     </span>
     <span class='ocr_line' id='line_1_25' title="bbox 214 2635 1781 2698; baseline -0.001 -11"><span class='ocrx_word' id='word_1_218' title='bbox 214 2639 314 2687; x_wconf 79' lang='grc' dir='ltr'><strong>οὐδ’</strong></span> <span class='ocrx_word' id='word_1_219' title='bbox 362 2639 549 2687; x_wconf 77' lang='grc' dir='ltr'><strong>ἐθέλων.</strong></span> <span class='ocrx_word' id='word_1_220' title='bbox 589 2639 649 2686; x_wconf 87' lang='lat' dir='ltr'><strong>Et</strong></span> <span class='ocrx_word' id='word_1_221' title='bbox 668 2635 741 2685; x_wconf 89' lang='lat' dir='ltr'><strong>sic</strong></span> <span class='ocrx_word' id='word_1_222' title='bbox 780 2635 931 2684; x_wconf 90' lang='lat' dir='ltr'><strong>editio</strong></span> <span class='ocrx_word' id='word_1_223' title='bbox 972 2635 1189 2697; x_wconf 79' lang='lat' dir='ltr'><strong>Gregorii</strong></span> <span class='ocrx_word' id='word_1_224' title='bbox 1222 2637 1346 2696; x_wconf 89' lang='lat' dir='ltr'><strong>opp.</strong></span> <span class='ocrx_word' id='word_1_225' title='bbox 1397 2637 1433 2684; x_wconf 88' lang='lat' dir='ltr'><strong>t.</strong></span> <span class='ocrx_word' id='word_1_226' title='bbox 1466 2637 1529 2694; x_wconf 87' lang='lat'><strong>11,</strong></span> <span class='ocrx_word' id='word_1_227' title='bbox 1580 2649 1627 2698; x_wconf 89' lang='lat' dir='ltr'><strong>p.</strong></span> <span class='ocrx_word' id='word_1_228' title='bbox 1676 2642 1781 2695; x_wconf 83' lang='grc'><strong>152,</strong></span> 
     </span>
     <span class='ocr_line' id='line_1_26' title="bbox 212 2703 1773 2768; baseline -0.004 -12"><span class='ocrx_word' id='word_1_229' title='bbox 212 2710 275 2768; x_wconf 86' lang='lat' dir='ltr'><strong>D,</strong></span> <span class='ocrx_word' id='word_1_230' title='bbox 306 2707 394 2756; x_wconf 89' lang='lat' dir='ltr'><strong>ubi</strong></span> <span class='ocrx_word' id='word_1_231' title='bbox 424 2705 517 2755; x_wconf 86' lang='lat' dir='ltr'><strong>hoc</strong></span> <span class='ocrx_word' id='word_1_232' title='bbox 542 2705 782 2755; x_wconf 75' lang='lat' dir='ltr'><strong>distichon</strong></span> <span class='ocrx_word' id='word_1_233' title='bbox 812 2704 1061 2766; x_wconf 84' lang='lat' dir='ltr'><strong>repetitur.</strong></span> <span class='ocrx_word' id='word_1_234' title='bbox 1096 2703 1312 2768; x_wconf 81' lang='lat' dir='ltr'><strong>conjecit</strong></span> <span class='ocrx_word' id='word_1_235' title='bbox 1337 2703 1533 2753; x_wconf 76' lang='lat' dir='ltr'><strong>Jacobs.</strong></span> <span class='ocrx_word' id='word_1_236' title='bbox 1566 2704 1670 2752; x_wconf 83' lang='grc' dir='ltr'><strong>οὐδὲ</strong></span> <span class='ocrx_word' id='word_1_237' title='bbox 1696 2705 1773 2751; x_wconf 79' lang='grc' dir='ltr'><strong>θα-</strong></span> 
     </span>
     <span class='ocr_line' id='line_1_27' title="bbox 212 2774 1775 2839; baseline -0.003 -15"><span class='ocrx_word' id='word_1_238' title='bbox 212 2779 327 2835; x_wconf 79' lang='grc' dir='ltr'><strong>νών,</strong></span> <span class='ocrx_word' id='word_1_239' title='bbox 349 2777 604 2826; x_wconf 75' lang='lat' dir='ltr'><strong>conserens</strong></span> <span class='ocrx_word' id='word_1_240' title='bbox 640 2778 763 2839; x_wconf 88' lang='lat' dir='ltr'><strong>Opp.</strong></span> <span class='ocrx_word' id='word_1_241' title='bbox 785 2777 824 2824; x_wconf 86' lang='lat' dir='ltr'><strong>t.</strong></span> <span class='ocrx_word' id='word_1_242' title='bbox 862 2775 924 2830; x_wconf 82' lang='lat'><strong>11,</strong></span> <span class='ocrx_word' id='word_1_243' title='bbox 951 2788 999 2836; x_wconf 82' lang='lat' dir='ltr'><strong>p.</strong></span> <span class='ocrx_word' id='word_1_244' title='bbox 1032 2779 1135 2832; x_wconf 81' lang='lat'>135,</span> <span class='ocrx_word' id='word_1_245' title='bbox 1162 2777 1201 2822; x_wconf 77' lang='lat' dir='ltr'>A</span> <span class='ocrx_word' id='word_1_246' title='bbox 1231 2789 1243 2816; x_wconf 69' lang='grc' dir='ltr'><em>τ</em></span> <span class='ocrx_word' id='word_1_247' title='bbox 1274 2778 1375 2822; x_wconf 81' lang='grc' dir='ltr'><strong>σεῖο</strong></span> <span class='ocrx_word' id='word_1_248' title='bbox 1394 2775 1476 2836; x_wconf 83' lang='grc' dir='ltr'><strong>μὲν</strong></span> <span class='ocrx_word' id='word_1_249' title='bbox 1499 2775 1605 2822; x_wconf 77' lang='grc' dir='ltr'><strong>οὐδὲ</strong></span> <span class='ocrx_word' id='word_1_250' title='bbox 1624 2774 1775 2821; x_wconf 81' lang='grc' dir='ltr'><strong>θανὼν</strong></span> 
     </span>
     <span class='ocr_line' id='line_1_28' title="bbox 212 2843 1779 2908; baseline -0.005 -10"><span class='ocrx_word' id='word_1_251' title='bbox 212 2849 517 2908; x_wconf 74' lang='grc' dir='ltr'><strong>ἐπιλήσομαι.</strong></span> <span class='ocrx_word' id='word_1_252' title='bbox 552 2845 672 2897; x_wconf 85' lang='lat' dir='ltr'><strong>Mihi</strong></span> <span class='ocrx_word' id='word_1_253' title='bbox 700 2844 935 2897; x_wconf 75' lang='lat' dir='ltr'><strong>satisfecit</strong></span> <span class='ocrx_word' id='word_1_254' title='bbox 978 2844 1139 2894; x_wconf 87' lang='lat' dir='ltr'><strong>minor</strong></span> <span class='ocrx_word' id='word_1_255' title='bbox 1181 2843 1392 2894; x_wconf 77' lang='lat' dir='ltr'><strong>mutatio</strong></span> <span class='ocrx_word' id='word_1_256' title='bbox 1421 2845 1477 2893; x_wconf 88' lang='grc' dir='ltr'><strong>οὗ</strong></span> <span class='ocrx_word' id='word_1_257' title='bbox 1514 2859 1567 2904; x_wconf 75' lang='grc' dir='ltr'><strong>γε</strong></span> <span class='ocrx_word' id='word_1_258' title='bbox 1607 2845 1779 2903; x_wconf 79' lang='grc' dir='ltr'><strong>θέλων,</strong></span> 
     </span>
     <span class='ocr_line' id='line_1_29' title="bbox 212 2914 1777 2977; baseline -0.003 -10"><span class='ocrx_word' id='word_1_259' title='bbox 212 2919 363 2967; x_wconf 75' lang='lat' dir='ltr'><strong>ultro</strong></span> <span class='ocrx_word' id='word_1_260' title='bbox 388 2918 575 2967; x_wconf 77' lang='lat' dir='ltr'><strong>saltem</strong></span> <span class='ocrx_word' id='word_1_261' title='bbox 602 2937 627 2960; x_wconf 65' lang='grc' dir='ltr'><strong>υ</strong></span> <span class='ocrx_word' id='word_1_262' title='bbox 657 2920 715 2967; x_wconf 85' lang='grc' dir='ltr'><strong>Β.</strong></span> <span class='ocrx_word' id='word_1_263' title='bbox 752 2914 879 2966; x_wconf 81' lang='lat' dir='ltr'><strong>Nihil</strong></span> <span class='ocrx_word' id='word_1_264' title='bbox 906 2915 1122 2975; x_wconf 80' lang='lat' dir='ltr'><strong>mutavi;</strong></span> <span class='ocrx_word' id='word_1_265' title='bbox 1153 2928 1357 2965; x_wconf 80' lang='lat' dir='ltr'><strong>acumen</strong></span> <span class='ocrx_word' id='word_1_266' title='bbox 1384 2914 1671 2977; x_wconf 78' lang='lat' dir='ltr'><strong>quaesivisse</strong></span> <span class='ocrx_word' id='word_1_267' title='bbox 1702 2916 1777 2963; x_wconf 82' lang='lat' dir='ltr'><strong>vi-</strong></span> 
     </span>
     <span class='ocr_line' id='line_1_30' title="bbox 210 2986 668 3051; baseline -0.002 -14"><span class='ocrx_word' id='word_1_268' title='bbox 210 2988 363 3038; x_wconf 86' lang='lat' dir='ltr'><strong>detur</strong></span> <span class='ocrx_word' id='word_1_269' title='bbox 388 2986 668 3051; x_wconf 85' lang='lat' dir='ltr'><strong>Gregorius.</strong></span> 
     </span>
    </p>
   </div>
   <div class='ocr_carea' id='block_1_6' title="bbox 207 3125 1781 3471">
    <p class='ocr_par' dir='ltr' id='par_1_6' title="bbox 207 3125 1781 3471">
     <span class='ocr_line' id='line_1_31' title="bbox 268 3125 1777 3191; baseline -0.001 -11"><span class='ocrx_word' id='word_1_270' title='bbox 268 3132 363 3180; x_wconf 85' lang='lat'><strong>111.</strong></span> <span class='ocrx_word' id='word_1_271' title='bbox 392 3159 454 3170; x_wconf 90' lang='lat'><em>-</em></span> <span class='ocrx_word' id='word_1_272' title='bbox 471 3133 499 3179; x_wconf 76' lang='lat'>4</span> <span class='ocrx_word' id='word_1_273' title='bbox 528 3126 801 3191; x_wconf 77' lang='grc' dir='ltr'><strong>ἑστονάχισε</strong></span> <span class='ocrx_word' id='word_1_274' title='bbox 827 3126 972 3188; x_wconf 84' lang='lat' dir='ltr'><strong>Cod.‚</strong></span> <span class='ocrx_word' id='word_1_275' title='bbox 1000 3126 1090 3177; x_wconf 88' lang='lat' dir='ltr'><strong>sed</strong></span> <span class='ocrx_word' id='word_1_276' title='bbox 1112 3126 1323 3177; x_wconf 82' lang='lat' dir='ltr'><strong>alterum</strong></span> <span class='ocrx_word' id='word_1_277' title='bbox 1356 3126 1409 3175; x_wconf 87' lang='lat' dir='ltr'><strong>iu</strong></span> <span class='ocrx_word' id='word_1_278' title='bbox 1442 3125 1520 3175; x_wconf 85' lang='lat' dir='ltr'><strong>ed.</strong></span> <span class='ocrx_word' id='word_1_279' title='bbox 1544 3128 1777 3190; x_wconf 87' lang='lat' dir='ltr'><strong>operum.</strong></span> 
     </span>
     <span class='ocr_line' id='line_1_32' title="bbox 208 3196 1780 3258; baseline -0.001 -9"><span class='ocrx_word' id='word_1_280' title='bbox 208 3228 270 3237; x_wconf 88' lang='lat'><strong>--</strong></span> <span class='ocrx_word' id='word_1_281' title='bbox 289 3206 323 3249; x_wconf 84' lang='lat'><strong>5</strong></span> <span class='ocrx_word' id='word_1_282' title='bbox 352 3200 537 3249; x_wconf 76' lang='grc' dir='ltr'><strong>οὐκοῑον</strong></span> <span class='ocrx_word' id='word_1_283' title='bbox 560 3197 683 3247; x_wconf 88' lang='lat' dir='ltr'><strong>cod.</strong></span> <span class='ocrx_word' id='word_1_284' title='bbox 710 3226 777 3236; x_wconf 97' lang='lat'>—</span> <span class='ocrx_word' id='word_1_285' title='bbox 792 3203 841 3247; x_wconf 81' lang='grc'><strong>0.</strong></span> <span class='ocrx_word' id='word_1_286' title='bbox 878 3218 901 3241; x_wconf 75' lang='grc' dir='ltr'><strong>α</strong></span> <span class='ocrx_word' id='word_1_287' title='bbox 921 3196 1163 3247; x_wconf 81' lang='lat' dir='ltr'><strong>Revocavi</strong></span> <span class='ocrx_word' id='word_1_288' title='bbox 1186 3198 1353 3258; x_wconf 78' lang='grc' dir='ltr'><strong>δεσμὸς</strong></span> <span class='ocrx_word' id='word_1_289' title='bbox 1368 3234 1382 3255; x_wconf 93' lang='grc'><strong>,</strong></span> <span class='ocrx_word' id='word_1_290' title='bbox 1400 3196 1663 3245; x_wconf 84' lang='lat' dir='ltr'><strong>lectionem</strong></span> <span class='ocrx_word' id='word_1_291' title='bbox 1683 3201 1780 3248; x_wconf 77' lang='lat' dir='ltr'><strong>Pa-</strong></span> 
     </span>
     <span class='ocr_line' id='line_1_33' title="bbox 208 3266 1778 3331; baseline -0.003 -13"><span class='ocrx_word' id='word_1_292' title='bbox 208 3269 323 3330; x_wconf 79' lang='lat' dir='ltr'><strong>lat.,</strong></span> <span class='ocrx_word' id='word_1_293' title='bbox 347 3268 496 3319; x_wconf 79' lang='lat' dir='ltr'><strong>etiam</strong></span> <span class='ocrx_word' id='word_1_294' title='bbox 519 3267 743 3318; x_wconf 80' lang='lat' dir='ltr'><strong>codicum</strong></span> <span class='ocrx_word' id='word_1_295' title='bbox 766 3270 883 3331; x_wconf 83' lang='lat' dir='ltr'><strong>Reg.</strong></span> <span class='ocrx_word' id='word_1_296' title='bbox 905 3272 1025 3324; x_wconf 89' lang='grc'><strong>993,</strong></span> <span class='ocrx_word' id='word_1_297' title='bbox 1053 3272 1189 3325; x_wconf 80' lang='grc'><strong>1700,</strong></span> <span class='ocrx_word' id='word_1_298' title='bbox 1224 3270 1373 3329; x_wconf 84' lang='lat' dir='ltr'><strong>atque</strong></span> <span class='ocrx_word' id='word_1_299' title='bbox 1398 3266 1625 3317; x_wconf 78' lang='lat' dir='ltr'><strong>editionis</strong></span> <span class='ocrx_word' id='word_1_300' title='bbox 1646 3269 1778 3329; x_wconf 88' lang='lat' dir='ltr'><strong>Ope-</strong></span> 
     </span>
     <span class='ocr_line' id='line_1_34' title="bbox 207 3336 1781 3401; baseline 0 -14"><span class='ocrx_word' id='word_1_301' title='bbox 207 3352 323 3388; x_wconf 87' lang='lat' dir='ltr'><strong>rum</strong></span> <span class='ocrx_word' id='word_1_302' title='bbox 341 3341 380 3388; x_wconf 87' lang='lat' dir='ltr'><strong>t.</strong></span> <span class='ocrx_word' id='word_1_303' title='bbox 412 3340 476 3396; x_wconf 80' lang='lat'><strong>11,</strong></span> <span class='ocrx_word' id='word_1_304' title='bbox 496 3350 546 3401; x_wconf 88' lang='lat' dir='ltr'><strong>p.</strong></span> <span class='ocrx_word' id='word_1_305' title='bbox 578 3342 692 3398; x_wconf 77' lang='lat'><strong>¹52,</strong></span> <span class='ocrx_word' id='word_1_306' title='bbox 715 3350 805 3401; x_wconf 88' lang='lat' dir='ltr'><strong>pro</strong></span> <span class='ocrx_word' id='word_1_307' title='bbox 834 3338 1114 3401; x_wconf 75' lang='lat' dir='ltr'><strong>conjectura</strong></span> <span class='ocrx_word' id='word_1_308' title='bbox 1138 3337 1321 3398; x_wconf 79' lang='grc' dir='ltr'><strong>Θισμὸς.</strong></span> <span class='ocrx_word' id='word_1_309' title='bbox 1364 3338 1484 3385; x_wconf 82' lang='lat' dir='ltr'><strong>Erat</strong></span> <span class='ocrx_word' id='word_1_310' title='bbox 1515 3336 1781 3400; x_wconf 76' lang='lat' dir='ltr'><strong>Gregorius</strong></span> 
     </span>
     <span class='ocr_line' id='line_1_35' title="bbox 207 3406 1255 3471; baseline -0.003 -13"><span class='ocrx_word' id='word_1_311' title='bbox 207 3410 338 3459; x_wconf 88' lang='lat' dir='ltr'><strong>inter</strong></span> <span class='ocrx_word' id='word_1_312' title='bbox 357 3406 650 3459; x_wconf 84' lang='lat' dir='ltr'><strong>dissidentes</strong></span> <span class='ocrx_word' id='word_1_313' title='bbox 671 3407 923 3458; x_wconf 75' lang='lat' dir='ltr'><strong>vinculum</strong></span> <span class='ocrx_word' id='word_1_314' title='bbox 950 3407 1103 3471; x_wconf 79' lang='lat' dir='ltr'><strong>pacis.</strong></span> <span class='ocrx_word' id='word_1_315' title='bbox 1136 3425 1161 3449; x_wconf 68' lang='lat' dir='ltr'><strong>»a</strong></span> <span class='ocrx_word' id='word_1_316' title='bbox 1190 3408 1255 3455; x_wconf 91' lang='lat' dir='ltr'><strong>B.</strong></span> 
     </span>
    </p>
   </div>
   <div class='ocr_carea' id='block_1_7' title="bbox 201 3549 1779 4318">
    <p class='ocr_par' dir='ltr' id='par_1_7' title="bbox 201 3549 1779 4318">
     <span class='ocr_line' id='line_1_36' title="bbox 270 3549 1779 3613; baseline -0.001 -12"><span class='ocrx_word' id='word_1_317' title='bbox 270 3556 362 3601; x_wconf 82' lang='lat' dir='ltr'><strong>lv.</strong></span> <span class='ocrx_word' id='word_1_318' title='bbox 392 3579 456 3588; x_wconf 94' lang='lat'>—</span> <span class='ocrx_word' id='word_1_319' title='bbox 498 3556 539 3601; x_wconf 85' lang='lat'><strong>1.</strong></span> <span class='ocrx_word' id='word_1_320' title='bbox 568 3572 591 3593; x_wconf 72' lang='grc' dir='ltr'><strong>α</strong></span> <span class='ocrx_word' id='word_1_321' title='bbox 620 3554 715 3601; x_wconf 80' lang='lat' dir='ltr'><strong>Pro</strong></span> <span class='ocrx_word' id='word_1_322' title='bbox 741 3552 911 3609; x_wconf 77' lang='grc' dir='ltr'><strong>ἀεικῶς</strong></span> <span class='ocrx_word' id='word_1_323' title='bbox 936 3550 1047 3600; x_wconf 83' lang='lat' dir='ltr'><strong>cod.</strong></span> <span class='ocrx_word' id='word_1_324' title='bbox 1083 3552 1201 3601; x_wconf 76' lang='lat'><strong>1760</strong></span> <span class='ocrx_word' id='word_1_325' title='bbox 1224 3551 1295 3599; x_wconf 75' lang='grc' dir='ltr'><strong>ἀεὶ</strong></span> <span class='ocrx_word' id='word_1_326' title='bbox 1318 3549 1423 3610; x_wconf 77' lang='grc' dir='ltr'><strong>γάρ.</strong></span> <span class='ocrx_word' id='word_1_327' title='bbox 1453 3574 1515 3585; x_wconf 87' lang='grc'><strong>-·</strong></span> <span class='ocrx_word' id='word_1_328' title='bbox 1541 3554 1589 3599; x_wconf 89' lang='grc'><strong>3.</strong></span> <span class='ocrx_word' id='word_1_329' title='bbox 1619 3550 1779 3613; x_wconf 70' lang='lat' dir='ltr'><strong>Vulgo</strong></span> 
     </span>
     <span class='ocr_line' id='line_1_37' title="bbox 207 3618 1773 3686; baseline -0.003 -14"><span class='ocrx_word' id='word_1_330' title='bbox 207 3629 341 3685; x_wconf 75' lang='grc' dir='ltr'><strong>σιγῇ,</strong></span> <span class='ocrx_word' id='word_1_331' title='bbox 366 3624 419 3672; x_wconf 83' lang='lat' dir='ltr'><strong>et</strong></span> <span class='ocrx_word' id='word_1_332' title='bbox 447 3622 518 3671; x_wconf 84' lang='lat' dir='ltr'><strong>sic</strong></span> <span class='ocrx_word' id='word_1_333' title='bbox 540 3622 691 3672; x_wconf 77' lang='lat' dir='ltr'><strong>editio</strong></span> <span class='ocrx_word' id='word_1_334' title='bbox 716 3623 843 3686; x_wconf 86' lang='lat' dir='ltr'><strong>Opp.</strong></span> <span class='ocrx_word' id='word_1_335' title='bbox 864 3626 904 3672; x_wconf 88' lang='lat' dir='ltr'><strong>t.</strong></span> <span class='ocrx_word' id='word_1_336' title='bbox 934 3624 998 3681; x_wconf 82' lang='lat' dir='ltr'><strong>n,</strong></span> <span class='ocrx_word' id='word_1_337' title='bbox 1020 3633 1070 3684; x_wconf 89' lang='lat' dir='ltr'><strong>p.</strong></span> <span class='ocrx_word' id='word_1_338' title='bbox 1106 3625 1211 3671; x_wconf 87' lang='lat'><strong>153.</strong></span> <span class='ocrx_word' id='word_1_339' title='bbox 1240 3619 1333 3669; x_wconf 85' lang='lat' dir='ltr'><strong>Sed</strong></span> <span class='ocrx_word' id='word_1_340' title='bbox 1365 3620 1521 3681; x_wconf 81' lang='grc' dir='ltr'><strong>χείλεα</strong></span> <span class='ocrx_word' id='word_1_341' title='bbox 1544 3620 1675 3683; x_wconf 80' lang='grc' dir='ltr'><strong>ἔγρεο</strong></span> <span class='ocrx_word' id='word_1_342' title='bbox 1698 3618 1773 3669; x_wconf 86' lang='lat' dir='ltr'><strong>di-</strong></span> 
     </span>
     <span class='ocr_line' id='line_1_38' title="bbox 208 3689 1777 3757; baseline -0.004 -13"><span class='ocrx_word' id='word_1_343' title='bbox 208 3707 325 3744; x_wconf 76' lang='lat' dir='ltr'><strong>cere</strong></span> <span class='ocrx_word' id='word_1_344' title='bbox 347 3706 447 3742; x_wconf 88' lang='lat' dir='ltr'><strong>non</strong></span> <span class='ocrx_word' id='word_1_345' title='bbox 487 3693 649 3757; x_wconf 85' lang='lat' dir='ltr'><strong>potuit</strong></span> <span class='ocrx_word' id='word_1_346' title='bbox 677 3692 957 3757; x_wconf 84' lang='lat' dir='ltr'><strong>Gregorius.</strong></span> <span class='ocrx_word' id='word_1_347' title='bbox 1001 3690 1163 3742; x_wconf 88' lang='lat' dir='ltr'><strong>Sumsi</strong></span> <span class='ocrx_word' id='word_1_348' title='bbox 1192 3695 1305 3753; x_wconf 81' lang='grc' dir='ltr'><strong>σιγᾷ</strong></span> <span class='ocrx_word' id='word_1_349' title='bbox 1326 3702 1355 3739; x_wconf 88' lang='grc'><strong>0</strong></span> <span class='ocrx_word' id='word_1_350' title='bbox 1384 3689 1496 3739; x_wconf 87' lang='lat' dir='ltr'><strong>cod.</strong></span> <span class='ocrx_word' id='word_1_351' title='bbox 1540 3692 1675 3749; x_wconf 80' lang='grc'><strong>1760,</strong></span> <span class='ocrx_word' id='word_1_352' title='bbox 1724 3691 1777 3739; x_wconf 88' lang='lat' dir='ltr'><strong>et</strong></span> 
     </span>
     <span class='ocr_line' id='line_1_39' title="bbox 206 3758 1776 3826; baseline -0.001 -14"><span class='ocrx_word' id='word_1_353' title='bbox 206 3777 338 3813; x_wconf 66' lang='lat' dir='ltr'><strong>nos-a</strong></span> <span class='ocrx_word' id='word_1_354' title='bbox 372 3763 613 3813; x_wconf 77' lang='lat' dir='ltr'><strong>sententia</strong></span> <span class='ocrx_word' id='word_1_355' title='bbox 642 3763 811 3826; x_wconf 84' lang='lat' dir='ltr'><strong>incipit</strong></span> <span class='ocrx_word' id='word_1_356' title='bbox 840 3777 954 3813; x_wconf 90' lang='lat' dir='ltr'><strong>cum</strong></span> <span class='ocrx_word' id='word_1_357' title='bbox 989 3761 1141 3812; x_wconf 77' lang='lat' dir='ltr'><strong>verbo</strong></span> <span class='ocrx_word' id='word_1_358' title='bbox 1178 3762 1323 3824; x_wconf 72' lang='grc' dir='ltr'><strong>ἔγρεο.</strong></span> <span class='ocrx_word' id='word_1_359' title='bbox 1356 3762 1445 3809; x_wconf 84' lang='lat' dir='ltr'><strong>Est</strong></span> <span class='ocrx_word' id='word_1_360' title='bbox 1486 3758 1687 3821; x_wconf 82' lang='lat' dir='ltr'><strong>quidem</strong></span> <span class='ocrx_word' id='word_1_361' title='bbox 1726 3764 1776 3810; x_wconf 86' lang='lat' dir='ltr'><strong>et</strong></span> 
     </span>
     <span class='ocr_line' id='line_1_40' title="bbox 204 3830 1771 3897; baseline -0.003 -12"><span class='ocrx_word' id='word_1_362' title='bbox 204 3834 257 3885; x_wconf 79' lang='lat' dir='ltr'><strong>in</strong></span> <span class='ocrx_word' id='word_1_363' title='bbox 276 3836 409 3897; x_wconf 84' lang='lat' dir='ltr'><strong>Opp.</strong></span> <span class='ocrx_word' id='word_1_364' title='bbox 439 3834 477 3882; x_wconf 85' lang='lat' dir='ltr'><strong>t.</strong></span> <span class='ocrx_word' id='word_1_365' title='bbox 498 3835 561 3892; x_wconf 89' lang='lat'><strong>11,</strong></span> <span class='ocrx_word' id='word_1_366' title='bbox 593 3846 641 3896; x_wconf 91' lang='lat' dir='ltr'><strong>p.</strong></span> <span class='ocrx_word' id='word_1_367' title='bbox 672 3838 752 3895; x_wconf 89' lang='grc'><strong>72,</strong></span> <span class='ocrx_word' id='word_1_368' title='bbox 778 3839 794 3882; x_wconf 93' lang='grc'><strong>1</strong></span> <span class='ocrx_word' id='word_1_369' title='bbox 835 3853 848 3881; x_wconf 75' lang='lat' dir='ltr'><strong><em>z</em></strong></span> <span class='ocrx_word' id='word_1_370' title='bbox 879 3836 991 3895; x_wconf 79' lang='grc' dir='ltr'><strong>Σιγῇ</strong></span> <span class='ocrx_word' id='word_1_371' title='bbox 1015 3833 1056 3881; x_wconf 84' lang='grc' dir='ltr'><strong>δ’</strong></span> <span class='ocrx_word' id='word_1_372' title='bbox 1078 3832 1363 3893; x_wconf 62' lang='grc' dir='ltr'><strong>ἀμφοτέρῃσι</strong></span> <span class='ocrx_word' id='word_1_373' title='bbox 1396 3830 1641 3892; x_wconf 77' lang='grc' dir='ltr'>μεμυκότα</span> <span class='ocrx_word' id='word_1_374' title='bbox 1672 3833 1771 3893; x_wconf 83' lang='grc' dir='ltr'><strong>χεί-</strong></span> 
     </span>
     <span class='ocr_line' id='line_1_41' title="bbox 206 3901 1772 3967; baseline -0.003 -13"><span class='ocrx_word' id='word_1_375' title='bbox 206 3912 291 3955; x_wconf 73' lang='grc' dir='ltr'><strong>λεα</strong></span> <span class='ocrx_word' id='word_1_376' title='bbox 319 3908 467 3953; x_wconf 72' lang='grc' dir='ltr'><strong>κεῖτο.</strong></span> <span class='ocrx_word' id='word_1_377' title='bbox 498 3904 593 3953; x_wconf 85' lang='lat' dir='ltr'><strong>Sed</strong></span> <span class='ocrx_word' id='word_1_378' title='bbox 620 3907 700 3956; x_wconf 87' lang='lat' dir='ltr'><strong>est</strong></span> <span class='ocrx_word' id='word_1_379' title='bbox 724 3906 839 3967; x_wconf 76' lang='lat' dir='ltr'><strong>apta</strong></span> <span class='ocrx_word' id='word_1_380' title='bbox 860 3902 1079 3967; x_wconf 79' lang='lat' dir='ltr'><strong>syntaxis</strong></span> <span class='ocrx_word' id='word_1_381' title='bbox 1108 3901 1245 3951; x_wconf 83' lang='lat' dir='ltr'><strong>verbi</strong></span> <span class='ocrx_word' id='word_1_382' title='bbox 1274 3908 1416 3949; x_wconf 78' lang='grc' dir='ltr'><strong>κεῖτο.</strong></span> <span class='ocrx_word' id='word_1_383' title='bbox 1444 3901 1585 3949; x_wconf 78' lang='lat' dir='ltr'><strong>Cous.</strong></span> <span class='ocrx_word' id='word_1_384' title='bbox 1613 3903 1664 3951; x_wconf 89' lang='lat' dir='ltr'><strong>et</strong></span> <span class='ocrx_word' id='word_1_385' title='bbox 1695 3914 1772 3965; x_wconf 89' lang='lat' dir='ltr'><strong>ep.</strong></span> 
     </span>
     <span class='ocr_line' id='line_1_42' title="bbox 206 3972 1771 4037; baseline -0.003 -12"><span class='ocrx_word' id='word_1_386' title='bbox 206 3980 270 4025; x_wconf 79' lang='lat'><strong>26</strong></span> <span class='ocrx_word' id='word_1_387' title='bbox 289 3978 346 4025; x_wconf 79' lang='lat' dir='ltr'><strong>et</strong></span> <span class='ocrx_word' id='word_1_388' title='bbox 373 3977 477 4023; x_wconf 88' lang='grc'><strong>137.</strong></span> <span class='ocrx_word' id='word_1_389' title='bbox 501 3974 725 4025; x_wconf 71' lang='lat' dir='ltr'><strong>pariliter</strong></span> <span class='ocrx_word' id='word_1_390' title='bbox 750 3974 799 4023; x_wconf 86' lang='lat' dir='ltr'><strong>in</strong></span> <span class='ocrx_word' id='word_1_391' title='bbox 818 3976 873 4031; x_wconf 81' lang='lat' dir='ltr'><strong>X,</strong></span> <span class='ocrx_word' id='word_1_392' title='bbox 899 3987 977 4037; x_wconf 82' lang='lat' dir='ltr'><strong>ep.</strong></span> <span class='ocrx_word' id='word_1_393' title='bbox 1002 3980 1031 4023; x_wconf 85' lang='lat'><strong>5</strong></span> <span class='ocrx_word' id='word_1_394' title='bbox 1060 3994 1071 4021; x_wconf 70' lang='grc' dir='ltr'>ε</span> <span class='ocrx_word' id='word_1_395' title='bbox 1091 3972 1261 4035; x_wconf 78' lang='grc' dir='ltr'><strong>τρηχὺς</strong></span> <span class='ocrx_word' id='word_1_396' title='bbox 1281 3977 1394 4031; x_wconf 83' lang='grc' dir='ltr'><strong>σῖγα</strong></span> <span class='ocrx_word' id='word_1_397' title='bbox 1416 3972 1594 4031; x_wconf 75' lang='grc' dir='ltr'><strong>μέμυκε</strong></span> <span class='ocrx_word' id='word_1_398' title='bbox 1614 3972 1771 4034; x_wconf 82' lang='grc' dir='ltr'><strong>πόρος.</strong></span> 
     </span>
     <span class='ocr_line' id='line_1_43' title="bbox 204 4041 1775 4108; baseline -0.003 -15"><span class='ocrx_word' id='word_1_399' title='bbox 204 4070 271 4081; x_wconf 89' lang='lat'><strong>-—-</strong></span> <span class='ocrx_word' id='word_1_400' title='bbox 294 4048 346 4093; x_wconf 78' lang='lat'><strong>4.</strong></span> <span class='ocrx_word' id='word_1_401' title='bbox 376 4042 639 4107; x_wconf 76' lang='lat' dir='ltr'><strong>Gregorius</strong></span> <span class='ocrx_word' id='word_1_402' title='bbox 665 4047 787 4108; x_wconf 81' lang='lat' dir='ltr'><strong>Opp.</strong></span> <span class='ocrx_word' id='word_1_403' title='bbox 806 4045 844 4093; x_wconf 88' lang='lat' dir='ltr'><strong>t.</strong></span> <span class='ocrx_word' id='word_1_404' title='bbox 865 4046 929 4101; x_wconf 85' lang='lat'><strong>11,</strong></span> <span class='ocrx_word' id='word_1_405' title='bbox 954 4056 1002 4107; x_wconf 85' lang='lat' dir='ltr'><strong>p.</strong></span> <span class='ocrx_word' id='word_1_406' title='bbox 1031 4046 1135 4101; x_wconf 76' lang='lat'><strong>140,</strong></span> <span class='ocrx_word' id='word_1_407' title='bbox 1167 4048 1195 4091; x_wconf 84' lang='lat'>2</span> <span class='ocrx_word' id='word_1_408' title='bbox 1219 4056 1231 4087; x_wconf 72' lang='grc' dir='ltr'><em>τ</em></span> <span class='ocrx_word' id='word_1_409' title='bbox 1253 4042 1371 4089; x_wconf 69' lang='grc' dir='ltr'><strong>ἀλλὰ</strong></span> <span class='ocrx_word' id='word_1_410' title='bbox 1391 4041 1593 4103; x_wconf 78' lang='grc' dir='ltr'><strong>τάχιστα</strong></span> <span class='ocrx_word' id='word_1_411' title='bbox 1611 4042 1775 4105; x_wconf 81' lang='grc' dir='ltr'><strong>Ἐγρεο</strong></span> 
     </span>
     <span class='ocr_line' id='line_1_44' title="bbox 204 4108 1774 4171; baseline -0.003 -8"><span class='ocrx_word' id='word_1_412' title='bbox 204 4116 289 4163; x_wconf 87' lang='grc' dir='ltr'><strong>καὶ</strong></span> <span class='ocrx_word' id='word_1_413' title='bbox 321 4114 482 4171; x_wconf 76' lang='grc' dir='ltr'><strong>στήτω</strong></span> <span class='ocrx_word' id='word_1_414' title='bbox 520 4118 646 4163; x_wconf 81' lang='grc' dir='ltr'><strong>σοῖσι</strong></span> <span class='ocrx_word' id='word_1_415' title='bbox 681 4114 863 4170; x_wconf 82' lang='grc' dir='ltr'><strong>λόγοισι</strong></span> <span class='ocrx_word' id='word_1_416' title='bbox 888 4112 1042 4167; x_wconf 79' lang='grc' dir='ltr'><strong>σάλος.</strong></span> <span class='ocrx_word' id='word_1_417' title='bbox 1068 4136 1131 4147; x_wconf 94' lang='lat'><strong>—-</strong></span> <span class='ocrx_word' id='word_1_418' title='bbox 1168 4118 1213 4161; x_wconf 83' lang='lat'><strong>5.</strong></span> <span class='ocrx_word' id='word_1_419' title='bbox 1260 4108 1391 4159; x_wconf 75' lang='grc' dir='ltr'><strong>Ἴσον</strong></span> <span class='ocrx_word' id='word_1_420' title='bbox 1419 4110 1584 4169; x_wconf 73' lang='grc' dir='ltr'><strong>ἔφηνας</strong></span> <span class='ocrx_word' id='word_1_421' title='bbox 1618 4110 1774 4171; x_wconf 85' lang='grc' dir='ltr'><strong>βίοτον</strong></span> 
     </span>
     <span class='ocr_line' id='line_1_45' title="bbox 204 4180 1772 4247; baseline -0.003 -14"><span class='ocrx_word' id='word_1_422' title='bbox 204 4186 359 4247; x_wconf 75' lang='grc' dir='ltr'><strong>μύθῳ.</strong></span> <span class='ocrx_word' id='word_1_423' title='bbox 390 4182 571 4233; x_wconf 78' lang='lat' dir='ltr'><strong>Similia</strong></span> <span class='ocrx_word' id='word_1_424' title='bbox 589 4184 796 4234; x_wconf 82' lang='lat' dir='ltr'><strong>contulit</strong></span> <span class='ocrx_word' id='word_1_425' title='bbox 818 4182 1003 4233; x_wconf 86' lang='lat' dir='ltr'><strong>Tollius</strong></span> <span class='ocrx_word' id='word_1_426' title='bbox 1027 4181 1206 4245; x_wconf 85' lang='lat' dir='ltr'><strong>Insign.</strong></span> <span class='ocrx_word' id='word_1_427' title='bbox 1238 4192 1287 4243; x_wconf 88' lang='lat' dir='ltr'><strong>p.</strong></span> <span class='ocrx_word' id='word_1_428' title='bbox 1319 4185 1365 4230; x_wconf 82' lang='lat'><strong>8.</strong></span> <span class='ocrx_word' id='word_1_429' title='bbox 1391 4198 1415 4222; x_wconf 71' lang='lat' dir='ltr'>n</span> <span class='ocrx_word' id='word_1_430' title='bbox 1447 4181 1507 4228; x_wconf 87' lang='lat' dir='ltr'><strong>B.</strong></span> <span class='ocrx_word' id='word_1_431' title='bbox 1533 4180 1652 4229; x_wconf 80' lang='lat' dir='ltr'><strong>Plst.</strong></span> <span class='ocrx_word' id='word_1_432' title='bbox 1678 4183 1772 4229; x_wconf 78' lang='lat' dir='ltr'><strong>La-</strong></span> 
     </span>
     <span class='ocr_line' id='line_1_46' title="bbox 201 4254 983 4318; baseline -0.001 -15"><span class='ocrx_word' id='word_1_433' title='bbox 201 4254 338 4305; x_wconf 83' lang='lat' dir='ltr'><strong>chet.</strong></span> <span class='ocrx_word' id='word_1_434' title='bbox 372 4268 419 4318; x_wconf 86' lang='lat' dir='ltr'><strong>p.</strong></span> <span class='ocrx_word' id='word_1_435' title='bbox 450 4257 557 4314; x_wconf 79' lang='grc'><strong>188,</strong></span> <span class='ocrx_word' id='word_1_436' title='bbox 576 4257 639 4314; x_wconf 84' lang='lat' dir='ltr'><strong>D,</strong></span> <span class='ocrx_word' id='word_1_437' title='bbox 667 4254 859 4304; x_wconf 79' lang='lat' dir='ltr'><strong>confert</strong></span> <span class='ocrx_word' id='word_1_438' title='bbox 880 4255 983 4303; x_wconf 81' lang='lat' dir='ltr'><strong>Jac.</strong></span> 
     </span>
    </p>
   </div>
   <div class='ocr_carea' id='block_1_8' title="bbox 196 4385 1775 5019">
    <p class='ocr_par' dir='ltr' id='par_1_8' title="bbox 196 4385 1775 5019">
     <span class='ocr_line' id='line_1_47' title="bbox 264 4385 1775 4456; baseline -0.003 -15"><span class='ocrx_word' id='word_1_439' title='bbox 264 4396 333 4441; x_wconf 85' lang='lat' dir='ltr'><strong>V.</strong></span> <span class='ocrx_word' id='word_1_440' title='bbox 368 4394 556 4442; x_wconf 86' lang='lat' dir='ltr'><strong>Iterum</strong></span> <span class='ocrx_word' id='word_1_441' title='bbox 579 4390 760 4456; x_wconf 80' lang='lat' dir='ltr'><strong>legitur</strong></span> <span class='ocrx_word' id='word_1_442' title='bbox 776 4391 825 4440; x_wconf 90' lang='lat' dir='ltr'><strong>in</strong></span> <span class='ocrx_word' id='word_1_443' title='bbox 844 4404 951 4454; x_wconf 77' lang='lat' dir='ltr'><strong>cap.</strong></span> <span class='ocrx_word' id='word_1_444' title='bbox 986 4392 1089 4448; x_wconf 82' lang='lat' dir='ltr'><strong>XV,</strong></span> <span class='ocrx_word' id='word_1_445' title='bbox 1122 4390 1235 4451; x_wconf 86' lang='lat' dir='ltr'><strong>post</strong></span> <span class='ocrx_word' id='word_1_446' title='bbox 1258 4400 1335 4449; x_wconf 88' lang='lat' dir='ltr'><strong>ep.</strong></span> <span class='ocrx_word' id='word_1_447' title='bbox 1379 4392 1457 4444; x_wconf 82' lang='grc'><strong>39,</strong></span> <span class='ocrx_word' id='word_1_448' title='bbox 1488 4385 1573 4435; x_wconf 90' lang='lat' dir='ltr'><strong>uhi</strong></span> <span class='ocrx_word' id='word_1_449' title='bbox 1598 4399 1775 4437; x_wconf 75' lang='lat' dir='ltr'><strong>norem</strong></span> 
     </span>
     <span class='ocr_line' id='line_1_48' title="bbox 200 4457 1770 4527; baseline -0.004 -15"><span class='ocrx_word' id='word_1_450' title='bbox 200 4462 411 4527; x_wconf 74' lang='lat' dir='ltr'><strong>paginas</strong></span> <span class='ocrx_word' id='word_1_451' title='bbox 422 4464 729 4526; x_wconf 81' lang='lat' dir='ltr'><strong>occuparunt</strong></span> <span class='ocrx_word' id='word_1_452' title='bbox 742 4460 1091 4525; x_wconf 80' lang='lat' dir='ltr'><strong>epigrammata</strong></span> <span class='ocrx_word' id='word_1_453' title='bbox 1104 4457 1337 4521; x_wconf 83' lang='lat' dir='ltr'><strong>Gregorii.</strong></span> <span class='ocrx_word' id='word_1_454' title='bbox 1352 4482 1415 4493; x_wconf 93' lang='lat'><strong>—-</strong></span> <span class='ocrx_word' id='word_1_455' title='bbox 1433 4463 1461 4505; x_wconf 87' lang='grc'><strong>2</strong></span> <span class='ocrx_word' id='word_1_456' title='bbox 1480 4457 1675 4519; x_wconf 78' lang='grc' dir='ltr'><strong>ἡμετέρῃ</strong></span> <span class='ocrx_word' id='word_1_457' title='bbox 1692 4474 1770 4518; x_wconf 82' lang='grc' dir='ltr'><strong>γε·</strong></span> 
     </span>
     <span class='ocr_line' id='line_1_49' title="bbox 199 4526 1773 4595; baseline -0.001 -17"><span class='ocrx_word' id='word_1_458' title='bbox 199 4540 285 4595; x_wconf 75' lang='grc' dir='ltr'><strong>νεῇ</strong></span> <span class='ocrx_word' id='word_1_459' title='bbox 309 4532 363 4582; x_wconf 84' lang='lat' dir='ltr'><strong>et</strong></span> <span class='ocrx_word' id='word_1_460' title='bbox 386 4532 591 4593; x_wconf 84' lang='grc' dir='ltr'><strong>βασίλειε</strong></span> <span class='ocrx_word' id='word_1_461' title='bbox 627 4530 749 4582; x_wconf 81' lang='lat' dir='ltr'><strong>eod.</strong></span> <span class='ocrx_word' id='word_1_462' title='bbox 772 4532 924 4580; x_wconf 79' lang='lat' dir='ltr'><strong>altero</strong></span> <span class='ocrx_word' id='word_1_463' title='bbox 958 4530 1084 4579; x_wconf 84' lang='lat' dir='ltr'><strong>loco.</strong></span> <span class='ocrx_word' id='word_1_464' title='bbox 1119 4555 1181 4565; x_wconf 96' lang='lat'>—</span> <span class='ocrx_word' id='word_1_465' title='bbox 1207 4532 1236 4577; x_wconf 85' lang='lat'>3</span> <span class='ocrx_word' id='word_1_466' title='bbox 1276 4528 1483 4590; x_wconf 74' lang='grc' dir='ltr'><strong>ἱεριηχέα</strong></span> <span class='ocrx_word' id='word_1_467' title='bbox 1509 4526 1631 4575; x_wconf 84' lang='lat' dir='ltr'><strong>cod.</strong></span> <span class='ocrx_word' id='word_1_468' title='bbox 1651 4564 1663 4587; x_wconf 94' lang='lat'>,</span> <span class='ocrx_word' id='word_1_469' title='bbox 1684 4526 1773 4577; x_wconf 83' lang='lat' dir='ltr'><strong>sed</strong></span> 
     </span>
     <span class='ocr_line' id='line_1_50' title="bbox 200 4597 1775 4662; baseline -0.002 -12"><span class='ocrx_word' id='word_1_470' title='bbox 200 4605 343 4653; x_wconf 87' lang='lat' dir='ltr'><strong>recte</strong></span> <span class='ocrx_word' id='word_1_471' title='bbox 365 4602 520 4653; x_wconf 74' lang='lat' dir='ltr'><strong>altero</strong></span> <span class='ocrx_word' id='word_1_472' title='bbox 543 4602 671 4653; x_wconf 91' lang='grc'><strong>1000.</strong></span> <span class='ocrx_word' id='word_1_473' title='bbox 706 4621 729 4644; x_wconf 76' lang='grc' dir='ltr'><strong>«ι</strong></span> <span class='ocrx_word' id='word_1_474' title='bbox 750 4600 979 4651; x_wconf 86' lang='lat' dir='ltr'><strong>Similiter</strong></span> <span class='ocrx_word' id='word_1_475' title='bbox 1006 4597 1267 4662; x_wconf 85' lang='lat' dir='ltr'><strong>Gregorius</strong></span> <span class='ocrx_word' id='word_1_476' title='bbox 1288 4600 1325 4647; x_wconf 91' lang='lat' dir='ltr'><strong>t.</strong></span> <span class='ocrx_word' id='word_1_477' title='bbox 1358 4599 1425 4657; x_wconf 89' lang='grc'><strong>11,</strong></span> <span class='ocrx_word' id='word_1_478' title='bbox 1446 4610 1494 4659; x_wconf 92' lang='lat' dir='ltr'><strong>p.</strong></span> <span class='ocrx_word' id='word_1_479' title='bbox 1527 4600 1611 4646; x_wconf 79' lang='grc'><strong>134</strong></span> <span class='ocrx_word' id='word_1_480' title='bbox 1628 4633 1641 4655; x_wconf 93' lang='grc'><strong>,</strong></span> <span class='ocrx_word' id='word_1_481' title='bbox 1661 4601 1775 4647; x_wconf 78' lang='lat' dir='ltr'><strong>Am·</strong></span> 
     </span>
     <span class='ocr_line' id='line_1_51' title="bbox 197 4668 1769 4735; baseline -0.002 -15"><span class='ocrx_word' id='word_1_482' title='bbox 197 4670 493 4735; x_wconf 82' lang='lat' dir='ltr'><strong>philochum</strong></span> <span class='ocrx_word' id='word_1_483' title='bbox 533 4674 681 4723; x_wconf 79' lang='lat' dir='ltr'><strong>vocat</strong></span> <span class='ocrx_word' id='word_1_484' title='bbox 714 4673 911 4733; x_wconf 72' lang='grc' dir='ltr'><strong>ἄγγελον</strong></span> <span class='ocrx_word' id='word_1_485' title='bbox 944 4670 1157 4731; x_wconf 80' lang='grc' dir='ltr'><strong>ἀτρεκίης</strong></span> <span class='ocrx_word' id='word_1_486' title='bbox 1194 4668 1409 4729; x_wconf 77' lang='grc' dir='ltr'><strong>ἑριηχὲα,</strong></span> <span class='ocrx_word' id='word_1_487' title='bbox 1445 4668 1581 4720; x_wconf 77' lang='grc' dir='ltr'><strong>κῦδος</strong></span> <span class='ocrx_word' id='word_1_488' title='bbox 1624 4668 1769 4727; x_wconf 82' lang='grc' dir='ltr'><strong>ἐμεῖο.</strong></span> 
     </span>
     <span class='ocr_line' id='line_1_52' title="bbox 199 4736 1774 4805; baseline -0.003 -14"><span class='ocrx_word' id='word_1_489' title='bbox 199 4742 354 4791; x_wconf 74' lang='lat' dir='ltr'><strong>Gens.</strong></span> <span class='ocrx_word' id='word_1_490' title='bbox 383 4754 498 4791; x_wconf 78' lang='lat' dir='ltr'><strong>mox</strong></span> <span class='ocrx_word' id='word_1_491' title='bbox 528 4755 607 4805; x_wconf 90' lang='lat' dir='ltr'><strong>ep.</strong></span> <span class='ocrx_word' id='word_1_492' title='bbox 637 4746 710 4802; x_wconf 86' lang='grc'><strong>15,</strong></span> <span class='ocrx_word' id='word_1_493' title='bbox 732 4748 779 4792; x_wconf 86' lang='grc'><strong>3.</strong></span> <span class='ocrx_word' id='word_1_494' title='bbox 812 4746 913 4791; x_wconf 75' lang='grc'><strong>-4</strong></span> <span class='ocrx_word' id='word_1_495' title='bbox 938 4742 1096 4789; x_wconf 78' lang='grc' dir='ltr'><strong>κάλλεϊ</strong></span> <span class='ocrx_word' id='word_1_496' title='bbox 1131 4736 1252 4788; x_wconf 87' lang='lat' dir='ltr'><strong>cod.</strong></span> <span class='ocrx_word' id='word_1_497' title='bbox 1278 4738 1433 4787; x_wconf 82' lang='lat' dir='ltr'><strong>altero</strong></span> <span class='ocrx_word' id='word_1_498' title='bbox 1460 4736 1587 4787; x_wconf 88' lang='lat' dir='ltr'><strong>loco.</strong></span> <span class='ocrx_word' id='word_1_499' title='bbox 1624 4739 1774 4796; x_wconf 89' lang='lat' dir='ltr'><strong>Quod</strong></span> 
     </span>
     <span class='ocr_line' id='line_1_53' title="bbox 200 4807 1770 4876; baseline -0.002 -16"><span class='ocrx_word' id='word_1_500' title='bbox 200 4811 425 4875; x_wconf 79' lang='lat' dir='ltr'><strong>praetulit</strong></span> <span class='ocrx_word' id='word_1_501' title='bbox 445 4814 570 4873; x_wconf 64' lang='lat' dir='ltr'><strong>Jac„</strong></span> <span class='ocrx_word' id='word_1_502' title='bbox 602 4832 627 4855; x_wconf 74' lang='grc' dir='ltr'><strong>«ι</strong></span> <span class='ocrx_word' id='word_1_503' title='bbox 655 4814 710 4861; x_wconf 87' lang='lat' dir='ltr'><strong>ut</strong></span> <span class='ocrx_word' id='word_1_504' title='bbox 730 4810 1025 4876; x_wconf 73' lang='lat' dir='ltr'><strong>amphibolia</strong></span> <span class='ocrx_word' id='word_1_505' title='bbox 1044 4807 1259 4873; x_wconf 88' lang='lat' dir='ltr'><strong>(inquit)</strong></span> <span class='ocrx_word' id='word_1_506' title='bbox 1280 4807 1517 4857; x_wconf 75' lang='lat' dir='ltr'><strong>vitaretur</strong></span> <span class='ocrx_word' id='word_1_507' title='bbox 1540 4826 1563 4849; x_wconf 69' lang='grc' dir='ltr'><strong>»ι</strong></span> <span class='ocrx_word' id='word_1_508' title='bbox 1594 4826 1604 4855; x_wconf 94' lang='lat'><strong>:</strong></span> <span class='ocrx_word' id='word_1_509' title='bbox 1631 4810 1770 4871; x_wconf 84' lang='lat' dir='ltr'><strong>puto,</strong></span> 
     </span>
     <span class='ocr_line' id='line_1_54' title="bbox 198 4878 1769 4948; baseline -0.001 -16"><span class='ocrx_word' id='word_1_510' title='bbox 198 4898 265 4933; x_wconf 86' lang='lat' dir='ltr'><strong>ne</strong></span> <span class='ocrx_word' id='word_1_511' title='bbox 294 4886 585 4948; x_wconf 79' lang='grc' dir='ltr'><strong>Χριστιανοῖς</strong></span> <span class='ocrx_word' id='word_1_512' title='bbox 612 4886 803 4933; x_wconf 79' lang='grc' dir='ltr'><strong>κάλλεσι</strong></span> <span class='ocrx_word' id='word_1_513' title='bbox 842 4884 994 4934; x_wconf 85' lang='lat' dir='ltr'><strong>lector</strong></span> <span class='ocrx_word' id='word_1_514' title='bbox 1021 4880 1145 4931; x_wconf 81' lang='lat' dir='ltr'><strong>male</strong></span> <span class='ocrx_word' id='word_1_515' title='bbox 1178 4880 1418 4942; x_wconf 84' lang='lat' dir='ltr'><strong>jungeret.</strong></span> <span class='ocrx_word' id='word_1_516' title='bbox 1462 4878 1653 4928; x_wconf 79' lang='lat' dir='ltr'><strong>Scilicet</strong></span> <span class='ocrx_word' id='word_1_517' title='bbox 1673 4893 1769 4931; x_wconf 87' lang='lat' dir='ltr'><strong>non</strong></span> 
     </span>
     <span class='ocr_line' id='line_1_55' title="bbox 196 4947 1772 5019; baseline 0 -18"><span class='ocrx_word' id='word_1_518' title='bbox 196 4954 425 5003; x_wconf 81' lang='lat' dir='ltr'><strong>distinxit</strong></span> <span class='ocrx_word' id='word_1_519' title='bbox 451 4955 557 5003; x_wconf 82' lang='lat' dir='ltr'><strong>Jac.</strong></span> <span class='ocrx_word' id='word_1_520' title='bbox 586 4957 701 5019; x_wconf 86' lang='lat' dir='ltr'><strong>post</strong></span> <span class='ocrx_word' id='word_1_521' title='bbox 724 4957 1030 5016; x_wconf 77' lang='grc' dir='ltr'><strong>Χριστιανοτς·</strong></span> <span class='ocrx_word' id='word_1_522' title='bbox 1051 4947 1184 5013; x_wconf 80' lang='lat' dir='ltr'><strong>quod</strong></span> <span class='ocrx_word' id='word_1_523' title='bbox 1216 4948 1319 5011; x_wconf 86' lang='lat' dir='ltr'><strong>ipse</strong></span> <span class='ocrx_word' id='word_1_524' title='bbox 1342 4947 1448 5007; x_wconf 80' lang='lat' dir='ltr'><strong>feci,</strong></span> <span class='ocrx_word' id='word_1_525' title='bbox 1474 4960 1565 4997; x_wconf 87' lang='lat' dir='ltr'><strong>nec.</strong></span> <span class='ocrx_word' id='word_1_526' title='bbox 1577 4948 1676 5009; x_wconf 78' lang='lat' dir='ltr'><strong>jam</strong></span> <span class='ocrx_word' id='word_1_527' title='bbox 1696 4954 1772 5001; x_wconf 85' lang='lat' dir='ltr'><strong>cst</strong></span> 
     </span>
    </p>
   </div>
   <div class='ocr_carea' id='block_1_9' title="bbox 422 5052 769 5090">
    <p class='ocr_par' dir='ltr' id='par_1_9' title="bbox 422 5052 769 5090">
     <span class='ocr_line' id='line_1_56' title="bbox 422 5052 769 5090; baseline 0.006 -4"><span class='ocrx_word' id='word_1_528' title='bbox 422 5052 702 5089; x_wconf 63' lang='lat' dir='ltr'><strong>n&#39;ruoiaocu</strong></span> <span class='ocrx_word' id='word_1_529' title='bbox 730 5056 747 5090; x_wconf 93' lang='grc' dir='ltr'>Ι</span> <span class='ocrx_word' id='word_1_530' title='bbox 758 5076 769 5088; x_wconf 89' lang='grc'><strong>.</strong></span> 
     </span>
    </p>
   </div>
   <div class='ocr_carea' id='block_1_10' title="bbox 1664 597 2105 632">
    <p class='ocr_par' dir='ltr' id='par_1_10' title="bbox 1664 597 2105 632">
     <span class='ocr_line' id='line_1_57' title="bbox 1664 597 2105 632; baseline 0 5115"><span class='ocrx_word' id='word_1_531' title='bbox 1664 597 2105 632; x_wconf 95' lang='lat' dir='ltr'><strong> </strong></span> 
     </span>
    </p>
   </div>
   <div class='ocr_carea' id='block_1_11' title="bbox 1880 811 3437 1011">
    <p class='ocr_par' dir='ltr' id='par_1_11' title="bbox 1880 811 3437 1011">
     <span class='ocr_line' id='line_1_58' title="bbox 1880 811 3436 890; baseline 0.013 -31"><span class='ocrx_word' id='word_1_532' title='bbox 1880 811 2188 876; x_wconf 78' lang='lat' dir='ltr'><strong>amphiboliae</strong></span> <span class='ocrx_word' id='word_1_533' title='bbox 2215 830 2380 867; x_wconf 75' lang='grc'><strong>001180.</strong></span> <span class='ocrx_word' id='word_1_534' title='bbox 2411 818 2568 870; x_wconf 81' lang='lat' dir='ltr'><strong>Editio</strong></span> <span class='ocrx_word' id='word_1_535' title='bbox 2600 821 2750 870; x_wconf 79' lang='lat' dir='ltr'><strong>etiam</strong></span> <span class='ocrx_word' id='word_1_536' title='bbox 2772 824 2986 885; x_wconf 84' lang='lat' dir='ltr'><strong>Operum</strong></span> <span class='ocrx_word' id='word_1_537' title='bbox 3011 825 3206 876; x_wconf 69' lang='lat' dir='ltr'><strong>exbibet</strong></span> <span class='ocrx_word' id='word_1_538' title='bbox 3231 841 3280 890; x_wconf 88' lang='lat' dir='ltr'><strong>p.</strong></span> <span class='ocrx_word' id='word_1_539' title='bbox 3315 833 3398 879; x_wconf 83' lang='grc'><strong>153</strong></span> <span class='ocrx_word' id='word_1_540' title='bbox 3421 849 3436 878; x_wconf 79' lang='lat' dir='ltr'><strong><em>z</em></strong></span> 
     </span>
     <span class='ocr_line' id='line_1_59' title="bbox 1882 883 3437 949; baseline 0.013 -19"><span class='ocrx_word' id='word_1_541' title='bbox 1882 883 2196 944; x_wconf 80' lang='grc' dir='ltr'><strong>Χριστιανοῖς,</strong></span> <span class='ocrx_word' id='word_1_542' title='bbox 2225 889 2278 948; x_wconf 87' lang='grc' dir='ltr'><strong>ψ.</strong></span> <span class='ocrx_word' id='word_1_543' title='bbox 2311 888 2498 938; x_wconf 69' lang='grc' dir='ltr'><strong>κάλλεσι</strong></span> <span class='ocrx_word' id='word_1_544' title='bbox 2531 892 2573 939; x_wconf 86' lang='grc' dir='ltr'><strong>λ.</strong></span> <span class='ocrx_word' id='word_1_545' title='bbox 2603 893 2663 940; x_wconf 84' lang='lat' dir='ltr'><strong>Et</strong></span> <span class='ocrx_word' id='word_1_546' title='bbox 2696 891 2854 941; x_wconf 80' lang='lat' dir='ltr'><strong>codex</strong></span> <span class='ocrx_word' id='word_1_547' title='bbox 2885 898 2976 944; x_wconf 83' lang='grc'><strong>993</strong></span> <span class='ocrx_word' id='word_1_548' title='bbox 3002 896 3207 946; x_wconf 71' lang='grc' dir='ltr'><strong>κάλλεσι.</strong></span> <span class='ocrx_word' id='word_1_549' title='bbox 3231 917 3257 942; x_wconf 68' lang='grc' dir='ltr'><strong>υ</strong></span> <span class='ocrx_word' id='word_1_550' title='bbox 3284 901 3347 949; x_wconf 84' lang='grc' dir='ltr'><strong>Β.</strong></span> <span class='ocrx_word' id='word_1_551' title='bbox 3375 928 3437 938; x_wconf 91' lang='lat'><strong>--·</strong></span> 
     </span>
     <span class='ocr_line' id='line_1_60' title="bbox 1880 957 2739 1011; baseline 0.013 -11"><span class='ocrx_word' id='word_1_552' title='bbox 1880 959 1909 1000; x_wconf 84' lang='lat'><strong>5</strong></span> <span class='ocrx_word' id='word_1_553' title='bbox 1939 957 2258 1006; x_wconf 83' lang='grc' dir='ltr'><strong>καππαδὸκων</strong></span> <span class='ocrx_word' id='word_1_554' title='bbox 2281 957 2403 1006; x_wconf 84' lang='lat' dir='ltr'><strong>cod.</strong></span> <span class='ocrx_word' id='word_1_555' title='bbox 2431 959 2585 1010; x_wconf 78' lang='lat' dir='ltr'><strong>altero</strong></span> <span class='ocrx_word' id='word_1_556' title='bbox 2613 961 2739 1011; x_wconf 82' lang='lat' dir='ltr'><strong>loco.</strong></span> 
     </span>
    </p>
   </div>
   <div class='ocr_carea' id='block_1_12' title="bbox 1878 1096 3437 1591">
    <p class='ocr_par' dir='ltr' id='par_1_12' title="bbox 1878 1096 3437 1591">
     <span class='ocr_line' id='line_1_61' title="bbox 1945 1096 3436 1168; baseline 0.01 -27"><span class='ocrx_word' id='word_1_557' title='bbox 1945 1096 2033 1143; x_wconf 84' lang='lat' dir='ltr'><strong>VI.</strong></span> <span class='ocrx_word' id='word_1_558' title='bbox 2064 1097 2249 1146; x_wconf 87' lang='lat' dir='ltr'><strong>Iterum</strong></span> <span class='ocrx_word' id='word_1_559' title='bbox 2277 1099 2326 1147; x_wconf 82' lang='lat' dir='ltr'><strong>in</strong></span> <span class='ocrx_word' id='word_1_560' title='bbox 2355 1113 2398 1148; x_wconf 93' lang='lat' dir='ltr'><strong>c.</strong></span> <span class='ocrx_word' id='word_1_561' title='bbox 2437 1101 2541 1149; x_wconf 83' lang='lat' dir='ltr'><strong>XV.</strong></span> <span class='ocrx_word' id='word_1_562' title='bbox 2579 1103 2820 1165; x_wconf 85' lang='lat' dir='ltr'><strong>Loquitur</strong></span> <span class='ocrx_word' id='word_1_563' title='bbox 2845 1105 3070 1155; x_wconf 82' lang='lat' dir='ltr'><strong>Basilius.</strong></span> <span class='ocrx_word' id='word_1_564' title='bbox 3098 1134 3158 1142; x_wconf 96' lang='lat'><strong>—</strong></span> <span class='ocrx_word' id='word_1_565' title='bbox 3185 1112 3205 1156; x_wconf 89' lang='lat'>1</span> <span class='ocrx_word' id='word_1_566' title='bbox 3231 1107 3436 1168; x_wconf 78' lang='grc' dir='ltr'><strong>βασιλίοι</strong></span> 
     </span>
     <span class='ocr_line' id='line_1_62' title="bbox 1886 1162 3432 1240; baseline 0.012 -30"><span class='ocrx_word' id='word_1_567' title='bbox 1886 1162 2008 1212; x_wconf 86' lang='lat' dir='ltr'><strong>Cod.</strong></span> <span class='ocrx_word' id='word_1_568' title='bbox 2031 1165 2184 1216; x_wconf 79' lang='lat' dir='ltr'><strong>altero</strong></span> <span class='ocrx_word' id='word_1_569' title='bbox 2210 1169 2314 1218; x_wconf 87' lang='grc'><strong>1000</strong></span> <span class='ocrx_word' id='word_1_570' title='bbox 2331 1206 2345 1229; x_wconf 91' lang='grc'><strong>,</strong></span> <span class='ocrx_word' id='word_1_571' title='bbox 2375 1171 2433 1218; x_wconf 84' lang='lat' dir='ltr'><strong>ut</strong></span> <span class='ocrx_word' id='word_1_572' title='bbox 2455 1170 2714 1233; x_wconf 81' lang='lat' dir='ltr'><strong>aliquoties</strong></span> <span class='ocrx_word' id='word_1_573' title='bbox 2739 1173 2792 1222; x_wconf 87' lang='lat' dir='ltr'><strong>iu</strong></span> <span class='ocrx_word' id='word_1_574' title='bbox 2815 1173 2894 1224; x_wconf 88' lang='lat' dir='ltr'><strong>his</strong></span> <span class='ocrx_word' id='word_1_575' title='bbox 2910 1176 3152 1240; x_wconf 84' lang='lat' dir='ltr'><strong>genitivis.</strong></span> <span class='ocrx_word' id='word_1_576' title='bbox 3177 1203 3244 1213; x_wconf 98' lang='lat'>—</span> <span class='ocrx_word' id='word_1_577' title='bbox 3272 1183 3301 1226; x_wconf 93' lang='grc'><strong>2</strong></span> <span class='ocrx_word' id='word_1_578' title='bbox 3319 1193 3432 1236; x_wconf 84' lang='grc' dir='ltr'><strong>γρη-</strong></span> 
     </span>
     <span class='ocr_line' id='line_1_63' title="bbox 1878 1235 3436 1311; baseline 0.01 -29"><span class='ocrx_word' id='word_1_579' title='bbox 1878 1235 2025 1297; x_wconf 85' lang='grc' dir='ltr'><strong>γόριοι</strong></span> <span class='ocrx_word' id='word_1_580' title='bbox 2065 1237 2193 1296; x_wconf 86' lang='lat' dir='ltr'><strong>(sic)</strong></span> <span class='ocrx_word' id='word_1_581' title='bbox 2224 1239 2344 1289; x_wconf 81' lang='lat' dir='ltr'><strong>eod.</strong></span> <span class='ocrx_word' id='word_1_582' title='bbox 2379 1241 2535 1292; x_wconf 78' lang='lat' dir='ltr'><strong>altero</strong></span> <span class='ocrx_word' id='word_1_583' title='bbox 2555 1243 2680 1293; x_wconf 87' lang='lat' dir='ltr'><strong>loco.</strong></span> <span class='ocrx_word' id='word_1_584' title='bbox 2707 1271 2770 1280; x_wconf 93' lang='lat'>—</span> <span class='ocrx_word' id='word_1_585' title='bbox 2803 1249 2832 1294; x_wconf 89' lang='grc'><strong>3</strong></span> <span class='ocrx_word' id='word_1_586' title='bbox 2869 1250 3084 1311; x_wconf 87' lang='grc' dir='ltr'><strong>περικήκι</strong></span> <span class='ocrx_word' id='word_1_587' title='bbox 3117 1247 3260 1308; x_wconf 64' lang='grc' dir='ltr'><strong>θοὰ,</strong></span> <span class='ocrx_word' id='word_1_588' title='bbox 3281 1249 3436 1299; x_wconf 72' lang='lat' dir='ltr'><strong>altero</strong></span> 
     </span>
     <span class='ocr_line' id='line_1_64' title="bbox 1878 1302 3437 1382; baseline 0.008 -29"><span class='ocrx_word' id='word_1_589' title='bbox 1878 1302 1986 1354; x_wconf 80' lang='lat'><strong>1000</strong></span> <span class='ocrx_word' id='word_1_590' title='bbox 2026 1311 2128 1370; x_wconf 81' lang='grc' dir='ltr'><strong>περὶ</strong></span> <span class='ocrx_word' id='word_1_591' title='bbox 2157 1315 2281 1371; x_wconf 72' lang='grc' dir='ltr'><strong>κῆρι,</strong></span> <span class='ocrx_word' id='word_1_592' title='bbox 2317 1329 2341 1353; x_wconf 72' lang='lat'>⁸</span> <span class='ocrx_word' id='word_1_593' title='bbox 2387 1311 2514 1362; x_wconf 83' lang='lat' dir='ltr'><strong>sicut</strong></span> <span class='ocrx_word' id='word_1_594' title='bbox 2553 1314 2700 1364; x_wconf 77' lang='lat' dir='ltr'><strong>etiam</strong></span> <span class='ocrx_word' id='word_1_595' title='bbox 2736 1315 2846 1366; x_wconf 83' lang='lat' dir='ltr'><strong>cod.</strong></span> <span class='ocrx_word' id='word_1_596' title='bbox 2893 1318 3010 1382; x_wconf 78' lang='lat' dir='ltr'><strong>Reg.</strong></span> <span class='ocrx_word' id='word_1_597' title='bbox 3053 1321 3170 1367; x_wconf 81' lang='lat'><strong>1760</strong></span> <span class='ocrx_word' id='word_1_598' title='bbox 3209 1320 3262 1367; x_wconf 80' lang='lat' dir='ltr'><strong>et</strong></span> <span class='ocrx_word' id='word_1_599' title='bbox 3285 1317 3437 1366; x_wconf 76' lang='lat' dir='ltr'><strong>editio</strong></span> 
     </span>
     <span class='ocr_line' id='line_1_65' title="bbox 1880 1379 3432 1446; baseline 0.009 -20"><span class='ocrx_word' id='word_1_600' title='bbox 1880 1379 2004 1441; x_wconf 83' lang='lat' dir='ltr'><strong>opp.</strong></span> <span class='ocrx_word' id='word_1_601' title='bbox 2033 1381 2204 1430; x_wconf 67' lang='lat' dir='ltr'><strong>Maluit</strong></span> <span class='ocrx_word' id='word_1_602' title='bbox 2227 1384 2330 1432; x_wconf 77' lang='lat' dir='ltr'><strong>Jac.</strong></span> <span class='ocrx_word' id='word_1_603' title='bbox 2367 1385 2467 1446; x_wconf 82' lang='grc' dir='ltr'><strong>πέρι</strong></span> <span class='ocrx_word' id='word_1_604' title='bbox 2489 1391 2609 1446; x_wconf 74' lang='grc' dir='ltr'><strong>κῆρι.</strong></span> <span class='ocrx_word' id='word_1_605' title='bbox 2642 1405 2668 1430; x_wconf 65' lang='lat'><strong>&gt;³</strong></span> <span class='ocrx_word' id='word_1_606' title='bbox 2695 1389 2758 1436; x_wconf 91' lang='lat' dir='ltr'><strong>B.</strong></span> <span class='ocrx_word' id='word_1_607' title='bbox 2784 1387 2970 1439; x_wconf 86' lang='lat' dir='ltr'><strong>Deinde</strong></span> <span class='ocrx_word' id='word_1_608' title='bbox 2993 1391 3086 1437; x_wconf 82' lang='grc' dir='ltr'><strong>δεοι</strong></span> <span class='ocrx_word' id='word_1_609' title='bbox 3115 1391 3165 1438; x_wconf 88' lang='grc'><strong>01</strong></span> <span class='ocrx_word' id='word_1_610' title='bbox 3190 1389 3284 1438; x_wconf 80' lang='grc' dir='ltr'><strong>δέοι</strong></span> <span class='ocrx_word' id='word_1_611' title='bbox 3309 1389 3432 1440; x_wconf 82' lang='grc'><strong>000.</strong></span> 
     </span>
     <span class='ocr_line' id='line_1_66' title="bbox 1878 1451 3434 1521; baseline 0.006 -24"><span class='ocrx_word' id='word_1_612' title='bbox 1878 1476 1941 1489; x_wconf 93' lang='lat'><strong>--</strong></span> <span class='ocrx_word' id='word_1_613' title='bbox 1963 1453 1990 1498; x_wconf 72' lang='lat'>4</span> <span class='ocrx_word' id='word_1_614' title='bbox 2023 1451 2141 1500; x_wconf 75' lang='grc' dir='ltr'><strong>ἀλλά</strong></span> <span class='ocrx_word' id='word_1_615' title='bbox 2163 1469 2214 1500; x_wconf 82' lang='grc' dir='ltr'><strong>τε</strong></span> <span class='ocrx_word' id='word_1_616' title='bbox 2231 1451 2353 1502; x_wconf 84' lang='lat' dir='ltr'><strong>cod.</strong></span> <span class='ocrx_word' id='word_1_617' title='bbox 2379 1473 2402 1494; x_wconf 73' lang='grc' dir='ltr'><strong>«ι</strong></span> <span class='ocrx_word' id='word_1_618' title='bbox 2434 1467 2523 1517; x_wconf 80' lang='lat' dir='ltr'><strong>pro</strong></span> <span class='ocrx_word' id='word_1_619' title='bbox 2539 1469 2692 1505; x_wconf 84' lang='lat' dir='ltr'><strong>more.</strong></span> <span class='ocrx_word' id='word_1_620' title='bbox 2719 1475 2742 1499; x_wconf 69' lang='lat' dir='ltr'><strong>»a</strong></span> <span class='ocrx_word' id='word_1_621' title='bbox 2760 1483 2825 1492; x_wconf 92' lang='lat'>—</span> <span class='ocrx_word' id='word_1_622' title='bbox 2844 1463 2874 1506; x_wconf 85' lang='lat'><strong>5</strong></span> <span class='ocrx_word' id='word_1_623' title='bbox 2899 1458 3058 1521; x_wconf 80' lang='grc' dir='ltr'><strong>ὄνειαρ</strong></span> <span class='ocrx_word' id='word_1_624' title='bbox 3072 1461 3125 1507; x_wconf 84' lang='lat' dir='ltr'><strong>et</strong></span> <span class='ocrx_word' id='word_1_625' title='bbox 3153 1459 3434 1515; x_wconf 78' lang='grc' dir='ltr'><strong>δηνθύνοντα</strong></span> 
     </span>
     <span class='ocr_line' id='line_1_67' title="bbox 1879 1520 2849 1591; baseline 0.007 -22"><span class='ocrx_word' id='word_1_626' title='bbox 1879 1520 1999 1570; x_wconf 70' lang='lat' dir='ltr'><strong>cod.</strong></span> <span class='ocrx_word' id='word_1_627' title='bbox 2023 1521 2118 1571; x_wconf 85' lang='lat' dir='ltr'><strong>hic.</strong></span> <span class='ocrx_word' id='word_1_628' title='bbox 2142 1550 2202 1558; x_wconf 91' lang='lat'><strong>-—</strong></span> <span class='ocrx_word' id='word_1_629' title='bbox 2218 1531 2246 1574; x_wconf 79' lang='grc'>6</span> <span class='ocrx_word' id='word_1_630' title='bbox 2263 1525 2410 1587; x_wconf 77' lang='grc' dir='ltr'><strong>φιλίας</strong></span> <span class='ocrx_word' id='word_1_631' title='bbox 2433 1526 2540 1576; x_wconf 88' lang='lat' dir='ltr'><strong>cod.</strong></span> <span class='ocrx_word' id='word_1_632' title='bbox 2563 1529 2678 1591; x_wconf 82' lang='lat' dir='ltr'><strong>Reg-</strong></span> <span class='ocrx_word' id='word_1_633' title='bbox 2715 1531 2849 1578; x_wconf 80' lang='grc'><strong>1700.</strong></span> 
     </span>
    </p>
   </div>
   <div class='ocr_carea' id='block_1_13' title="bbox 1874 1664 3438 2270">
    <p class='ocr_par' dir='ltr' id='par_1_13' title="bbox 1874 1664 3438 2269">
     <span class='ocr_line' id='line_1_68' title="bbox 1939 1664 3432 1733; baseline 0.005 -22"><span class='ocrx_word' id='word_1_634' title='bbox 1939 1664 2032 1713; x_wconf 80' lang='lat' dir='ltr'><strong>VII</strong></span> <span class='ocrx_word' id='word_1_635' title='bbox 2094 1666 2278 1714; x_wconf 90' lang='lat' dir='ltr'><strong>Iterum</strong></span> <span class='ocrx_word' id='word_1_636' title='bbox 2314 1665 2364 1715; x_wconf 90' lang='lat' dir='ltr'><strong>in</strong></span> <span class='ocrx_word' id='word_1_637' title='bbox 2397 1681 2439 1716; x_wconf 92' lang='lat' dir='ltr'><strong>c.</strong></span> <span class='ocrx_word' id='word_1_638' title='bbox 2477 1669 2580 1717; x_wconf 79' lang='lat' dir='ltr'><strong>XV.</strong></span> <span class='ocrx_word' id='word_1_639' title='bbox 2623 1695 2686 1704; x_wconf 93' lang='lat'>—</span> <span class='ocrx_word' id='word_1_640' title='bbox 2715 1673 2758 1718; x_wconf 89' lang='lat'><strong>1.</strong></span> <span class='ocrx_word' id='word_1_641' title='bbox 2791 1687 2815 1711; x_wconf 74' lang='grc' dir='ltr'><strong>α</strong></span> <span class='ocrx_word' id='word_1_642' title='bbox 2851 1668 2986 1720; x_wconf 85' lang='lat' dir='ltr'><strong>Idem</strong></span> <span class='ocrx_word' id='word_1_643' title='bbox 3013 1668 3206 1718; x_wconf 88' lang='lat' dir='ltr'><strong>initium</strong></span> <span class='ocrx_word' id='word_1_644' title='bbox 3247 1683 3323 1733; x_wconf 90' lang='lat' dir='ltr'><strong>ep.</strong></span> <span class='ocrx_word' id='word_1_645' title='bbox 3355 1675 3432 1720; x_wconf 74' lang='lat'><strong>8⁹.</strong></span> 
     </span>
     <span class='ocr_line' id='line_1_69' title="bbox 1877 1732 3432 1801; baseline 0.006 -22"><span class='ocrx_word' id='word_1_646' title='bbox 1877 1732 2017 1780; x_wconf 73' lang='lat' dir='ltr'><strong>conf.</strong></span> <span class='ocrx_word' id='word_1_647' title='bbox 2037 1745 2116 1796; x_wconf 85' lang='lat' dir='ltr'><strong>ep.</strong></span> <span class='ocrx_word' id='word_1_648' title='bbox 2148 1739 2252 1783; x_wconf 79' lang='lat'><strong>153.</strong></span> <span class='ocrx_word' id='word_1_649' title='bbox 2277 1761 2342 1772; x_wconf 88' lang='lat'><strong>—·</strong></span> <span class='ocrx_word' id='word_1_650' title='bbox 2363 1739 2409 1785; x_wconf 82' lang='lat'><strong>3.</strong></span> <span class='ocrx_word' id='word_1_651' title='bbox 2431 1737 2571 1799; x_wconf 82' lang='grc' dir='ltr'><strong>Ἐρμ’</strong></span> <span class='ocrx_word' id='word_1_652' title='bbox 2594 1739 2778 1800; x_wconf 80' lang='grc' dir='ltr'><strong>ἱερήων,</strong></span> <span class='ocrx_word' id='word_1_653' title='bbox 2805 1740 2933 1788; x_wconf 79' lang='lat' dir='ltr'><strong>conf.</strong></span> <span class='ocrx_word' id='word_1_654' title='bbox 2959 1751 3038 1801; x_wconf 92' lang='lat' dir='ltr'><strong>ep.</strong></span> <span class='ocrx_word' id='word_1_655' title='bbox 3067 1746 3144 1790; x_wconf 85' lang='grc'><strong>28.</strong></span> <span class='ocrx_word' id='word_1_656' title='bbox 3177 1759 3202 1782; x_wconf 72' lang='grc' dir='ltr'><strong>ιι</strong></span> <span class='ocrx_word' id='word_1_657' title='bbox 3223 1741 3283 1789; x_wconf 83' lang='lat' dir='ltr'><strong>B.</strong></span> <span class='ocrx_word' id='word_1_658' title='bbox 3309 1739 3432 1790; x_wconf 89' lang='lat' dir='ltr'><strong>Cod.</strong></span> 
     </span>
     <span class='ocr_line' id='line_1_70' title="bbox 1879 1799 3432 1873; baseline 0.006 -25"><span class='ocrx_word' id='word_1_659' title='bbox 1879 1799 1973 1849; x_wconf 86' lang='lat' dir='ltr'><strong>hoc</strong></span> <span class='ocrx_word' id='word_1_660' title='bbox 2003 1801 2113 1851; x_wconf 86' lang='grc'><strong>1000</strong></span> <span class='ocrx_word' id='word_1_661' title='bbox 2142 1803 2293 1864; x_wconf 84' lang='grc' dir='ltr'><strong>βοσὶλι</strong></span> <span class='ocrx_word' id='word_1_662' title='bbox 2323 1803 2456 1868; x_wconf 87' lang='lat' dir='ltr'><strong>[sic]</strong></span> <span class='ocrx_word' id='word_1_663' title='bbox 2488 1813 2750 1868; x_wconf 73' lang='grc' dir='ltr'><strong>αχριοτοῖο.</strong></span> <span class='ocrx_word' id='word_1_664' title='bbox 2781 1835 2844 1850; x_wconf 90' lang='lat'><em>-</em></span> <span class='ocrx_word' id='word_1_665' title='bbox 2862 1813 2909 1856; x_wconf 79' lang='lat'><strong>4.</strong></span> <span class='ocrx_word' id='word_1_666' title='bbox 2941 1810 3047 1857; x_wconf 82' lang='lat' dir='ltr'><strong>Jac.</strong></span> <span class='ocrx_word' id='word_1_667' title='bbox 3081 1809 3202 1858; x_wconf 76' lang='lat' dir='ltr'><strong>eiiat</strong></span> <span class='ocrx_word' id='word_1_668' title='bbox 3234 1811 3432 1873; x_wconf 81' lang='lat' dir='ltr'><strong>Gregor.</strong></span> 
     </span>
     <span class='ocr_line' id='line_1_71' title="bbox 1880 1869 3438 1940; baseline 0.005 -22"><span class='ocrx_word' id='word_1_669' title='bbox 1880 1869 2047 1920; x_wconf 75' lang='lat' dir='ltr'><strong>Presb.</strong></span> <span class='ocrx_word' id='word_1_670' title='bbox 2070 1871 2120 1920; x_wconf 91' lang='lat' dir='ltr'><strong>in</strong></span> <span class='ocrx_word' id='word_1_671' title='bbox 2142 1873 2257 1922; x_wconf 77' lang='lat' dir='ltr'><strong>Vita</strong></span> <span class='ocrx_word' id='word_1_672' title='bbox 2273 1873 2516 1924; x_wconf 87' lang='lat' dir='ltr'><strong>dicentem</strong></span> <span class='ocrx_word' id='word_1_673' title='bbox 2541 1875 2605 1925; x_wconf 81' lang='lat' dir='ltr'><strong>de</strong></span> <span class='ocrx_word' id='word_1_674' title='bbox 2633 1879 2777 1940; x_wconf 87' lang='lat' dir='ltr'><strong>Greg.</strong></span> <span class='ocrx_word' id='word_1_675' title='bbox 2797 1879 2931 1936; x_wconf 79' lang='lat' dir='ltr'><strong>st„</strong></span> <span class='ocrx_word' id='word_1_676' title='bbox 2955 1881 3060 1934; x_wconf 80' lang='grc' dir='ltr'><strong>τοὺς</strong></span> <span class='ocrx_word' id='word_1_677' title='bbox 3079 1881 3438 1940; x_wconf 72' lang='grc' dir='ltr'><strong>πολυσχιδιῖ</strong></span> 
     </span>
     <span class='ocr_line' id='line_1_72' title="bbox 1874 1941 3427 2009; baseline 0.004 -21"><span class='ocrx_word' id='word_1_678' title='bbox 1874 1941 2055 2002; x_wconf 52' lang='grc' dir='ltr'><strong>πλάνῃ</strong></span> <span class='ocrx_word' id='word_1_679' title='bbox 2096 1947 2432 2005; x_wconf 71' lang='grc' dir='ltr'><strong>κατεχομένους</strong></span> <span class='ocrx_word' id='word_1_680' title='bbox 2477 1947 2540 2001; x_wconf 82' lang='grc' dir='ltr'><strong>εἰς</strong></span> <span class='ocrx_word' id='word_1_681' title='bbox 2583 1949 2692 2007; x_wconf 79' lang='grc' dir='ltr'><strong>μίαν</strong></span> <span class='ocrx_word' id='word_1_682' title='bbox 2728 1949 2856 2008; x_wconf 84' lang='grc' dir='ltr'><strong>ἄγων</strong></span> <span class='ocrx_word' id='word_1_683' title='bbox 2899 1949 3068 2009; x_wconf 80' lang='grc' dir='ltr'><strong>τρίὸον.</strong></span> <span class='ocrx_word' id='word_1_684' title='bbox 3111 1949 3282 1998; x_wconf 76' lang='lat' dir='ltr'><strong>Latina</strong></span> <span class='ocrx_word' id='word_1_685' title='bbox 3310 1951 3427 1998; x_wconf 86' lang='lat' dir='ltr'><strong>sunt</strong></span> 
     </span>
     <span class='ocr_line' id='line_1_73' title="bbox 1875 2010 3426 2080; baseline 0.006 -21"><span class='ocrx_word' id='word_1_686' title='bbox 1875 2010 2192 2061; x_wconf 84' lang='lat' dir='ltr'><strong>Boissonadii.</strong></span> <span class='ocrx_word' id='word_1_687' title='bbox 2217 2012 2454 2080; x_wconf 82' lang='lat' dir='ltr'><strong>Equidem</strong></span> <span class='ocrx_word' id='word_1_688' title='bbox 2467 2015 2731 2078; x_wconf 78' lang='lat' dir='ltr'><strong>intelligam</strong></span> <span class='ocrx_word' id='word_1_689' title='bbox 2754 2030 2766 2058; x_wconf 90' lang='lat'><strong><em>=</em></strong></span> <span class='ocrx_word' id='word_1_690' title='bbox 2791 2015 3042 2079; x_wconf 74' lang='lat' dir='ltr'><strong>fulcrum,</strong></span> <span class='ocrx_word' id='word_1_691' title='bbox 3067 2017 3188 2068; x_wconf 90' lang='lat' dir='ltr'><strong>dum</strong></span> <span class='ocrx_word' id='word_1_692' title='bbox 3205 2019 3426 2078; x_wconf 54' lang='lat' dir='ltr'><strong>vivebat,</strong></span> 
     </span>
     <span class='ocr_line' id='line_1_74' title="bbox 1874 2080 3434 2152; baseline 0.006 -23"><span class='ocrx_word' id='word_1_693' title='bbox 1874 2080 2224 2143; x_wconf 78' lang='lat' dir='ltr'><strong>sacerdotum,</strong></span> <span class='ocrx_word' id='word_1_694' title='bbox 2244 2095 2412 2140; x_wconf 73' lang='grc' dir='ltr'><strong>πιιπσ,</strong></span> <span class='ocrx_word' id='word_1_695' title='bbox 2433 2088 2544 2146; x_wconf 87' lang='lat' dir='ltr'><strong>post</strong></span> <span class='ocrx_word' id='word_1_696' title='bbox 2571 2088 2671 2134; x_wconf 78' lang='lat' dir='ltr'><strong>tam</strong></span> <span class='ocrx_word' id='word_1_697' title='bbox 2700 2085 3034 2136; x_wconf 74' lang='lat' dir='ltr'><strong>admirabilem</strong></span> <span class='ocrx_word' id='word_1_698' title='bbox 3059 2087 3229 2148; x_wconf 76' lang='lat' dir='ltr'><strong>vitmn,</strong></span> <span class='ocrx_word' id='word_1_699' title='bbox 3260 2093 3434 2152; x_wconf 76' lang='lat' dir='ltr'><strong>maqa‘s</strong></span> 
     </span>
     <span class='ocr_line' id='line_1_75' title="bbox 1875 2151 3432 2269; baseline 0.004 -70"><span class='ocrx_word' id='word_1_700' title='bbox 1875 2153 2058 2269; x_wconf 43' lang='lat' dir='ltr'><strong>{jag}</strong></span> <span class='ocrx_word' id='word_1_701' title='bbox 2078 2151 2314 2215; x_wconf 77' lang='lat' dir='ltr'><strong>fulcrum</strong></span> <span class='ocrx_word' id='word_1_702' title='bbox 2342 2155 2582 2203; x_wconf 68' lang='lat' dir='ltr'><strong>veritatis</strong></span> <span class='ocrx_word' id='word_1_703' title='bbox 2616 2155 2873 2204; x_wconf 75' lang='lat' dir='ltr'><strong>contrariis</strong></span> <span class='ocrx_word' id='word_1_704' title='bbox 2911 2156 3166 2207; x_wconf 83' lang='lat' dir='ltr'><strong>sententiis</strong></span> <span class='ocrx_word' id='word_1_705' title='bbox 3201 2159 3432 2208; x_wconf 63' lang='lat' dir='ltr'><strong>inultum</strong></span> 
     </span>
    </p>

    <p class='ocr_par' dir='ltr' id='par_1_14' title="bbox 1912 2233 2075 2270">
     <span class='ocr_line' id='line_1_76' title="bbox 1912 2233 2075 2270; baseline 0 -1"><span class='ocrx_word' id='word_1_706' title='bbox 1912 2233 1970 2270; x_wconf 73' lang='lat' dir='ltr'><strong>:v</strong></span> <span class='ocrx_word' id='word_1_707' title='bbox 2061 2255 2075 2269; x_wconf 94' lang='lat'><strong>.</strong></span> 
     </span>
    </p>
   </div>
   <div class='ocr_carea' id='block_1_14' title="bbox 1866 2365 3436 3341">
    <p class='ocr_par' dir='ltr' id='par_1_15' title="bbox 1866 2365 3436 3341">
     <span class='ocr_line' id='line_1_77' title="bbox 1937 2365 3436 2430; baseline 0.002 -17"><span class='ocrx_word' id='word_1_708' title='bbox 1937 2367 2074 2415; x_wconf 77' lang='lat' dir='ltr'><strong>vlu.</strong></span> <span class='ocrx_word' id='word_1_709' title='bbox 2105 2366 2290 2414; x_wconf 89' lang='lat' dir='ltr'><strong>lterum</strong></span> <span class='ocrx_word' id='word_1_710' title='bbox 2319 2365 2370 2414; x_wconf 89' lang='lat' dir='ltr'><strong>in</strong></span> <span class='ocrx_word' id='word_1_711' title='bbox 2398 2377 2506 2429; x_wconf 77' lang='lat' dir='ltr'><strong>cap.</strong></span> <span class='ocrx_word' id='word_1_712' title='bbox 2526 2367 2632 2416; x_wconf 79' lang='lat' dir='ltr'><strong>XV.</strong></span> <span class='ocrx_word' id='word_1_713' title='bbox 2653 2393 2716 2408; x_wconf 86' lang='lat'><strong>·—</strong></span> <span class='ocrx_word' id='word_1_714' title='bbox 2745 2370 2764 2415; x_wconf 89' lang='lat'>1</span> <span class='ocrx_word' id='word_1_715' title='bbox 2794 2367 2919 2424; x_wconf 75' lang='grc' dir='ltr'><strong>ξῠνος</strong></span> <span class='ocrx_word' id='word_1_716' title='bbox 2938 2365 3079 2425; x_wconf 83' lang='grc'><strong>000.,</strong></span> <span class='ocrx_word' id='word_1_717' title='bbox 3110 2366 3272 2430; x_wconf 87' lang='lat' dir='ltr'><strong>priore</strong></span> <span class='ocrx_word' id='word_1_718' title='bbox 3302 2370 3436 2417; x_wconf 81' lang='lat' dir='ltr'><strong>certe</strong></span> 
     </span>
     <span class='ocr_line' id='line_1_78' title="bbox 1872 2433 3435 2500; baseline -0.001 -16"><span class='ocrx_word' id='word_1_719' title='bbox 1872 2433 2008 2494; x_wconf 76' lang='grc' dir='ltr'><strong>100ος</strong></span> <span class='ocrx_word' id='word_1_720' title='bbox 2037 2437 2170 2498; x_wconf 77' lang='grc' dir='ltr'><strong>μῦθοι</strong></span> <span class='ocrx_word' id='word_1_721' title='bbox 2198 2435 2384 2494; x_wconf 79' lang='grc' dir='ltr'><strong>01101·ος</strong></span> <span class='ocrx_word' id='word_1_722' title='bbox 2408 2435 2538 2496; x_wconf 80' lang='grc' dir='ltr'><strong>λόγοι</strong></span> <span class='ocrx_word' id='word_1_723' title='bbox 2559 2436 2609 2485; x_wconf 86' lang='grc'><strong>111</strong></span> <span class='ocrx_word' id='word_1_724' title='bbox 2630 2437 2756 2500; x_wconf 87' lang='lat' dir='ltr'><strong>Opp.</strong></span> <span class='ocrx_word' id='word_1_725' title='bbox 2784 2439 2824 2487; x_wconf 86' lang='grc'><strong>1.</strong></span> <span class='ocrx_word' id='word_1_726' title='bbox 2843 2438 2912 2485; x_wconf 89' lang='grc'><strong>11.</strong></span> <span class='ocrx_word' id='word_1_727' title='bbox 2946 2449 2996 2500; x_wconf 91' lang='lat' dir='ltr'><strong>p.</strong></span> <span class='ocrx_word' id='word_1_728' title='bbox 3026 2440 3145 2496; x_wconf 82' lang='lat'>253,·</span> <span class='ocrx_word' id='word_1_729' title='bbox 3163 2437 3308 2494; x_wconf 80' lang='lat' dir='ltr'><strong>B‚ex</strong></span> <span class='ocrx_word' id='word_1_730' title='bbox 3329 2439 3435 2484; x_wconf 80' lang='grc' dir='ltr'><strong>Μο-</strong></span> 
     </span>
     <span class='ocr_line' id='line_1_79' title="bbox 1872 2505 3408 2570; baseline 0.001 -16"><span class='ocrx_word' id='word_1_731' title='bbox 1872 2505 1979 2556; x_wconf 86' lang='lat' dir='ltr'><strong>relli</strong></span> <span class='ocrx_word' id='word_1_732' title='bbox 2013 2505 2336 2564; x_wconf 84' lang='lat' dir='ltr'><strong>correctione,</strong></span> <span class='ocrx_word' id='word_1_733' title='bbox 2357 2509 2416 2556; x_wconf 90' lang='lat' dir='ltr'><strong>ut</strong></span> <span class='ocrx_word' id='word_1_734' title='bbox 2442 2508 2575 2556; x_wconf 86' lang='lat' dir='ltr'><strong>recte</strong></span> <span class='ocrx_word' id='word_1_735' title='bbox 2597 2507 2771 2557; x_wconf 76' lang='lat' dir='ltr'><strong>statuit</strong></span> <span class='ocrx_word' id='word_1_736' title='bbox 2798 2509 2924 2568; x_wconf 72' lang='lat' dir='ltr'><strong>sse..</strong></span> <span class='ocrx_word' id='word_1_737' title='bbox 2952 2521 3104 2570; x_wconf 89' lang='lat' dir='ltr'><strong>quem</strong></span> <span class='ocrx_word' id='word_1_738' title='bbox 3133 2506 3246 2556; x_wconf 81' lang='lat' dir='ltr'><strong>vide</strong></span> <span class='ocrx_word' id='word_1_739' title='bbox 3271 2506 3334 2556; x_wconf 87' lang='lat' dir='ltr'><strong>de</strong></span> <span class='ocrx_word' id='word_1_740' title='bbox 3357 2507 3408 2555; x_wconf 88' lang='lat' dir='ltr'><strong>in</strong></span> 
     </span>
     <span class='ocr_line' id='line_1_80' title="bbox 1873 2575 3436 2640; baseline 0 -15"><span class='ocrx_word' id='word_1_741' title='bbox 1873 2575 2081 2639; x_wconf 77' lang='lat' dir='ltr'><strong>cipiente</strong></span> <span class='ocrx_word' id='word_1_742' title='bbox 2119 2575 2213 2625; x_wconf 90' lang='grc'><strong>1100</strong></span> <span class='ocrx_word' id='word_1_743' title='bbox 2243 2575 2462 2625; x_wconf 77' lang='lat' dir='ltr'><strong>barbarie</strong></span> <span class='ocrx_word' id='word_1_744' title='bbox 2485 2589 2565 2640; x_wconf 78' lang='lat' dir='ltr'><strong>ap.</strong></span> <span class='ocrx_word' id='word_1_745' title='bbox 2603 2576 2904 2640; x_wconf 85' lang='lat' dir='ltr'><strong>Gregorium.</strong></span> <span class='ocrx_word' id='word_1_746' title='bbox 2937 2595 2962 2620; x_wconf 71' lang='grc' dir='ltr'><strong>«ι</strong></span> <span class='ocrx_word' id='word_1_747' title='bbox 2993 2575 3288 2625; x_wconf 79' lang='lat' dir='ltr'><strong>Murstorius</strong></span> <span class='ocrx_word' id='word_1_748' title='bbox 3327 2576 3436 2626; x_wconf 74' lang='lat' dir='ltr'><strong>haec</strong></span> 
     </span>
     <span class='ocr_line' id='line_1_81' title="bbox 1870 2644 3436 2709; baseline 0.001 -15"><span class='ocrx_word' id='word_1_749' title='bbox 1870 2647 1921 2695; x_wconf 90' lang='lat' dir='ltr'><strong>et</strong></span> <span class='ocrx_word' id='word_1_750' title='bbox 1947 2646 2040 2694; x_wconf 83' lang='grc'><strong>0110</strong></span> <span class='ocrx_word' id='word_1_751' title='bbox 2059 2646 2206 2709; x_wconf 86' lang='lat' dir='ltr'><strong>hujus</strong></span> <span class='ocrx_word' id='word_1_752' title='bbox 2235 2646 2428 2708; x_wconf 82' lang='lat' dir='ltr'><strong>generis</strong></span> <span class='ocrx_word' id='word_1_753' title='bbox 2452 2645 2516 2695; x_wconf 87' lang='grc'><strong>00</strong></span> <span class='ocrx_word' id='word_1_754' title='bbox 2543 2647 3018 2708; x_wconf 71' lang='lat' dir='ltr'><strong>Cappadoci-rmum</strong></span> <span class='ocrx_word' id='word_1_755' title='bbox 3047 2644 3290 2709; x_wconf 77' lang='lat' dir='ltr'><strong>quendem</strong></span> <span class='ocrx_word' id='word_1_756' title='bbox 3310 2647 3436 2696; x_wconf 72' lang='lat' dir='ltr'><strong>refe·</strong></span> 
     </span>
     <span class='ocr_line' id='line_1_82' title="bbox 1870 2714 3430 2779; baseline 0.001 -14"><span class='ocrx_word' id='word_1_757' title='bbox 1870 2716 2025 2765; x_wconf 77' lang='lat' dir='ltr'><strong>rebat.</strong></span> <span class='ocrx_word' id='word_1_758' title='bbox 2053 2719 2126 2764; x_wconf 90' lang='lat' dir='ltr'><strong>De</strong></span> <span class='ocrx_word' id='word_1_759' title='bbox 2153 2716 2414 2776; x_wconf 79' lang='lat' dir='ltr'><strong>Pausania,</strong></span> <span class='ocrx_word' id='word_1_760' title='bbox 2433 2715 2630 2765; x_wconf 86' lang='lat' dir='ltr'><strong>rhetore</strong></span> <span class='ocrx_word' id='word_1_761' title='bbox 2648 2715 2952 2779; x_wconf 80' lang='lat' dir='ltr'><strong>cappadoce,</strong></span> <span class='ocrx_word' id='word_1_762' title='bbox 2985 2714 3312 2765; x_wconf 81' lang='lat' dir='ltr'><strong>Philostratus</strong></span> <span class='ocrx_word' id='word_1_763' title='bbox 3331 2717 3430 2767; x_wconf 79' lang='lat' dir='ltr'><strong>Vit.</strong></span> 
     </span>
     <span class='ocr_line' id='line_1_83' title="bbox 1871 2787 3426 2850; baseline -0.001 -14"><span class='ocrx_word' id='word_1_764' title='bbox 1871 2789 2018 2849; x_wconf 69' lang='lat' dir='ltr'><strong>Soph.</strong></span> <span class='ocrx_word' id='word_1_765' title='bbox 2051 2791 2118 2842; x_wconf 83' lang='lat'><strong>11.</strong></span> <span class='ocrx_word' id='word_1_766' title='bbox 2159 2790 2231 2842; x_wconf 86' lang='grc'><strong>13,</strong></span> <span class='ocrx_word' id='word_1_767' title='bbox 2253 2799 2302 2849; x_wconf 87' lang='lat' dir='ltr'><strong>p.</strong></span> <span class='ocrx_word' id='word_1_768' title='bbox 2329 2790 2416 2837; x_wconf 74' lang='lat'><strong>5⁹4</strong></span> <span class='ocrx_word' id='word_1_769' title='bbox 2443 2804 2455 2835; x_wconf 86' lang='lat'><strong>:</strong></span> <span class='ocrx_word' id='word_1_770' title='bbox 2477 2789 2726 2848; x_wconf 55' lang='grc' dir='ltr'><strong>ἀπήγγειλε</strong></span> <span class='ocrx_word' id='word_1_771' title='bbox 2745 2789 2794 2836; x_wconf 86' lang='grc' dir='ltr'><strong>δὲ</strong></span> <span class='ocrx_word' id='word_1_772' title='bbox 2814 2787 2932 2835; x_wconf 77' lang='grc' dir='ltr'><strong>αὐτὰ</strong></span> <span class='ocrx_word' id='word_1_773' title='bbox 2950 2787 3124 2850; x_wconf 74' lang='grc' dir='ltr'><strong>παχείᾳ</strong></span> <span class='ocrx_word' id='word_1_774' title='bbox 3141 2793 3200 2848; x_wconf 77' lang='grc' dir='ltr'><strong>τῇ</strong></span> <span class='ocrx_word' id='word_1_775' title='bbox 3223 2788 3426 2849; x_wconf 76' lang='grc' dir='ltr'><strong>γλώττῃ,</strong></span> 
     </span>
     <span class='ocr_line' id='line_1_84' title="bbox 1869 2859 3428 2922; baseline 0.001 -15"><span class='ocrx_word' id='word_1_776' title='bbox 1869 2861 1969 2918; x_wconf 80' lang='grc' dir='ltr'><strong>καὶ,</strong></span> <span class='ocrx_word' id='word_1_777' title='bbox 1993 2863 2068 2915; x_wconf 82' lang='grc' dir='ltr'><strong>ὡς</strong></span> <span class='ocrx_word' id='word_1_778' title='bbox 2096 2859 2524 2915; x_wconf 76' lang='grc' dir='ltr'><strong>Καππαδόκαις</strong></span> <span class='ocrx_word' id='word_1_779' title='bbox 2549 2861 2811 2919; x_wconf 79' lang='grc' dir='ltr'><strong>ξυνῆθες,</strong></span> <span class='ocrx_word' id='word_1_780' title='bbox 2832 2859 3093 2921; x_wconf 79' lang='grc' dir='ltr'><strong>ξυγκροῦων</strong></span> <span class='ocrx_word' id='word_1_781' title='bbox 3116 2859 3198 2918; x_wconf 78' lang='grc' dir='ltr'><strong>μὲν</strong></span> <span class='ocrx_word' id='word_1_782' title='bbox 3229 2859 3289 2907; x_wconf 84' lang='grc' dir='ltr'><strong>τὰ</strong></span> <span class='ocrx_word' id='word_1_783' title='bbox 3316 2859 3428 2922; x_wconf 75' lang='grc' dir='ltr'><strong>ξύμ·</strong></span> 
     </span>
     <span class='ocr_line' id='line_1_85' title="bbox 1869 2928 3430 2993; baseline -0.001 -17"><span class='ocrx_word' id='word_1_784' title='bbox 1869 2946 1999 2989; x_wconf 83' lang='grc' dir='ltr'><strong>φωνα</strong></span> <span class='ocrx_word' id='word_1_785' title='bbox 2017 2934 2110 2977; x_wconf 85' lang='grc' dir='ltr'><strong>τῶν</strong></span> <span class='ocrx_word' id='word_1_786' title='bbox 2131 2931 2392 2993; x_wconf 83' lang='grc' dir='ltr'><strong>στοιχείων,</strong></span> <span class='ocrx_word' id='word_1_787' title='bbox 2423 2931 2686 2978; x_wconf 77' lang='grc' dir='ltr'><strong>συστέλλων</strong></span> <span class='ocrx_word' id='word_1_788' title='bbox 2717 2930 2766 2977; x_wconf 80' lang='grc' dir='ltr'><strong>δὲ</strong></span> <span class='ocrx_word' id='word_1_789' title='bbox 2795 2930 2855 2977; x_wconf 81' lang='grc' dir='ltr'><strong>τὰ</strong></span> <span class='ocrx_word' id='word_1_790' title='bbox 2883 2928 3201 2990; x_wconf 82' lang='grc' dir='ltr'><strong>μηκυνόμενα,</strong></span> <span class='ocrx_word' id='word_1_791' title='bbox 3229 2930 3308 2977; x_wconf 73' lang='grc' dir='ltr'><strong>καί</strong></span> <span class='ocrx_word' id='word_1_792' title='bbox 3339 2948 3430 2989; x_wconf 82' lang='grc' dir='ltr'><strong>μη-</strong></span> 
     </span>
     <span class='ocr_line' id='line_1_86' title="bbox 1868 2996 3433 3061; baseline 0.001 -17"><span class='ocrx_word' id='word_1_793' title='bbox 1868 2998 2020 3045; x_wconf 78' lang='grc' dir='ltr'><strong>κύνων</strong></span> <span class='ocrx_word' id='word_1_794' title='bbox 2048 3000 2108 3046; x_wconf 82' lang='grc' dir='ltr'><strong>τὰ</strong></span> <span class='ocrx_word' id='word_1_795' title='bbox 2151 2998 2345 3061; x_wconf 79' lang='grc' dir='ltr'><strong>βραχέα.</strong></span> <span class='ocrx_word' id='word_1_796' title='bbox 2369 3014 2394 3040; x_wconf 68' lang='grc' dir='ltr'><strong>υ</strong></span> <span class='ocrx_word' id='word_1_797' title='bbox 2424 3000 2533 3046; x_wconf 79' lang='lat' dir='ltr'><strong>Jac.</strong></span> <span class='ocrx_word' id='word_1_798' title='bbox 2578 2996 2642 3047; x_wconf 70' lang='lat' dir='ltr'><strong>ad</strong></span> <span class='ocrx_word' id='word_1_799' title='bbox 2682 2996 2831 3060; x_wconf 80' lang='lat' dir='ltr'><strong>epigr.</strong></span> <span class='ocrx_word' id='word_1_800' title='bbox 2873 3001 2950 3047; x_wconf 79' lang='lat'><strong>93.</strong></span> <span class='ocrx_word' id='word_1_801' title='bbox 3002 3016 3026 3039; x_wconf 71' lang='grc' dir='ltr'><strong>α</strong></span> <span class='ocrx_word' id='word_1_802' title='bbox 3055 2998 3196 3045; x_wconf 81' lang='lat' dir='ltr'><strong>Cons.</strong></span> <span class='ocrx_word' id='word_1_803' title='bbox 3229 2998 3331 3046; x_wconf 79' lang='lat' dir='ltr'><strong>not.</strong></span> <span class='ocrx_word' id='word_1_804' title='bbox 3368 2998 3433 3046; x_wconf 79' lang='lat' dir='ltr'><strong>ad</strong></span> 
     </span>
     <span class='ocr_line' id='line_1_87' title="bbox 1867 3065 3432 3130; baseline 0 -15"><span class='ocrx_word' id='word_1_805' title='bbox 1867 3066 2084 3130; x_wconf 87' lang='lat' dir='ltr'><strong>Theoph.</strong></span> <span class='ocrx_word' id='word_1_806' title='bbox 2115 3067 2291 3117; x_wconf 89' lang='lat' dir='ltr'><strong>Simoc.</strong></span> <span class='ocrx_word' id='word_1_807' title='bbox 2323 3067 2476 3129; x_wconf 85' lang='lat' dir='ltr'><strong>Epist.</strong></span> <span class='ocrx_word' id='word_1_808' title='bbox 2513 3080 2564 3129; x_wconf 90' lang='lat' dir='ltr'><strong>p.</strong></span> <span class='ocrx_word' id='word_1_809' title='bbox 2603 3070 2713 3125; x_wconf 80' lang='grc'><strong>236,</strong></span> <span class='ocrx_word' id='word_1_810' title='bbox 2745 3066 2830 3115; x_wconf 85' lang='lat' dir='ltr'><strong>uhi</strong></span> <span class='ocrx_word' id='word_1_811' title='bbox 2862 3066 3064 3129; x_wconf 78' lang='lat' dir='ltr'><strong>apposui</strong></span> <span class='ocrx_word' id='word_1_812' title='bbox 3089 3065 3276 3116; x_wconf 74' lang='lat' dir='ltr'><strong>Nicetae</strong></span> <span class='ocrx_word' id='word_1_813' title='bbox 3297 3080 3432 3129; x_wconf 77' lang='lat' dir='ltr'><strong>para-</strong></span> 
     </span>
     <span class='ocr_line' id='line_1_88' title="bbox 1867 3135 3429 3199; baseline 0.002 -16"><span class='ocrx_word' id='word_1_814' title='bbox 1867 3137 2099 3199; x_wconf 78' lang='lat' dir='ltr'><strong>phrasim.</strong></span> <span class='ocrx_word' id='word_1_815' title='bbox 2117 3164 2178 3174; x_wconf 89' lang='lat'>—</span> <span class='ocrx_word' id='word_1_816' title='bbox 2200 3145 2227 3188; x_wconf 90' lang='lat'><strong>2</strong></span> <span class='ocrx_word' id='word_1_817' title='bbox 2246 3138 2400 3195; x_wconf 78' lang='grc' dir='ltr'><strong>τηλὸθι</strong></span> <span class='ocrx_word' id='word_1_818' title='bbox 2415 3136 2538 3186; x_wconf 81' lang='lat' dir='ltr'><strong>cod.</strong></span> <span class='ocrx_word' id='word_1_819' title='bbox 2556 3136 2848 3197; x_wconf 80' lang='grc' dir='ltr'><strong>011οω1000,</strong></span> <span class='ocrx_word' id='word_1_820' title='bbox 2879 3139 2932 3185; x_wconf 87' lang='lat' dir='ltr'><strong>et</strong></span> <span class='ocrx_word' id='word_1_821' title='bbox 2946 3135 3060 3185; x_wconf 84' lang='lat' dir='ltr'><strong>cod.</strong></span> <span class='ocrx_word' id='word_1_822' title='bbox 3090 3137 3207 3199; x_wconf 83' lang='lat' dir='ltr'><strong>Reg.</strong></span> <span class='ocrx_word' id='word_1_823' title='bbox 3233 3140 3343 3187; x_wconf 85' lang='grc'><strong>993.</strong></span> <span class='ocrx_word' id='word_1_824' title='bbox 3364 3164 3429 3173; x_wconf 95' lang='grc'>-</span> 
     </span>
     <span class='ocr_line' id='line_1_89' title="bbox 1867 3207 3424 3270; baseline -0.003 -11"><span class='ocrx_word' id='word_1_825' title='bbox 1867 3214 1897 3259; x_wconf 88' lang='grc'><strong>3</strong></span> <span class='ocrx_word' id='word_1_826' title='bbox 1942 3210 2040 3258; x_wconf 73' lang='grc' dir='ltr'><strong>ἴστε</strong></span> <span class='ocrx_word' id='word_1_827' title='bbox 2083 3209 2204 3259; x_wconf 81' lang='lat' dir='ltr'><strong>eod.</strong></span> <span class='ocrx_word' id='word_1_828' title='bbox 2247 3207 2522 3270; x_wconf 79' lang='lat' dir='ltr'><strong>utrobique,</strong></span> <span class='ocrx_word' id='word_1_829' title='bbox 2555 3210 2606 3257; x_wconf 82' lang='lat' dir='ltr'><strong>et</strong></span> <span class='ocrx_word' id='word_1_830' title='bbox 2631 3207 2710 3257; x_wconf 84' lang='lat' dir='ltr'><strong>hic</strong></span> <span class='ocrx_word' id='word_1_831' title='bbox 2749 3208 2830 3264; x_wconf 80' lang='grc' dir='ltr'><strong>ὥς.</strong></span> <span class='ocrx_word' id='word_1_832' title='bbox 2863 3210 2978 3270; x_wconf 77' lang='lat' dir='ltr'><strong>Reg-</strong></span> <span class='ocrx_word' id='word_1_833' title='bbox 3034 3210 3152 3256; x_wconf 81' lang='grc'><strong>1700</strong></span> <span class='ocrx_word' id='word_1_834' title='bbox 3179 3209 3424 3257; x_wconf 77' lang='grc' dir='ltr'><strong>ποθέεσκε.</strong></span> 
     </span>
     <span class='ocr_line' id='line_1_90' title="bbox 1866 3278 2424 3341; baseline 0.002 -16"><span class='ocrx_word' id='word_1_835' title='bbox 1866 3278 2006 3325; x_wconf 75' lang='lat' dir='ltr'><strong>Cous.</strong></span> <span class='ocrx_word' id='word_1_836' title='bbox 2033 3291 2111 3341; x_wconf 88' lang='lat' dir='ltr'><strong>cp.</strong></span> <span class='ocrx_word' id='word_1_837' title='bbox 2136 3282 2214 3339; x_wconf 92' lang='grc'><strong>29,</strong></span> <span class='ocrx_word' id='word_1_838' title='bbox 2243 3283 2289 3327; x_wconf 83' lang='grc'><strong>0.</strong></span> <span class='ocrx_word' id='word_1_839' title='bbox 2312 3298 2335 3321; x_wconf 73' lang='grc' dir='ltr'><strong>ι»</strong></span> <span class='ocrx_word' id='word_1_840' title='bbox 2363 3278 2424 3326; x_wconf 84' lang='grc' dir='ltr'><strong>Β.</strong></span> 
     </span>
    </p>
   </div>
   <div class='ocr_carea' id='block_1_15' title="bbox 1862 3416 3426 3971">
    <p class='ocr_par' dir='ltr' id='par_1_16' title="bbox 1862 3416 3426 3971">
     <span class='ocr_line' id='line_1_91' title="bbox 1929 3416 3426 3481; baseline 0.001 -14"><span class='ocrx_word' id='word_1_841' title='bbox 1929 3418 2008 3467; x_wconf 66' lang='lat' dir='ltr'><strong>IX.</strong></span> <span class='ocrx_word' id='word_1_842' title='bbox 2030 3418 2216 3467; x_wconf 90' lang='lat' dir='ltr'><strong>Iterum</strong></span> <span class='ocrx_word' id='word_1_843' title='bbox 2244 3418 2293 3466; x_wconf 90' lang='lat' dir='ltr'><strong>in</strong></span> <span class='ocrx_word' id='word_1_844' title='bbox 2321 3430 2428 3481; x_wconf 82' lang='lat' dir='ltr'><strong>cap.</strong></span> <span class='ocrx_word' id='word_1_845' title='bbox 2449 3420 2554 3468; x_wconf 77' lang='lat' dir='ltr'><strong>XV.</strong></span> <span class='ocrx_word' id='word_1_846' title='bbox 2579 3424 2676 3467; x_wconf 84' lang='lat'><strong>—1</strong></span> <span class='ocrx_word' id='word_1_847' title='bbox 2701 3418 2853 3481; x_wconf 71' lang='grc' dir='ltr'><strong>ᾶῑσμα</strong></span> <span class='ocrx_word' id='word_1_848' title='bbox 2878 3416 3000 3467; x_wconf 82' lang='grc'><strong>000.</strong></span> <span class='ocrx_word' id='word_1_849' title='bbox 3031 3418 3184 3468; x_wconf 79' lang='lat' dir='ltr'><strong>altero</strong></span> <span class='ocrx_word' id='word_1_850' title='bbox 3210 3417 3316 3465; x_wconf 86' lang='grc'><strong>1000</strong></span> <span class='ocrx_word' id='word_1_851' title='bbox 3335 3456 3348 3477; x_wconf 91' lang='grc'><strong>,</strong></span> <span class='ocrx_word' id='word_1_852' title='bbox 3375 3422 3426 3468; x_wconf 87' lang='lat' dir='ltr'><strong>et</strong></span> 
     </span>
     <span class='ocr_line' id='line_1_92' title="bbox 1868 3486 3424 3551; baseline -0.002 -14"><span class='ocrx_word' id='word_1_853' title='bbox 1868 3488 1909 3537; x_wconf 80' lang='grc' dir='ltr'><strong>ὦ</strong></span> <span class='ocrx_word' id='word_1_854' title='bbox 1937 3488 2192 3538; x_wconf 88' lang='lat' dir='ltr'><strong>omissum.</strong></span> <span class='ocrx_word' id='word_1_855' title='bbox 2219 3515 2278 3526; x_wconf 92' lang='lat'>—</span> <span class='ocrx_word' id='word_1_856' title='bbox 2302 3495 2348 3538; x_wconf 90' lang='lat'><strong>2.</strong></span> <span class='ocrx_word' id='word_1_857' title='bbox 2378 3508 2402 3531; x_wconf 77' lang='grc' dir='ltr'><em>α</em></span> <span class='ocrx_word' id='word_1_858' title='bbox 2429 3491 2503 3539; x_wconf 88' lang='lat' dir='ltr'><strong>De</strong></span> <span class='ocrx_word' id='word_1_859' title='bbox 2520 3488 2804 3551; x_wconf 76' lang='lat' dir='ltr'><strong>metaphora</strong></span> <span class='ocrx_word' id='word_1_860' title='bbox 2821 3500 2935 3549; x_wconf 80' lang='lat' dir='ltr'><strong>quae</strong></span> <span class='ocrx_word' id='word_1_861' title='bbox 2958 3486 3095 3536; x_wconf 87' lang='lat' dir='ltr'><strong>estin</strong></span> <span class='ocrx_word' id='word_1_862' title='bbox 3121 3498 3242 3535; x_wconf 86' lang='lat' dir='ltr'><strong>voce</strong></span> <span class='ocrx_word' id='word_1_863' title='bbox 3261 3486 3424 3547; x_wconf 75' lang='grc' dir='ltr'><strong>βρονιὴ</strong></span> 
     </span>
     <span class='ocr_line' id='line_1_93' title="bbox 1866 3554 3424 3619; baseline -0.001 -13"><span class='ocrx_word' id='word_1_864' title='bbox 1866 3558 1981 3607; x_wconf 74' lang='lat' dir='ltr'><strong>vnde</strong></span> <span class='ocrx_word' id='word_1_865' title='bbox 1997 3560 2262 3609; x_wconf 84' lang='lat' dir='ltr'><strong>Burmann.</strong></span> <span class='ocrx_word' id='word_1_866' title='bbox 2293 3556 2358 3608; x_wconf 85' lang='grc'><strong>00</strong></span> <span class='ocrx_word' id='word_1_867' title='bbox 2384 3559 2580 3608; x_wconf 87' lang='lat' dir='ltr'><strong>Petron.</strong></span> <span class='ocrx_word' id='word_1_868' title='bbox 2620 3564 2667 3617; x_wconf 85' lang='grc'><strong>2,</strong></span> <span class='ocrx_word' id='word_1_869' title='bbox 2703 3572 2751 3619; x_wconf 91' lang='lat' dir='ltr'><strong>p.</strong></span> <span class='ocrx_word' id='word_1_870' title='bbox 2781 3561 2835 3606; x_wconf 90' lang='grc'><strong>13</strong></span> <span class='ocrx_word' id='word_1_871' title='bbox 2855 3559 3012 3613; x_wconf 74' lang='grc' dir='ltr'><strong>0114ς</strong></span> <span class='ocrx_word' id='word_1_872' title='bbox 3035 3554 3199 3605; x_wconf 78' lang='lat' dir='ltr'><strong>Lexic.</strong></span> <span class='ocrx_word' id='word_1_873' title='bbox 3237 3556 3424 3605; x_wconf 85' lang='lat' dir='ltr'><strong>Ernesti</strong></span> 
     </span>
     <span class='ocr_line' id='line_1_94' title="bbox 1867 3622 3420 3690; baseline -0.006 -12"><span class='ocrx_word' id='word_1_874' title='bbox 1867 3627 2128 3690; x_wconf 78' lang='lat' dir='ltr'><strong>technolog</strong></span> <span class='ocrx_word' id='word_1_875' title='bbox 2165 3627 2666 3689; x_wconf 78' lang='grc' dir='ltr'><strong>ἰιιἘπιστράπτεσθαι.</strong></span> <span class='ocrx_word' id='word_1_876' title='bbox 2697 3626 2994 3675; x_wconf 85' lang='lat' dir='ltr'><strong>Prudentius</strong></span> <span class='ocrx_word' id='word_1_877' title='bbox 3019 3624 3080 3675; x_wconf 89' lang='lat' dir='ltr'><strong>de</strong></span> <span class='ocrx_word' id='word_1_878' title='bbox 3093 3622 3420 3686; x_wconf 79' lang='lat' dir='ltr'><strong>symmacho:</strong></span> 
     </span>
     <span class='ocr_line' id='line_1_95' title="bbox 1868 3694 3421 3760; baseline -0.003 -15"><span class='ocrx_word' id='word_1_879' title='bbox 1868 3710 1970 3760; x_wconf 80' lang='lat' dir='ltr'><strong>quo</strong></span> <span class='ocrx_word' id='word_1_880' title='bbox 2005 3710 2150 3747; x_wconf 55' lang='lat' dir='ltr'><strong>&#39;runc</strong></span> <span class='ocrx_word' id='word_1_881' title='bbox 2183 3710 2334 3746; x_wconf 79' lang='lat' dir='ltr'><strong>nemo</strong></span> <span class='ocrx_word' id='word_1_882' title='bbox 2381 3694 2627 3746; x_wconf 77' lang='lat' dir='ltr'><strong>disertior</strong></span> <span class='ocrx_word' id='word_1_883' title='bbox 2665 3695 2920 3757; x_wconf 70' lang='lat' dir='ltr'><strong>exsultat,</strong></span> <span class='ocrx_word' id='word_1_884' title='bbox 2951 3694 3147 3759; x_wconf 75' lang='lat' dir='ltr'><strong>fremit,</strong></span> <span class='ocrx_word' id='word_1_885' title='bbox 3187 3708 3421 3751; x_wconf 54' lang='lat' dir='ltr'><strong>neroni-n</strong></span> 
     </span>
     <span class='ocr_line' id='line_1_96' title="bbox 1866 3766 3424 3830; baseline -0.002 -15"><span class='ocrx_word' id='word_1_886' title='bbox 1866 3768 1952 3817; x_wconf 86' lang='lat' dir='ltr'><strong>noi</strong></span> <span class='ocrx_word' id='word_1_887' title='bbox 1982 3768 2249 3830; x_wconf 81' lang='lat' dir='ltr'><strong>Gangraeus</strong></span> <span class='ocrx_word' id='word_1_888' title='bbox 2265 3779 2311 3829; x_wconf 94' lang='lat' dir='ltr'><strong>p.</strong></span> <span class='ocrx_word' id='word_1_889' title='bbox 2340 3769 2442 3816; x_wconf 81' lang='grc'><strong>140.</strong></span> <span class='ocrx_word' id='word_1_890' title='bbox 2461 3766 2759 3815; x_wconf 80' lang='lat' dir='ltr'><strong>Claudianus</strong></span> <span class='ocrx_word' id='word_1_891' title='bbox 2777 3766 2928 3828; x_wconf 85' lang='lat' dir='ltr'><strong>Epist.</strong></span> <span class='ocrx_word' id='word_1_892' title='bbox 2959 3768 3046 3825; x_wconf 86' lang='lat' dir='ltr'><strong>III,</strong></span> <span class='ocrx_word' id='word_1_893' title='bbox 3076 3771 3104 3815; x_wconf 74' lang='lat'>4</span> <span class='ocrx_word' id='word_1_894' title='bbox 3131 3780 3142 3806; x_wconf 70' lang='grc' dir='ltr'><strong><em>τ</em></strong></span> <span class='ocrx_word' id='word_1_895' title='bbox 3168 3766 3424 3815; x_wconf 73' lang='lat' dir='ltr'><strong>Carmina</strong></span> 
     </span>
     <span class='ocr_line' id='line_1_97' title="bbox 1863 3834 3420 3899; baseline -0.003 -12"><span class='ocrx_word' id='word_1_896' title='bbox 1863 3850 1956 3887; x_wconf 72' lang='lat' dir='ltr'><strong>seu.</strong></span> <span class='ocrx_word' id='word_1_897' title='bbox 1985 3836 2195 3899; x_wconf 75' lang='lat' dir='ltr'><strong>fundis,</strong></span> <span class='ocrx_word' id='word_1_898' title='bbox 2218 3848 2310 3885; x_wconf 74' lang='lat' dir='ltr'><strong>seu</strong></span> <span class='ocrx_word' id='word_1_899' title='bbox 2339 3838 2592 3885; x_wconf 73' lang='lat' dir='ltr'><strong>Cicerone</strong></span> <span class='ocrx_word' id='word_1_900' title='bbox 2620 3840 2781 3886; x_wconf 72' lang='lat' dir='ltr'><strong>tonas.</strong></span> <span class='ocrx_word' id='word_1_901' title='bbox 2815 3835 2886 3885; x_wconf 88' lang='lat' dir='ltr'><strong>lbi</strong></span> <span class='ocrx_word' id='word_1_902' title='bbox 2907 3835 3072 3885; x_wconf 78' lang='lat' dir='ltr'><strong>Barth.</strong></span> <span class='ocrx_word' id='word_1_903' title='bbox 3095 3838 3166 3885; x_wconf 88' lang='lat' dir='ltr'><strong>De</strong></span> <span class='ocrx_word' id='word_1_904' title='bbox 3188 3834 3420 3897; x_wconf 84' lang='lat' dir='ltr'><strong>Gregorio</strong></span> 
     </span>
     <span class='ocr_line' id='line_1_98' title="bbox 1862 3905 3424 3971; baseline -0.003 -14"><span class='ocrx_word' id='word_1_905' title='bbox 1862 3910 2110 3971; x_wconf 75' lang='lat' dir='ltr'><strong>poe-tester</strong></span> <span class='ocrx_word' id='word_1_906' title='bbox 2133 3920 2162 3956; x_wconf 92' lang='grc'><strong>0</strong></span> <span class='ocrx_word' id='word_1_907' title='bbox 2198 3906 2449 3956; x_wconf 81' lang='lat' dir='ltr'><strong>Matthaeio</strong></span> <span class='ocrx_word' id='word_1_908' title='bbox 2477 3905 2642 3956; x_wconf 87' lang='lat' dir='ltr'><strong>editus</strong></span> <span class='ocrx_word' id='word_1_909' title='bbox 2673 3910 2784 3956; x_wconf 73' lang='lat' dir='ltr'><strong>ente</strong></span> <span class='ocrx_word' id='word_1_910' title='bbox 2820 3906 3036 3969; x_wconf 88' lang='lat' dir='ltr'><strong>Gregorii</strong></span> <span class='ocrx_word' id='word_1_911' title='bbox 3080 3907 3217 3957; x_wconf 83' lang='lat' dir='ltr'><strong>binas</strong></span> <span class='ocrx_word' id='word_1_912' title='bbox 3243 3905 3424 3954; x_wconf 79' lang='lat' dir='ltr'><strong>oratio-</strong></span> 
     </span>
    </p>
   </div>
   <div class='ocr_carea' id='block_1_16' title="bbox 1864 3983 2114 4041">
    <p class='ocr_par' dir='ltr' id='par_1_17' title="bbox 1864 3983 2114 4041">
     <span class='ocr_line' id='line_1_99' title="bbox 1864 3983 2114 4041; baseline -0.02 -13"><span class='ocrx_word' id='word_1_913' title='bbox 1864 3992 2021 4041; x_wconf 87' lang='lat' dir='ltr'><strong>nesp.</strong></span> <span class='ocrx_word' id='word_1_914' title='bbox 2053 3983 2114 4025; x_wconf 85' lang='lat'><strong>5:</strong></span> 
     </span>
    </p>
   </div>
   <div class='ocr_carea' id='block_1_17' title="bbox 1988 4116 3011 4249">
    <p class='ocr_par' dir='ltr' id='par_1_18' title="bbox 1988 4116 3011 4249">
     <span class='ocr_line' id='line_1_100' title="bbox 1988 4116 3011 4179; baseline -0.004 -12"><span class='ocrx_word' id='word_1_915' title='bbox 1988 4118 2079 4167; x_wconf 81' lang='grc' dir='ltr'><strong>Καὶ</strong></span> <span class='ocrx_word' id='word_1_916' title='bbox 2104 4117 2294 4179; x_wconf 70' lang='grc' dir='ltr'><strong>βροντὰς</strong></span> <span class='ocrx_word' id='word_1_917' title='bbox 2323 4116 2450 4175; x_wconf 70' lang='grc' dir='ltr'><strong>ἀφεὶς</strong></span> <span class='ocrx_word' id='word_1_918' title='bbox 2472 4116 2821 4179; x_wconf 76' lang='grc' dir='ltr'><strong>αἰθεροδρὸμους</strong></span> <span class='ocrx_word' id='word_1_919' title='bbox 2845 4116 3011 4177; x_wconf 77' lang='grc' dir='ltr'><strong>λόγους</strong></span> 
     </span>
     <span class='ocr_line' id='line_1_101' title="bbox 1989 4185 2874 4249; baseline 0.001 -16"><span class='ocrx_word' id='word_1_920' title='bbox 1989 4188 2178 4249; x_wconf 83' lang='grc' dir='ltr'><strong>βροτοὺς</strong></span> <span class='ocrx_word' id='word_1_921' title='bbox 2209 4186 2496 4247; x_wconf 74' lang='grc' dir='ltr'><strong>ἀνυψὼσειεν</strong></span> <span class='ocrx_word' id='word_1_922' title='bbox 2518 4185 2874 4247; x_wconf 74' lang='grc' dir='ltr'><strong>εὖσεόοφρὸνως.</strong></span> 
     </span>
    </p>
   </div>
   <div class='ocr_carea' id='block_1_18' title="bbox 1858 4321 3422 5083">
    <p class='ocr_par' dir='ltr' id='par_1_19' title="bbox 1858 4321 3422 5083">
     <span class='ocr_line' id='line_1_102' title="bbox 1864 4321 3415 4385; baseline -0.003 -11"><span class='ocrx_word' id='word_1_923' title='bbox 1864 4322 2154 4374; x_wconf 86' lang='lat' dir='ltr'><strong>Theodorus</strong></span> <span class='ocrx_word' id='word_1_924' title='bbox 2179 4322 2349 4371; x_wconf 87' lang='lat' dir='ltr'><strong>Prodr.</strong></span> <span class='ocrx_word' id='word_1_925' title='bbox 2373 4321 2422 4371; x_wconf 90' lang='lat' dir='ltr'><strong>in</strong></span> <span class='ocrx_word' id='word_1_926' title='bbox 2451 4323 2622 4372; x_wconf 83' lang='lat' dir='ltr'><strong>Notitt.</strong></span> <span class='ocrx_word' id='word_1_927' title='bbox 2645 4336 2764 4373; x_wconf 86' lang='lat' dir='ltr'><strong>mss.</strong></span> <span class='ocrx_word' id='word_1_928' title='bbox 2790 4326 2828 4371; x_wconf 85' lang='lat' dir='ltr'><strong>t.</strong></span> <span class='ocrx_word' id='word_1_929' title='bbox 2853 4325 2994 4383; x_wconf 84' lang='lat' dir='ltr'><strong>VIII,</strong></span> <span class='ocrx_word' id='word_1_930' title='bbox 3013 4326 3138 4385; x_wconf 83' lang='lat' dir='ltr'><strong>part.</strong></span> <span class='ocrx_word' id='word_1_931' title='bbox 3172 4329 3217 4377; x_wconf 83' lang='grc'><strong>2.</strong></span> <span class='ocrx_word' id='word_1_932' title='bbox 3243 4333 3292 4384; x_wconf 89' lang='lat' dir='ltr'><strong>p.</strong></span> <span class='ocrx_word' id='word_1_933' title='bbox 3315 4328 3376 4372; x_wconf 87' lang='grc'><strong>92</strong></span> <span class='ocrx_word' id='word_1_934' title='bbox 3405 4342 3415 4351; x_wconf 92' lang='grc'><strong><em>·</em></strong></span> 
     </span>
     <span class='ocr_line' id='line_1_103' title="bbox 1863 4390 3422 4455; baseline -0.003 -12"><span class='ocrx_word' id='word_1_935' title='bbox 1863 4395 1970 4450; x_wconf 80' lang='grc' dir='ltr'><strong>τοὺς</strong></span> <span class='ocrx_word' id='word_1_936' title='bbox 2000 4394 2117 4455; x_wconf 79' lang='grc' dir='ltr'><strong>μετὰ</strong></span> <span class='ocrx_word' id='word_1_937' title='bbox 2139 4392 2360 4441; x_wconf 83' lang='grc' dir='ltr'><strong>Ἰωάννου</strong></span> <span class='ocrx_word' id='word_1_938' title='bbox 2401 4394 2702 4455; x_wconf 85' lang='grc' dir='ltr'><strong>βροντῶντας.</strong></span> <span class='ocrx_word' id='word_1_939' title='bbox 2739 4395 2808 4441; x_wconf 82' lang='lat' dir='ltr'><strong>De</strong></span> <span class='ocrx_word' id='word_1_940' title='bbox 2843 4391 3044 4441; x_wconf 78' lang='lat' dir='ltr'><strong>soannis</strong></span> <span class='ocrx_word' id='word_1_941' title='bbox 3086 4391 3271 4441; x_wconf 76' lang='lat' dir='ltr'><strong>tonitru</strong></span> <span class='ocrx_word' id='word_1_942' title='bbox 3307 4390 3422 4439; x_wconf 66' lang='lat' dir='ltr'><strong>vide</strong></span> 
     </span>
     <span class='ocr_line' id='line_1_104' title="bbox 1865 4459 3417 4525; baseline -0.003 -11"><span class='ocrx_word' id='word_1_943' title='bbox 1865 4477 1976 4514; x_wconf 81' lang='lat' dir='ltr'><strong>mea</strong></span> <span class='ocrx_word' id='word_1_944' title='bbox 2015 4462 2195 4513; x_wconf 79' lang='lat' dir='ltr'><strong>Anecd.</strong></span> <span class='ocrx_word' id='word_1_945' title='bbox 2226 4465 2267 4511; x_wconf 89' lang='lat' dir='ltr'><strong>t.</strong></span> <span class='ocrx_word' id='word_1_946' title='bbox 2311 4465 2372 4521; x_wconf 88' lang='lat' dir='ltr'><strong>V,</strong></span> <span class='ocrx_word' id='word_1_947' title='bbox 2405 4476 2452 4525; x_wconf 92' lang='lat' dir='ltr'><strong>p.</strong></span> <span class='ocrx_word' id='word_1_948' title='bbox 2489 4466 2600 4522; x_wconf 84' lang='grc'><strong>300,</strong></span> <span class='ocrx_word' id='word_1_949' title='bbox 2631 4476 2682 4511; x_wconf 89' lang='grc'><strong>11.</strong></span> <span class='ocrx_word' id='word_1_950' title='bbox 2711 4467 2759 4511; x_wconf 91' lang='grc'><strong>3.</strong></span> <span class='ocrx_word' id='word_1_951' title='bbox 2793 4459 2930 4512; x_wconf 80' lang='lat' dir='ltr'><strong>Adde</strong></span> <span class='ocrx_word' id='word_1_952' title='bbox 2975 4460 3187 4511; x_wconf 81' lang='lat' dir='ltr'><strong>Psellum</strong></span> <span class='ocrx_word' id='word_1_953' title='bbox 3234 4462 3417 4523; x_wconf 85' lang='lat' dir='ltr'><strong>opusc.</strong></span> 
     </span>
     <span class='ocr_line' id='line_1_105' title="bbox 1862 4530 3418 4598; baseline -0.003 -17"><span class='ocrx_word' id='word_1_954' title='bbox 1862 4548 1913 4598; x_wconf 87' lang='lat' dir='ltr'><strong>p.</strong></span> <span class='ocrx_word' id='word_1_955' title='bbox 1938 4536 2019 4583; x_wconf 70' lang='lat' dir='ltr'><strong>st.</strong></span> <span class='ocrx_word' id='word_1_956' title='bbox 2053 4538 2158 4591; x_wconf 80' lang='grc'><strong>120,</strong></span> <span class='ocrx_word' id='word_1_957' title='bbox 2209 4537 2314 4592; x_wconf 84' lang='grc'><strong>129,</strong></span> <span class='ocrx_word' id='word_1_958' title='bbox 2354 4534 2405 4581; x_wconf 87' lang='lat' dir='ltr'><strong>et</strong></span> <span class='ocrx_word' id='word_1_959' title='bbox 2439 4534 2542 4581; x_wconf 88' lang='lat' dir='ltr'><strong>not.</strong></span> <span class='ocrx_word' id='word_1_960' title='bbox 2579 4544 2628 4595; x_wconf 86' lang='lat' dir='ltr'><strong>p.</strong></span> <span class='ocrx_word' id='word_1_961' title='bbox 2670 4537 2778 4582; x_wconf 83' lang='grc'><strong>285.</strong></span> <span class='ocrx_word' id='word_1_962' title='bbox 2815 4558 2879 4569; x_wconf 91' lang='lat'><strong>——</strong></span> <span class='ocrx_word' id='word_1_963' title='bbox 2907 4536 2956 4581; x_wconf 69' lang='lat'><strong>6.</strong></span> <span class='ocrx_word' id='word_1_964' title='bbox 2988 4530 3258 4594; x_wconf 81' lang='lat' dir='ltr'><strong>Legebetur</strong></span> <span class='ocrx_word' id='word_1_965' title='bbox 3293 4530 3418 4592; x_wconf 78' lang='grc' dir='ltr'><strong>μίξῃ.</strong></span> 
     </span>
     <span class='ocr_line' id='line_1_106' title="bbox 1863 4599 3420 4666; baseline -0.004 -12"><span class='ocrx_word' id='word_1_966' title='bbox 1863 4601 2044 4666; x_wconf 91' lang='lat' dir='ltr'><strong>Scripsi</strong></span> <span class='ocrx_word' id='word_1_967' title='bbox 2089 4603 2194 4664; x_wconf 80' lang='grc' dir='ltr'>μίεῃ</span> <span class='ocrx_word' id='word_1_968' title='bbox 2221 4602 2268 4649; x_wconf 88' lang='grc' dir='ltr'><strong>σ’</strong></span> <span class='ocrx_word' id='word_1_969' title='bbox 2309 4614 2370 4650; x_wconf 80' lang='lat' dir='ltr'><strong>ex</strong></span> <span class='ocrx_word' id='word_1_970' title='bbox 2411 4600 2622 4651; x_wconf 88' lang='lat' dir='ltr'><strong>editione</strong></span> <span class='ocrx_word' id='word_1_971' title='bbox 2648 4604 2773 4664; x_wconf 85' lang='lat' dir='ltr'><strong>opp.</strong></span> <span class='ocrx_word' id='word_1_972' title='bbox 2815 4614 2864 4664; x_wconf 88' lang='lat' dir='ltr'><strong>p.</strong></span> <span class='ocrx_word' id='word_1_973' title='bbox 2901 4604 3005 4650; x_wconf 81' lang='grc'><strong>153.</strong></span> <span class='ocrx_word' id='word_1_974' title='bbox 3051 4599 3207 4650; x_wconf 90' lang='lat' dir='ltr'><strong>Codd.</strong></span> <span class='ocrx_word' id='word_1_975' title='bbox 3247 4603 3338 4650; x_wconf 81' lang='grc'><strong>993</strong></span> <span class='ocrx_word' id='word_1_976' title='bbox 3369 4604 3420 4648; x_wconf 84' lang='grc'><strong>01</strong></span> 
     </span>
     <span class='ocr_line' id='line_1_107' title="bbox 1866 4670 3411 4735; baseline -0.005 -10"><span class='ocrx_word' id='word_1_977' title='bbox 1866 4678 2004 4732; x_wconf 80' lang='grc'><strong>1700,</strong></span> <span class='ocrx_word' id='word_1_978' title='bbox 2035 4674 2184 4735; x_wconf 73' lang='grc' dir='ltr'><strong>μίξῃς,</strong></span> <span class='ocrx_word' id='word_1_979' title='bbox 2216 4671 2400 4723; x_wconf 83' lang='lat' dir='ltr'><strong>scilicet</strong></span> <span class='ocrx_word' id='word_1_980' title='bbox 2423 4684 2512 4735; x_wconf 91' lang='lat' dir='ltr'><strong>pro</strong></span> <span class='ocrx_word' id='word_1_981' title='bbox 2539 4673 2646 4733; x_wconf 77' lang='grc' dir='ltr'><strong>μίξῃ</strong></span> <span class='ocrx_word' id='word_1_982' title='bbox 2669 4674 2733 4720; x_wconf 75' lang='grc' dir='ltr'><strong>α’.</strong></span> <span class='ocrx_word' id='word_1_983' title='bbox 2775 4673 2838 4722; x_wconf 83' lang='lat' dir='ltr'><strong>Et</strong></span> <span class='ocrx_word' id='word_1_984' title='bbox 2863 4670 2934 4721; x_wconf 86' lang='lat' dir='ltr'><strong>sic</strong></span> <span class='ocrx_word' id='word_1_985' title='bbox 2959 4670 3075 4734; x_wconf 79' lang='lat' dir='ltr'><strong>legit</strong></span> <span class='ocrx_word' id='word_1_986' title='bbox 3100 4670 3298 4721; x_wconf 70' lang='lat' dir='ltr'><strong>Nicetes</strong></span> <span class='ocrx_word' id='word_1_987' title='bbox 3325 4672 3411 4718; x_wconf 80' lang='lat' dir='ltr'><strong>Pa-</strong></span> 
     </span>
     <span class='ocr_line' id='line_1_108' title="bbox 1860 4739 3416 4809; baseline -0.004 -15"><span class='ocrx_word' id='word_1_988' title='bbox 1860 4745 2054 4809; x_wconf 60' lang='lat' dir='ltr'><strong>phlagm</strong></span> <span class='ocrx_word' id='word_1_989' title='bbox 2083 4744 2223 4806; x_wconf 83' lang='lat' dir='ltr'><strong>cujns</strong></span> <span class='ocrx_word' id='word_1_990' title='bbox 2250 4742 2490 4805; x_wconf 78' lang='lat' dir='ltr'><strong>proferam</strong></span> <span class='ocrx_word' id='word_1_991' title='bbox 2512 4742 2870 4807; x_wconf 71' lang='lat' dir='ltr'><strong>epigrammatis</strong></span> <span class='ocrx_word' id='word_1_992' title='bbox 2884 4741 3038 4791; x_wconf 86' lang='lat' dir='ltr'><strong>totius</strong></span> <span class='ocrx_word' id='word_1_993' title='bbox 3063 4739 3416 4791; x_wconf 72' lang='lat' dir='ltr'><strong>enarrationem</strong></span> 
     </span>
     <span class='ocr_line' id='line_1_109' title="bbox 1860 4810 3412 4877; baseline -0.005 -13"><span class='ocrx_word' id='word_1_994' title='bbox 1860 4828 1889 4864; x_wconf 84' lang='lat' dir='ltr'><strong>e</strong></span> <span class='ocrx_word' id='word_1_995' title='bbox 1916 4812 2083 4865; x_wconf 78' lang='lat' dir='ltr'><strong>codioe</strong></span> <span class='ocrx_word' id='word_1_996' title='bbox 2109 4818 2220 4873; x_wconf 89' lang='grc'><strong>993,</strong></span> <span class='ocrx_word' id='word_1_997' title='bbox 2248 4827 2298 4877; x_wconf 86' lang='lat' dir='ltr'><strong>p.</strong></span> <span class='ocrx_word' id='word_1_998' title='bbox 2333 4816 2414 4863; x_wconf 77' lang='lat'><strong>141</strong></span> <span class='ocrx_word' id='word_1_999' title='bbox 2448 4826 2459 4857; x_wconf 76' lang='lat' dir='ltr'><strong>t</strong></span> <span class='ocrx_word' id='word_1_1000' title='bbox 2491 4814 2530 4860; x_wconf 85' lang='grc' dir='ltr'>ὢ</span> <span class='ocrx_word' id='word_1_1001' title='bbox 2546 4814 2814 4874; x_wconf 82' lang='grc' dir='ltr'><strong>φαεινότατε</strong></span> <span class='ocrx_word' id='word_1_1002' title='bbox 2851 4815 2930 4861; x_wconf 85' lang='grc' dir='ltr'><strong>καὶ</strong></span> <span class='ocrx_word' id='word_1_1003' title='bbox 2953 4812 3248 4874; x_wconf 81' lang='grc' dir='ltr'><strong>λαμπρότατε</strong></span> <span class='ocrx_word' id='word_1_1004' title='bbox 3266 4810 3412 4859; x_wconf 83' lang='grc' dir='ltr'><strong>Βασί-</strong></span> 
     </span>
     <span class='ocr_line' id='line_1_110' title="bbox 1858 4880 3412 4945; baseline -0.005 -12"><span class='ocrx_word' id='word_1_1005' title='bbox 1858 4886 1970 4945; x_wconf 84' lang='grc' dir='ltr'><strong>λειε,</strong></span> <span class='ocrx_word' id='word_1_1006' title='bbox 1990 4886 2111 4945; x_wconf 73' lang='grc' dir='ltr'><strong>μέγα</strong></span> <span class='ocrx_word' id='word_1_1007' title='bbox 2127 4884 2258 4939; x_wconf 79' lang='grc' dir='ltr'><strong>κλέος</strong></span> <span class='ocrx_word' id='word_1_1008' title='bbox 2275 4884 2352 4931; x_wconf 76' lang='grc' dir='ltr'><strong>καὶ</strong></span> <span class='ocrx_word' id='word_1_1009' title='bbox 2379 4883 2515 4939; x_wconf 79' lang='grc' dir='ltr'><strong>κῦδος</strong></span> <span class='ocrx_word' id='word_1_1010' title='bbox 2539 4886 2809 4944; x_wconf 81' lang='grc' dir='ltr'><strong>Καισαρέων</strong></span> <span class='ocrx_word' id='word_1_1011' title='bbox 2823 4920 2838 4941; x_wconf 94' lang='grc'><strong>,</strong></span> <span class='ocrx_word' id='word_1_1012' title='bbox 2865 4884 2892 4931; x_wconf 83' lang='grc' dir='ltr'><strong>ὁ</strong></span> <span class='ocrx_word' id='word_1_1013' title='bbox 2911 4882 2991 4939; x_wconf 81' lang='grc' dir='ltr'><strong>σὸς</strong></span> <span class='ocrx_word' id='word_1_1014' title='bbox 3009 4882 3145 4941; x_wconf 85' lang='grc' dir='ltr'><strong>λόγος</strong></span> <span class='ocrx_word' id='word_1_1015' title='bbox 3171 4880 3251 4929; x_wconf 70' lang='lat' dir='ltr'><strong>oia</strong></span> <span class='ocrx_word' id='word_1_1016' title='bbox 3278 4880 3412 4941; x_wconf 85' lang='grc' dir='ltr'><strong>βρον-</strong></span> 
     </span>
     <span class='ocr_line' id='line_1_111' title="bbox 1858 4948 3414 5015; baseline -0.006 -12"><span class='ocrx_word' id='word_1_1017' title='bbox 1858 4956 1918 5013; x_wconf 79' lang='grc' dir='ltr'><strong>τὴ</strong></span> <span class='ocrx_word' id='word_1_1018' title='bbox 1947 4958 2045 5010; x_wconf 84' lang='grc' dir='ltr'><strong>ταῖς</strong></span> <span class='ocrx_word' id='word_1_1019' title='bbox 2076 4955 2238 5009; x_wconf 80' lang='grc' dir='ltr'><strong>ἀκοαῖς</strong></span> <span class='ocrx_word' id='word_1_1020' title='bbox 2263 4958 2356 5001; x_wconf 87' lang='grc' dir='ltr'><strong>τῶν</strong></span> <span class='ocrx_word' id='word_1_1021' title='bbox 2381 4954 2632 5015; x_wconf 73' lang='grc' dir='ltr'><strong>ἀνθρώπων</strong></span> <span class='ocrx_word' id='word_1_1022' title='bbox 2655 4953 2836 5015; x_wconf 72' lang='grc' dir='ltr'><strong>ὶνηχεί,</strong></span> <span class='ocrx_word' id='word_1_1023' title='bbox 2859 4954 2885 5000; x_wconf 80' lang='grc' dir='ltr'><strong>ὁ</strong></span> <span class='ocrx_word' id='word_1_1024' title='bbox 2909 4953 3007 5015; x_wconf 81' lang='grc' dir='ltr'><strong>βίος</strong></span> <span class='ocrx_word' id='word_1_1025' title='bbox 3035 4954 3084 5000; x_wconf 73' lang='grc' dir='ltr'><strong>δὲ</strong></span> <span class='ocrx_word' id='word_1_1026' title='bbox 3120 4954 3185 5005; x_wconf 82' lang='grc' dir='ltr'><strong>ὡς</strong></span> <span class='ocrx_word' id='word_1_1027' title='bbox 3207 4948 3414 5009; x_wconf 59' lang='grc' dir='ltr'><strong>ἀστραπὴ</strong></span> 
     </span>
     <span class='ocr_line' id='line_1_112' title="bbox 3153 5044 3206 5083; baseline 0 0"><span class='ocrx_word' id='word_1_1028' title='bbox 3153 5044 3206 5083; x_wconf 76' lang='lat'><strong>³5</strong></span> 
     </span>
    </p>
   </div>
  </div>
 </body>
</html>
