3829 5747
354 200 470 259 568

413 329 716 378 ccxxxiv.
744 353 804 366 —
840 332 886 377 3.
910 331 1018 378 Imo
1053 328 1202 392 ταύτᾳ
1228 330 1536 379 Hermannus
1551 368 1564 391 ‚
1601 344 1699 380 non
1727 332 1872 395 ταύτῃ
1887 371 1901 396 ,

351 398 751 449 Schneidewinus
768 398 925 447 καλὰ
957 400 1137 463 Ματέρα.
1159 400 1410 462 τύμπανα,
1435 413 1523 463 pro
1556 402 1685 450 τάδε.

412 546 618 595 ccxu.
649 571 708 581 -
727 544 995 594 Salmasius
1021 547 1222 595 annotat
1251 548 1346 601 :el-0.
1364 546 1550 611 κράνον.

410 683 644 732 CCXLH.
667 711 727 724 -
751 688 797 731 5.
824 684 918 731 ch
939 694 1138 744 quoque
1166 683 1226 731 ut
1242 684 1304 741 V,
1334 694 1410 744 ep.
1433 686 1514 742 23,
1533 680 1758 732 Meinekii
1790 694 1900 731 mo-

347 752 456 803 nitu
485 753 518 802 1.
547 765 592 801 c.
617 752 793 802 reduxi
820 754 989 803 αὐτίκα
1006 791 1019 813 ,
1037 754 1087 801 in
1117 752 1245 803 notis
1281 754 1503 802 Beckero
1528 753 1815 803 obsecutus.
1841 781 1894 789 —

325 828 396 870 ο.
429 823 681 879 Εὐκλείδην
707 836 804 871 non
841 822 991 872 fuisse
1026 823 1224 871 fratrem
1259 826 1417 885 poetae
1445 821 1661 872 Geistius
1685 823 1902 887 disputat

347 895 516 941 contra
540 892 846 949 Jacobsium;
868 907 980 942 nam
1011 906 1266 941 romanum
1285 892 1438 941 fuisse
1461 903 1645 943 morem
1659 931 1673 955 ,
1693 906 1902 954 eumque

347 957 756 1010 nobilissimorum
773 1000 785 1024 ,
829 962 1008 1011 festum
1051 961 1224 1025 agendi
1277 960 1410 1010 diem
1457 962 1628 1024 primae
1683 960 1902 1011 cadentis

347 1029 540 1091 barbas,
563 1030 764 1081 minime
799 1044 985 1081 morem
1006 1044 1250 1095 graecum3
1282 1044 1434 1095 quare
1453 1032 1636 1082 εὐκλειᾶ
1664 1030 1902 1095 corrigen-

345 1100 464 1149 dum
484 1101 724 1165 proponit.

409 1242 667 1291 ccxull.
693 1267 756 1277 -—
780 1249 826 1291 s.
857 1260 882 1283 κ
911 1240 1124 1291 Videtur
1150 1239 1284 1290 aliud
1309 1241 1447 1304 prius
1478 1242 1630 1292 fuisse
1659 1241 1713 1292 in
1743 1256 1901 1293 mem-

344 1310 510 1361 branis
529 1310 638 1361 loco
663 1310 807 1361 istius
831 1312 1043 1375 ἐμέγηρε.
1069 1330 1093 1353 n
1119 1311 1284 1362 Salm.

407 1452 665 1500 ccxmv.
693 1475 755 1486 —
777 1456 804 1500 5
828 1450 968 1533 ἑκυρῄ
987 1465 1038 1499 τε
1057 1447 1273 1499 Geistius
1301 1450 1449 1499 recte.

407 1593 663 1642 ecnvl.
693 1620 748 1633 -
767 1596 813 1641 3.
841 1610 865 1632 «ι
889 1592 1016 1654 Lege
1033 1591 1244 1649 οἰσυΐνην
1275 1592 1352 1639 καὶ
1369 1590 1538 1655 ρἁδον
1555 1625 1572 1652 ,
1589 1590 1669 1639 vel
1691 1590 1902 1649 οἰσυΐνην

345 1662 388 1711 δ’
406 1664 475 1712 ἔτι
497 1662 683 1727 ράὄδον.
709 1682 733 1705 ι·
759 1662 986 1712 Salmas·

408 1800 682 1849 cchvn.
705 1825 765 1835 —
789 1805 834 1849 5.
855 1800 1060 1849 Salmas.
1083 1818 1097 1848 ι
1121 1818 1144 1841 «
1169 1798 1322 1849 ὀδόντι
1350 1803 1505 1850 estex
1523 1802 1846 1852 correctione.
1871 1821 1897 1847 a

347 1893 409 1905 —
442 1874 472 1918 8
495 1870 691 1925 Αἰσινὸη
715 1870 835 1918 Plan

406 2009 621 2059 CCLllI.
653 2038 712 2050 -
758 2010 1036 2073 Crinagorae
1081 2010 1430 2075 epigrammata
1474 2013 1704 2077 pleraque
1743 2028 1898 2077 quum

345 2081 514 2128 Romae
539 2079 722 2144 scripta
757 2080 857 2129 sint
881 2094 1040 2143 neque
1075 2082 1393 2142 ἑπιδεικτικά,
1422 2083 1509 2133 sed
1533 2083 1642 2133 visa
1670 2085 1772 2133 sere
1806 2084 1902 2147 ipsi

344 2153 397 2198 et
419 2150 681 2213 βεὸιωμὲνα
698 2151 912 2199 mremnt
926 2186 940 2210 ,
959 2150 1172 2201 Geistius
1192 2154 1434 2211 Κασσαίην
1453 2158 1621 2217 πέτρην
1635 2153 1698 2203 ad
1712 2154 1901 2205 Sabinae

345 2220 482 2269 silvae
509 2232 678 2283 rupem
705 2223 926 2284 spectare
952 2224 1095 2284 putat
1111 2260 1124 2281 ,
1158 2222 1286 2271 unde
1319 2224 1481 2287 prodit
1508 2226 1728 2274 Casinus
1764 2225 1901 2275 rivus

347 2290 582 2339 Casinum
615 2290 855 2339 coloniam
881 2291 1140 2341 militarem
1169 2293 1356 2342 alluens
1386 2297 1438 2344 et
1473 2295 1536 2343 ad
1574 2297 1898 2346 Interamnam

343 2360 478 2411 Lirin
501 2359 704 2409 fluvium
721 2373 936 2424 augens3
962 2374 1054 2410 nec
1077 2364 1179 2411 fere
1199 2364 1529 2413 necessarium
1557 2378 1666 2414 esse
1693 2368 1751 2415 ut
1769 2368 1900 2416 Κασ·

343 2434 473 2491 σίνης
494 2433 660 2494 πέτρης
686 2434 970 2495 corrigatur.

404 2573 662 2622 chvlll.
691 2599 751 2612 —
777 2578 804 2621 5
829 2572 1004 2634 ἀρούρᾳ
1021 2608 1036 2633 ,
1060 2574 1116 2621 ut
1146 2571 1342 2620 Jacobs.
1368 2570 1420 2620 in
1445 2584 1587 2633 mss„
1607 2573 1754 2623 etiam
1780 2571 1898 2622 Mei·

343 2642 455 2691 nek.
482 2640 546 2691 ad
573 2640 818 2691 Theocrit.
839 2655 890 2705 p.
912 2645 1025 2701 263,
1060 2640 1146 2703 qui
1163 2655 1216 2704 p.
1237 2646 1328 2691 248
1351 2642 1695 2693 animadvertit
1719 2644 1769 2692 in
1805 2657 1900 2693 usu

343 2726 439 2761 non
467 2712 618 2761 fuisse
648 2711 912 2773 disyllabas
935 2712 1116 2761 formas
1142 2715 1198 2762 ut
1226 2713 1369 2771 ἄνοις,
1389 2712 1523 2775 quod
1552 2726 1602 2761 v.
1623 2722 1653 2763 6
1675 2712 1901 2763 volebant

342 2786 544 2849 Passov.
565 2786 618 2832 et
647 2783 852 2833 Becker.

404 2936 608 2984 chxl.
639 2959 702 2970 -
746 2938 790 2983 1.
819 2933 1038 2984 Geistius
1066 2933 1209 2983 valde
1241 2933 1556 2996 probabiliter
1597 2936 1898 2998 'leonino-1

343 3006 502 3068 ἔργον,
531 3005 928 3054 Corinthiacum
959 3017 1122 3066 opus,
1171 3023 1196 3045 «
1229 3007 1287 3054 ut
1315 3017 1390 3067 ap.
1431 3005 1636 3054 Theocr.
1673 3006 1745 3066 11,
1789 3009 1894 3066 156,

345 3075 534 3138 Δωρίδα
551 3075 698 3123 ὃλπαν
727 3073 1014 3124 scholiastes
1041 3074 1238 3138 exponit
1259 3092 1271 3123 ε
1305 3075 1490 3139 Δωρίδα
1505 3078 1606 3124 ἀντὶ
1625 3076 1867 3138 Κορινθίας
1883 3091 1893 3100 ·

343 3147 406 3194 τὰ
438 3146 528 3206 γὰρ
555 3145 776 3206 Κορίνθια
797 3147 1091 3207 χαλκώματα
1123 3145 1434 3202 διαὸεὸὀηται.
1477 3149 1642 3206 Neque
1675 3159 1797 3209 opus
1819 3148 1896 3195 est

345 3218 404 3265 ut
425 3213 488 3264 dc
525 3225 626 3264 oere
667 3211 943 3264 Corinthio
982 3213 1116 3278 quod
1147 3216 1325 3263 vocant
1354 3215 1404 3263 in
1439 3217 1601 3280 specie
1633 3218 1890 3280 cogitetur.

343 3287 510 3334 Unum
546 3283 719 3333 horum
757 3297 962 3346 operum
987 3298 1138 3347 genus
1165 3285 1452 3334 candidum
1481 3291 1698 3350 arqento
1727 3291 1895 3336 nilore

343 3368 506 3418 quam
529 3357 777 3418 proxime
796 3353 1071 3414 accedens,
1107 3354 1228 3405 Plin.
1263 3355 1387 3404 Hist.
1429 3359 1534 3406 Nat.
1558 3360 1772 3418 xxxlv,
1798 3363 1842 3408 3.
1869 3379 1892 3402 »

341 3452 399 3466 -
426 3428 470 3474 3.
501 3423 638 3472 Idem
665 3423 740 3472 vir
759 3422 934 3472 doctus
957 3423 1186 3474 observat
1215 3423 1392 3473 mirum
1429 3431 1692 3474 Simonem
1715 3430 1894 3477 Roma-

341 3512 489 3558 num,
514 3500 568 3548 et
587 3497 948 3561 depravationis
981 3498 1308 3560 suspicionem
1339 3499 1470 3561 injici
1501 3513 1532 3548 a
1563 3501 1711 3550 suida
1742 3502 1827 3563 qui
1843 3517 1893 3552 v.

339 3569 498 3626 Ὄλπη
525 3570 685 3618 totum
712 3567 1009 3631 epigramma
1049 3571 1277 3633 repetens
1317 3570 1607 3633 praeterierit
1647 3571 1796 3620 verba
1825 3574 1896 3622 υἱὲ

340 3639 546 3699 Σίμωνος
563 3674 576 3697 ,
608 3639 665 3687 ut
689 3651 788 3686 non
821 3638 1066 3688 intellecta
1092 3639 1186 3689 sibi
1219 3640 1364 3689 etiam
1392 3640 1506 3689 alibi
1529 3641 1727 3690 omittit.
1767 3643 1893 3691 Scri-

339 3709 498 3774 psisse
532 3708 847 3772 crinagoram
883 3709 1042 3758 videri
1079 3713 1151 3760 υἱὲ
1198 3712 1464 3766 Δίὸωνος
1481 3747 1495 3773 ,
1525 3716 1577 3762 et
1614 3715 1753 3762 erant
1789 3717 1894 3763 tum

340 3779 465 3829 Livii
497 3782 548 3830 et
576 3779 815 3828 Scribonii
849 3778 1057 3828 Libones
1089 3781 1240 3830 etiam
1271 3781 1529 3831 consulatu
1563 3782 1736 3831 ornati.

404 3932 658 3980 ccnxnl.
684 3957 745 3968 —
767 3935 814 3980 3.
839 3932 985 3978 Error
1011 3929 1240 3978 Brunckii
1270 3931 1409 3979 ortus
1439 3943 1501 3979 ex
1525 3929 1764 3981 brevitate
1789 3931 1892 3980 Sal·

340 3999 484 4050 masii
517 4018 530 4048 ι
569 4017 592 4043 «
616 4013 678 4048 ex
712 4000 862 4049 Suida
886 3999 957 4048 ita
981 3999 1326 4064 supplendum.
1355 4019 1378 4042 ³·

401 4141 653 4189 chXIV.
675 4165 737 4178 —
756 4142 787 4189 4
802 4139 856 4196 ἇς
880 4139 937 4188 §o
952 4156 967 4187 ι
979 4156 1008 4201 γ
1021 4154 1048 4188 ο
1059 4155 1083 4186 ν
1104 4138 1517 4188 Schneidewinus.

401 4289 699 4338 ccnxvm.
723 4313 785 4324 —
803 4293 847 4336 2.
877 4306 902 4329 «ι
930 4285 1131 4350 Egregie
1166 4286 1424 4335 Jacobsius
1443 4292 1623 4352 χεῖρα
1655 4289 1714 4337 σὺ
1743 4288 1784 4338 δ’
1815 4289 1892 4338 εὐ-

341 4361 480 4422 θήρου
498 4393 514 4422 ,
541 4361 676 4408 recte
717 4357 848 4406 idem
871 4357 1266 4406 animadvertens
1294 4356 1538 4406 distichon
1572 4356 1623 4406 in
1655 4357 1754 4407 fine
1780 4371 1893 4422 per-

340 4428 470 4478 iisse.
499 4449 523 4473 υ
553 4433 844 4479 Hermann.
867 4455 930 4469 —
956 4431 1002 4476 3.
1031 4445 1056 4468 α
1092 4427 1218 4489 Lege
1247 4425 1348 4475 εὖτε
1371 4426 1475 4475 κατ’
1501 4429 1610 4488 (pro
1628 4427 1771 4488 εἴτε),
1801 4427 1896 4477 uisi

338 4497 464 4548 Οὗπι
517 4499 776 4562 legendum
816 4511 932 4547 cnm
976 4495 1206 4561 Hauptio.
1244 4518 1268 4540 υ
1313 4496 1528 4546 Meinek.
1577 4495 1640 4545 ad
1686 4497 1892 4547 Theocr.

339 4582 386 4632 p.
415 4572 525 4618 392.
545 4569 704 4619 Etiam
725 4567 1031 4618 schneidew.
1065 4567 1194 4629 εὖτε,
1228 4567 1316 4630 qui
1343 4579 1492 4617 versu
1515 4571 1544 4616 4
1569 4568 1893 4628 ἐγκλονὲονσα.

404 4717 653 4766 chxlx.
681 4743 745 4756 —·
785 4723 806 4766 1
856 4719 1014 4773 παῖδες
1043 4719 1224 4779 ἄφωνος
1269 4717 1467 4774 Codex.
1507 4717 1642 4780 quod
1682 4717 1896 4767 correxit

341 4789 647 4835 normannus
663 4823 677 4848 ,
700 4787 924 4850 idemque
948 4789 1046 4838 τάδ’
1069 4802 1159 4853 pro
1186 4791 1294 4848 τοτ’,
1318 4789 1488 4852 Bergk.
1510 4790 1625 4838 τόδ’.
1643 4791 1748 4838 Non
1773 4788 1895 4838 adeo

337 4857 540 4920 probare
561 4855 797 4907 debebam
825 4859 938 4907 τότ’,

401 4995 621 5044 CCLxx.
656 5019 720 5032 --
737 5000 767 5045 3
794 4995 860 5044 ὧν
889 5012 944 5046 σε
975 4997 1073 5059 μετ’
1093 4999 1298 5061 εὐχωῖᾶς
1325 4999 1646 5049 Hermannus.

1430 199 1795 259 ADDENDA
1837 201 1936 259 ET
1977 201 2349 264 CORRIGEN
2359 203 2461 263 DA

2057 336 2305 385 CCLXXI.
2346 364 2409 373 -
2447 344 2495 398 5,
2540 343 2586 389 6.
2624 358 2647 380 «ι
2680 340 2736 387 In
2775 338 2854 389 his
2888 336 3169 402 subjectum
3220 341 3599 392 desideratur.

1994 404 2115 455 Leni
2158 406 2531 471 transpositione
2580 408 2897 459 scribendum
2928 412 3156 474 νηπίαχον
3207 414 3258 462 δὲ
3284 414 3363 461 καὶ
3420 412 3595 460 ctae-c.

1992 476 2139 525 παῖδα
2158 477 2353 533 Λέοντος
2368 480 2547 528 Νεῦσον
2571 496 2603 527 κ
2616 484 2785 541 οὖρον
2804 481 2861 529 ἰδ
2874 487 2961 529 εῖν
2987 481 3074 531 uii’
3096 482 3354 543 ἀεξόμενον.
3374 480 3459 531 Id
3482 480 3599 537 est..

1993 548 2158 593 νεῦσον
2180 546 2376 602 Λέοντος
2394 548 2501 596 υἱέα
2517 584 2532 608 ,
2562 550 2794 614 νηπίαχον
2810 554 2893 600 καὶ
2917 554 3058 601 εἰσέτι
3076 554 3223 602 παῖδα
3242 591 3257 611 .
3272 555 3567 615 ἀεξόμενον
3585 586 3599 609 -,

1994 614 2105 663 ἰδεῖν
2134 620 2319 680 κοῦρον.
2342 636 2368 661 »
2398 620 2685 670 Hermann.

2056 761 2351 812 CCLxxm.
2394 792 2453 803 -
2487 766 2699 814 Versum
2728 770 2758 815 3
2802 768 2915 817 ante
2956 767 3229 817 HecLerum
3258 762 3605 817 ‘emendavit

1990 828 2404 882 Schneidewinus.
3107 854 3117 861 ·

2053 975 2348 1025 cccxxvn
2374 954 2437 1013 -ὲ
2464 984 2512 1039 3,
2537 984 2583 1028 4.
2609 981 2915 1029 nermannus
2936 983 3105 1031 tuetur
3132 982 3208 1029 επὶ
3236 981 3381 1043 κώμῃ
3400 982 3475 1031 et
3514 980 3607 1027 αε-

1990 1045 2168 1106 τὲομεν.
2188 1046 2284 1096 Sed
2310 1060 2485 1097 verum
2514 1051 2592 1098 est
2612 1048 2748 1112 quod
2766 1050 3015 1100 Heckerus
3034 1050 3262 1115 scripsit,
3280 1052 3357 1101 ἐπὶ
3374 1052 3592 1115 20⁹9ch-

2054 1191 2345 1243 ccnxxxl.
2378 1220 2442 1231 —
2472 1202 2520 1247 5.
2548 1215 2571 1238 «ι
2616 1197 2813 1247 Minime
2837 1211 2955 1249 vero
2986 1199 3235 1261 probabile
3266 1201 3317 1249 in
3364 1200 3599 1250 multis

1991 1261 2189 1325 templis
2226 1264 2419 1326 Cybelae
2458 1266 2667 1317 saltasse
2686 1268 2920 1331 virginem
2933 1307 2949 1331 ,
2976 1274 3028 1319 et
3061 1274 3219 1334 poetae
3243 1271 3389 1321 etiam
3420 1271 3597 1331 παρὰ

1994 1332 2219 1395 βωμοῖς
2265 1333 2527 1385 dicendum
2574 1340 2697 1388 erat.
2738 1338 3059 1389 scribendum
3087 1342 3208 1389 κατὰ
3242 1340 3403 1389 καλὰ
3436 1355 3595 1401 προ-

1992 1401 2115 1457 νήῐα.
2148 1420 2172 1444 ι»
2196 1405 2485 1454 Hermann.
2512 1406 2609 1455 Sed
2625 1418 2775 1458 ausus
2800 1406 2996 1458 ridetur
3016 1412 3161 1472 poeta
3181 1408 3315 1472 quod
3346 1423 3407 1459 ex
3434 1409 3588 1458 Gei-

1992 1468 2077 1520 stii
2102 1484 2309 1522 censura
2339 1475 2498 1525 atmli.

2058 1614 2397 1667 chxxxm.
2421 1643 2485 1653 —
2504 1624 2551 1668 2.
2578 1620 2741 1670 Etiam
2758 1620 2961 1671 Salmas.
2986 1622 3094 1673 θεὰν
3112 1635 3172 1672 ex
3191 1621 3391 1672 Codice.

1994 1840 2028 1890 p
2056 1758 2453 1879 (ἐξὲΧΧῖἑὙὶ-
2486 1766 2559 1812 10.
2593 1782 2619 1808 κ
2656 1763 2781 1815 Vide
2802 1766 3007 1816 Salmas.
3030 1768 3106 1816 De
3134 1766 3323 1817 soenore
3356 1768 3581 1831 trapez.

2032 1863 2047 1877 .
2166 1864 2178 1877 .
2208 1849 2233 1872 n
2318 1844 2351 1881 u
2393 1844 2467 1879 er.

2054 1970 2437 2020 CCLxxxvm.
2471 2002 2533 2014 —
2567 1980 2614 2024 5.
2658 1974 2967 2024 Hermannus
2990 1974 3189 2036 conjicit
3224 1978 3306 2025 καὶ
3334 1976 3579 2034 σπάθας,

1992 2039 2211 2101 ιύὅριθεῖς
2238 2040 2280 2089 τ’
2310 2042 2572 2101 annea:
2605 2044 2785 2094 τάσδε
2824 2047 3068 2109 πινιχραὶ.
3110 2046 3321 2095 assereus
3356 2047 3577 2096 Polluc.

1995 2112 2101 2170 vn,
2131 2115 2218 2167 363
2252 2112 2293 2159 X
2309 2148 2323 2171 ‚
2360 2116 2463 2173 125,
2488 2115 2541 2163 et
2566 2113 2702 2163 Suid.
2724 2128 2772 2162 v.
2798 2114 3023 2175 Ἀγνυθες.
3049 2117 3209 2165 Versu
3236 2120 3266 2165 9
3292 2115 3577 2166 Jacobaia-

1990 2194 2102 2230 nam
2130 2179 2421 2244 scripturam
2450 2186 2585 2234 tenet
2606 2186 2664 2234 ut
2684 2183 3065 2249 integerrimam.

2051 2324 2258 2373 ccxcL
2282 2353 2341 2365 —
2360 2328 2406 2375 3.
2432 2344 2455 2367 α
2476 2326 2603 2387 Lege
2634 2324 2711 2374 διὰ
2732 2330 2897 2387 καῦμα
2919 2324 3049 2386 φύγω
3064 2360 3079 2382 ,
3099 2322 3195 2373 hoc
3221 2324 3296 2373 est
3316 2323 3574 2383 διαφύγω.

1988 2397 2289 2514 ξιέᾆῶξοςο
2314 2394 2497 2445 λεπτόν.
2526 2416 2550 2440 »
2593 2394 2840 2455 salmas..
2886 2396 2974 2459 qui
3004 2398 3180 2453 πυκνὴν
3216 2395 3412 2454 enotat,
3454 2407 3575 2443 non

2051 2606 2283 2655 ccxcn.
2316 2632 2377 2641 —
2402 2609 2443 2654 1.
2470 2624 2495 2645 κ
2520 2607 2593 2655 De
2617 2603 2754 2655 vocis
2776 2604 2951 2663 ἔνδυμα
2976 2606 3110 2654 recte
3130 2604 3353 2667 correpta
3370 2603 3571 2665 penul·

1988 2673 2107 2724 tima
2146 2674 2229 2723 hlc
2266 2678 2319 2725 et
2366 2688 2442 2738 ep.
2478 2680 2589 2735 201,
2645 2674 2761 2724 vide
2824 2674 2999 2723 Cobet.
3037 2674 3089 2723 in
3138 2676 3375 2723 Mnemos.
3432 2674 3574 2731 VH,-

1990 2761 2038 2810 p.
2072 2750 2182 2796 439.
2213 2766 2247 2815 ω,
2277 2746 2460 2810 Wolff.
2485 2772 2549 2783 —-
2569 2754 2597 2797 5
2624 2746 2897 2796 καλλίστεια
2920 2745 3043 2794 Cod.
3078 2758 3178 2795 sec.
3208 2744 3357 2794 Salm.

2051 2895 2285 2943 CCXCV.
2310 2921 2372 2930 —
2410 2899 2454 2942 1.
2481 2896 2667 2956 Σμῖλαν,
2692 2894 3009 2948 Ἆκεσκώνδας
3037 2892 3203 2942 Codex
3220 2930 3232 2952 ‚
3258 2890 3390 2955 quod
3420 2891 3557 2940 cali-

1989 2964 2103 3014 dius
2132 2963 2338 3014 mutavi.
2368 2983 2392 3006 α
2422 2967 2595 3026 Σμῖλαν
2618 2963 2781 3014 inutili
2804 2964 3085 3027 conjectura
3110 2965 3322 3013 tentavit
3350 2963 3553 3012 flecke-

1988 3047 2092 3083 rus.
2122 3054 2146 3077 ι»
2172 3033 2399 3084 Meinelc.
2425 3033 2487 3083 ad
2508 3033 2714 3084 Theocr.
2739 3047 2789 3097 p.
2818 3038 2928 3084 392.

2051 3183 2300 3231 ccxcvl.
2320 3207 2383 3218 -
2421 3185 2439 3230 1
2463 3181 2691 3236 δούνακας
2710 3181 3010 3244 ἐντευκτῆρας
3038 3183 3298 3230 Hermann.
3320 3207 3393 3216 -——-
3418 3187 3469 3241 5,
3498 3186 3553 3229 δ.

1994 3271 2017 3294 κ
2052 3254 2207 3314 Lege,
2236 3252 2337 3300 ἐπεὶ
2362 3251 2742 3313 παρενίσατο
2772 3252 2829 3300 τὸ
2856 3252 3001 3300 πλεῦν
3024 3250 3295 3310 ἡλικίης,
3322 3251 3480 3313 γήρως
3506 3249 3555 3298 δ’

1988 3323 2179 3385 ἀδρανίῃ
2192 3323 2388 3372 δέδεται.
2419 3341 2443 3364 »
2469 3320 2761 3370 Meiackius
2779 3321 2843 3370 ad
2872 3318 3079 3370 Theocr.
3108 3335 3157 3384 p.
3187 3325 3296 3370 362.

2050 3491 2193 3538 CCC.
2215 3514 2277 3526 —
2306 3492 2350 3537 1.
2379 3490 2692 3538 Hermannus
2726 3487 3039 3538 scribendum
3060 3489 3205 3550 putat
3240 3507 3253 3538 ε
3278 3487 3549 3552 Ἀφρογε-

1985 3561 2111 3620 νὲς,
2144 3561 2407 3618 σπανίης
2434 3562 2605 3618 ταύτην
2624 3561 2772 3622 χάριν.

2049 3705 2239 3754 eccll.
2261 3733 2321 3745 -
2343 3707 2371 3754 7
2404 3704 2533 3753 λειτᾶ
2564 3702 2689 3754 cod.
2716 3716 2815 3755 sec.
2839 3703 2987 3753 Salm.

2052 3847 2263 3896 eccm.
2299 3871 2362 3882 -
2406 3851 2448 3895 1.
2476 3818 2551 3896 Im
2576 3847 2764 3910 μυχὸν.
2808 3867 2832 3888 «
2860 3845 3055 3895 videtur
3092 3842 3224 3894 aliud
3250 3845 3428 3906 fuisse,
3458 3845 3549 3896 sed

1988 3919 2266 3967 correctum
2289 3917 2341 3966 in
2362 3916 2674 3968 membranis.
2707 3943 2773 3954 --
2804 3923 2833 3967 2
2860 3917 3013 3974 λειτὴν
3040 3919 3099 3965 V.
3130 3919 3187 3964 C.
3208 3936 3233 3959 υ
3254 3915 3419 3966 Salm.

2050 4075 2262 4123 ccc1v.
2292 4098 2351 4109 —
2378 4081 2406 4124 2
2439 4073 2543 4123 2026·
2570 4091 2595 4124 ε
2612 4075 2847 4138 ὗαρχον
2886 4077 3024 4126 tenet
3062 4076 3396 4132 Hermannns,
3418 4074 3545 4125 alte-

1986 4159 2097 4195 rum
2120 4145 2183 4195 ab
2208 4144 2304 4195 hac
2352 4145 2489 4210 poesi
2528 4147 2740 4196 alienum
2780 4149 3021 4210 judicans.
3060 4147 3199 4196 Idem
3236 4165 3261 4188 τι
3305 4147 3553 4196 sententia

1986 4217 2111 4266 duce
2136 4235 2161 4259 »
2188 4215 2389 4266 tertium
2410 4215 2655 4266 distichon
2676 4218 2915 4280 praeponit
2944 4217 3159 4267 secundo
3180 4215 3251 4266 sic
3270 4215 3507 4279 scriptum
3532 4237 3545 4264 :

2110 4367 2224 4417 αὐτὸ
2245 4367 2325 4416 τὸν
2344 4368 2559 4424 αὐδάσεις
2584 4368 2641 4429 με’
2667 4367 2751 4415 τιν’
2784 4367 2840 4415 οὐ
2860 4367 2994 4430 κρέας
3008 4402 3023 4426 ,
3045 4366 3160 4415 ἀλλὰ
3178 4365 3419 4414 Θάλασσαν

2171 4443 2383 4500 τιμῶντα
2400 4440 2617 4502 ψαφαροῦ
2640 4437 2909 4500 πλάσματος
2930 4439 2993 4492 εἰς
3023 4437 3232 4498 ἀπάταν,

1986 4577 2186 4626 vertens
2218 4594 2232 4626 z
2263 4588 2418 4640 quem
2467 4575 2525 4624 id
2548 4579 2723 4638 ips-um
2760 4576 3001 4634 vocabis,
3026 4575 3257 4639 aliquem
3285 4587 3393 4623 non
3420 4587 3544 4622 car-

1984 4658 2125 4702 nem,
2147 4646 2238 4696 sed
2273 4657 2426 4695 mare
2448 4647 2786 4710 probantem.
2818 4648 2875 4694 in
2904 4644 3159 4709 fraudem
3186 4643 3352 4695 aesdae
3380 4641 3538 4707 ossae.

2049 4787 2307 4836 cccvm.
2328 4813 2389 4821 -—
2418 4793 2447 4836 6
2474 4805 2497 4829 «ι
2520 4787 2657 4834 Καλά
2673 4821 2688 4845 ,
2713 4785 2761 4834 id
2786 4789 2861 4835 est
2884 4788 2947 4842 εἰς
2968 4787 3153 4841 κάλλος.
3176 4805 3201 4828 ιο
3227 4783 3389 4834 Salm.
3411 4809 3473 4820 —
3492 4788 3542 4832 3.

1990 4877 2013 4900 α
2046 4857 2097 4905 Si
2126 4857 2311 4906 scribas
2342 4859 2709 4920 κάντίχαριν
2747 4857 2991 4916 Μούσαις,
3019 4854 3204 4905 servari
3228 4856 3390 4917 potest
3430 4855 3544 4908 θῆκέ

1986 4945 2043 4990 με
2069 4927 2118 4976 in
2150 4941 2295 4978 versu
2321 4932 2367 4977 4.
2397 4949 2418 4971 υ
2450 4927 2676 4979 Meinek.
2704 4925 2775 4975 lbi
2810 4929 3117 4976 Hermannus
3146 4925 3403 4988 πρεσὸὺν
3434 4925 3542 4974 σὺν

1964 5055 1969 5064 .
1984 4997 2181 5062 θορὺὅῳ.
