3829 5747
414 238 489 294 40
1520 226 2025 289 ANTHOLOGIAE
2067 224 2467 289 PALATINAE

486 366 763 442 θαύματος,
794 366 837 422 εἶ
864 365 1088 443 Χριστοῦ
1108 360 1313 437 πνεῦμά
1336 360 1385 419 α’
1409 358 1547 439 ἔχει,
1569 358 1745 426 νοέεις.

622 508 699 555 77.
729 505 807 560 Εἰς
824 504 909 561 τήν
930 502 1076 565 χήραν
1096 502 1179 560 τὴν
1197 501 1276 549 τὸν
1299 498 1459 547 Ἠλίαν
1482 499 1731 562 θρέψασαν.

410 625 593 693 Βλόζει
618 624 835 702 ἕλαιηρὴ
858 624 1044 688 κάλπις
1072 621 1161 681 καὶ
1184 620 1337 691 κίστη
1363 620 1607 703 ἀλεύρου,

488 712 707 790 ἔμπεδον
736 720 767 782 ἡ
795 710 934 789 χήρη
964 708 1146 767 οὕνεκα
1172 706 1346 765 πίστιν
1370 706 1500 786 ἔχει.

772 852 848 899 78.
881 850 959 903 Et:
984 850 1159 912 Πέτρον
1184 848 1265 896 τὸν
1290 846 1563 896 ἀπόστολον.

411 976 630 1035 Πάντων
660 971 926 1052 ἀρχιερεὺς
955 970 1149 1049 Πέτρος
1174 975 1286 1028 θεοῦ
1316 969 1633 1047 ἀρχιερήων,

486 1060 539 1128 ὃς
568 1066 682 1119 θεοῦ
709 1063 769 1117 ἐκ
795 1063 966 1139 φωνῆς
994 1058 1185 1134 ἔλλαχε
1206 1062 1356 1115 τοῦτο
1376 1058 1551 1135 γέρας.

784 1206 860 1253 79.
890 1201 969 1256 Εἷς
990 1200 1175 1251 Παῦλον
1196 1201 1275 1249 τὸν
1292 1198 1569 1249 ἀπόστολον.

407 1330 617 1392 Παῦλος
644 1326 755 1385 ἐπεὶ
780 1329 909 1383 θεῖον
940 1324 1092 1390 σέλας
1119 1325 1333 1400 οὐρανοῦ
1362 1323 1573 1401 ἔδρακεν
1600 1322 1783 1393 ἄντην,

484 1413 649 1492 φωτὸς
673 1412 967 1491 ἀπειρεσίου
989 1415 1143 1489 γαῖαν
1166 1410 1387 1481 ἔπλησεν
1410 1409 1555 1481 ὅλην.

758 1550 835 1595 80.
862 1546 946 1600 Εἰς
975 1544 1192 1601 Ἰωάννην
1214 1544 1293 1591 τὸν
1312 1542 1594 1619 ἀπόστολον.

404 1668 691 1749 Ἀρχιερεὺς
716 1668 963 1748 Ἐφέσοιο
985 1653 1227 1746 θεηγόρος
1247 1670 1304 1726 ἐκ
1328 1671 1441 1725 θεοῦ
1463 1656 1607 1724 εἶπεν

484 1760 691 1837 πρῶτος
711 1755 959 1828 Ἰωάννης
978 1799 995 1832 ,
1022 1759 1091 1822 ὡς
1116 1754 1224 1821 Θεὸς
1248 1746 1311 1825 ἦν
1340 1758 1367 1811 ὁ
1393 1754 1563 1832 λόγος.

932 1898 1009 1943 81.
1045 1895 1124 1950 Εἰς
1152 1894 1231 1943 τὸν
1252 1893 1409 1942 αὐτόν.

404 2014 513 2075 Καὶ
538 2012 809 2079 λαλέοντος
836 2014 1027 2074 ἄκουσε
1056 2015 1227 2090 Λόγου
1254 2014 1343 2073 καὶ
1362 2014 1619 2095 πέφραδεν
1646 2017 1801 2082 αὐτὸς

482 2106 683 2183 πρῶτος
708 2101 955 2173 Ἰωάννης
971 2148 988 2179 ‚
1013 2106 1082 2170 ὡς
1108 2104 1216 2170 θεὸς
1244 2095 1307 2174 ἦν
1330 2108 1357 2161 ὃ
1383 2103 1553 2182 λόγος.

687 2246 763 2291 82.
787 2242 865 2297 Εἰς
882 2242 961 2290 τὸν
985 2241 1123 2290 αὐτὸν
1146 2242 1405 2292 ἀπόστολον
1422 2242 1656 2299 Ἰωάννην.

404 2359 665 2437 Οὐρανίης
689 2360 868 2439 σοφίης
894 2362 1159 2438 θεοτερπὲς
1187 2363 1337 2437 δῶμα
1361 2362 1581 2440 κιχήσας

481 2438 621 2506 εἶπεν
646 2446 919 2521 Ἰωάννης,
942 2452 1011 2514 ὡς
1033 2450 1141 2517 θεὸς
1170 2442 1231 2522 ἦν
1261 2456 1288 2508 ὁ
1311 2449 1479 2526 λόγος.

890 2593 964 2639 83.
998 2592 1077 2645 Εἰς
1101 2591 1180 2638 τὸν
1204 2591 1455 2639 Ματθαϊον.

403 2710 579 2791 Γράψε
602 2716 716 2770 θεοῦ
740 2710 1027 2788 σαρκώσιος
1051 2711 1205 2791 ἔξοχα
1229 2710 1471 2786 θαύματα
1496 2712 1667 2771 πάντα

402 2799 665 2865 Ματθαῗος
690 2800 999 2877 σελίδεσσιν,
1031 2801 1141 2857 ἐπεὶ
1168 2799 1287 2859 λίπε
1312 2801 1461 2876 δῶμα
1491 2798 1729 2857 τελώνου.

908 2942 983 2988 84.
1018 2939 1097 2994 Εἰς
1124 2941 1201 2987 τὸν
1227 2943 1435 2988 Λουκᾶν.

402 3049 676 3109 Ἀθανάτου
704 3050 895 3129 βιότοιο
922 3054 1205 3131 τελεσφόρα
1232 3051 1469 3130 ἔργματα
1499 3057 1733 3132 Χριστοῦ

399 3137 616 3196 πυκτίου
642 3142 694 3195 ἐν
719 3139 991 3216 λαγόνεσσι
1015 3142 1188 3218 σαφῶς
1212 3139 1463 3197 ἐνέπασσέ
1492 3163 1552 3217 γε
1583 3146 1804 3208 Λουκᾶς.

906 3282 983 3328 85.
1018 3279 1094 3334 Εἷς
1118 3279 1197 3327 τὸν
1218 3277 1425 3342 Μάρκον.

400 3393 480 3452 Οὗ
504 3390 618 3450 κατ’
646 3391 945 3467 ἐπωνυμίην
976 3391 1256 3468 Αἰγύπτιον
1288 3393 1477 3471 ἔλλαχε
1502 3392 1627 3451 λαὸν

478 3477 641 3558 ὄρφνη
661 3521 679 3550 ,
707 3479 817 3536 ἐπεὶ
847 3481 1015 3558 φωνῆς
1044 3478 1265 3557 Μάρκου
1293 3481 1468 3538 ἔδεκτο
1496 3481 1644 3560 φάος.

826 3623 902 3668 86.
924 3620 1002 3674 Εἰς
1018 3619 1096 3666 τὸν
1116 3617 1244 3679 ἅγιον
1265 3618 1519 3668 Βασίλειον.

400 3739 694 3818 Παρθενίην
720 3739 987 3806 Βασίλειος
1016 3741 1257 3800 Ἰωάννου
1286 3741 1466 3820 σοφίην
1492 3765 1551 3801 τε

479 3827 718 3906 ἔλλαχεν,
737 3819 834 3884 ἶσα
860 3826 1038 3905 λαχὼν
1067 3829 1155 3884 καὶ
1181 3831 1307 3886 τάδε
1330 3829 1623 3909 Γρηγορίῳ.

775 3971 853 4019 87.
884 3967 964 4024 Εἰς
992 3969 1071 4016 τὸν
1090 3968 1222 4029 ἅγιον
1242 3969 1560 4032 Πολῦκαρπον.

397 4089 703 4170 Οἶκτίρξ.ν.σ.ιι)νι
730 4090 1105 4170 Πολύκαρπος,
1129 4089 1157 4149 ὃ
1180 4091 1270 4149 καὶ
1294 4092 1465 4169 θρόνον
1495 4096 1769 4172 ἅρχιερῆος

478 4179 601 4259 ἔσχε
622 4180 712 4238 καὶ
736 4180 988 4260 ἀτρεκέως
1010 4181 1293 4260 μαρτυρίης
1316 4179 1615 4260 στεφάνους.

807 4324 883 4370 88.
916 4322 995 4376 Εἰς
1018 4321 1096 4370 τὸν
1122 4321 1252 4382 ἅγιον
1273 4321 1531 4369 Διονύσιον.

401 4434 674 4515 Οὖρανίων
698 4433 885 4492 θιάσων
911 4436 1186 4514 ἱεραρχικὰ
1214 4435 1460 4513 τάγματα
1486 4437 1683 4515 μέλψας
1699 4481 1716 4508 ,

402 4525 746 4600 μορφοφανῶν
774 4545 828 4578 τε
858 4520 1032 4580 τύπων
1056 4524 1266 4602 κρύφιον
1292 4523 1402 4581 νόον
1428 4525 1497 4590 εἰς
1526 4524 1651 4602 φάος
1680 4523 1861 4599 ἕλκων,

401 4611 672 4688 ζωοσόφων
700 4609 884 4686 λογίων
911 4612 1185 4688 θεοτερπέα
1209 4611 1401 4689 πυρσὸν
1426 4612 1689 4678 άνάπτεις.

802 4743 877 4788 89.
910 4739 987 4795 Εἰς
1015 4741 1093 4789 τὸν
1122 4739 1251 4799 ἅγιον
1282 4742 1530 4791 Νικόλαον.

404 4851 667 4914 Νικόλεων
697 4852 909 4912 Πολύκα
920 4877 1041 4932 ρπος
1068 4853 1179 4934 ἔχει
1206 4857 1415 4934 σχεδὸν,
1447 4857 1649 4917 οὕνεκεν
1677 4859 1833 4938 ἄμφω

483 4941 551 5005 εἷς
580 4939 719 4999 ἔλεον
748 4941 996 5018 παλάμας
1020 4940 1172 5022 ἔσχον
1198 4943 1543 5019 ἑτοιμοτάτας.

2101 370 2344 432 miraculi,
2370 370 2411 420 si
2434 368 2614 421 Christi
2636 369 2837 433 spiritus
2853 374 2904 421 te
2928 369 3101 433 habet,
3125 370 3363 435 intelligis.

2373 512 2440 555 77.
2465 515 2518 555 in
2537 511 2714 555 viduam
2735 522 2834 567 quae
2851 510 2990 555 annm
3009 510 3228 567 pascebat.

2042 633 2251 683 scaturit
2273 632 2446 683 oleat-is
2466 631 2690 695 lecythus
2715 634 2764 682 et
2784 631 2958 694 hydria
2987 632 3155 681 sarinae
3169 669 3182 692 ‚

2102 720 2292 770 firmam
2319 720 2466 769 vidua
2483 720 2711 783 quoniam
2734 719 2881 769 iidem
2900 718 3062 768 habet.

2473 859 2542 903 78.
2569 861 2622 901 ιιι
2647 860 2832 903 Petrum
2851 858 3120 915 apostolum.

2042 977 2272 1027 Omnium
2307 976 2770 1041 summus-pontifex
2807 980 2878 1052 esp
2912 978 3086 1027 Petrus
3135 975 3223 1026 Dei
3273 989 3574 1027 summor-im

2097 1066 2182 1129 qui
2203 1078 2258 1115 ex
2275 1065 2364 1115 Dei
2385 1078 2468 1115 ore
2490 1065 2701 1116 obtinuit
2716 1058 2838 1115 illu‘d
2858 1078 3054 1115 munus.
3243 1064 3548 1128 [pontificum
3564 1103 3577 1125 ‚

2484 1207 2552 1251 79.
2583 1208 2636 1250 ln
2655 1205 2840 1250 muium
2855 1204 3119 1261 apostolum.

2039 1331 2244 1390 Paulus,
2267 1332 2525 1393 postquam
2549 1329 2772 1378 divinum
2802 1329 2965 1391 fulgur
2992 1328 3100 1377 coeli
3126 1328 3372 1390 conspexit
3391 1343 3576 1385 coram,

2101 1418 2284 1468 lumine
2307 1416 2496 1467 infinito
2517 1420 2698 1467 terram
2719 1416 2977 1479 complevit
3005 1417 3297 1466 universam.

2465 1556 2533 1599 80.
2553 1558 2606 1598 1n
2624 1557 2844 1599 Joannem
2861 1554 3128 1610 apostolum.

2037 1679 2507 1742 Summus-pontifex
2533 1678 2710 1742 Ephesi
2736 1678 3118 1741 divina-loquens
3138 1694 3192 1729 ex
3218 1684 3316 1729 Deo
3337 1680 3458 1730 dixit

2097 1769 2284 1833 primus
2303 1770 2538 1829 JoanneS,
2565 1768 2712 1817 deum
2730 1780 2838 1816 esse
2857 1766 3088 1816 Verbum.

2613 1909 2680 1951 8¹.
2709 1909 2760 1950 ln
2779 1905 2986 1951 eundem.

2037 2033 2098 2080 Et
2119 2030 2320 2093 loquens
2341 2029 2530 2079 audivit
2551 2030 2764 2079 Verbum
2778 2067 2790 2089 ‚
2813 2033 2864 2080 et
2881 2028 2999 2079 dixit
3019 2029 3122 2091 ipse

2097 2118 2284 2182 primus
2309 2120 2518 2167 loannes
2531 2157 2543 2180 ,
2568 2118 2717 2167 deum
2735 2130 2841 2167 esse
2860 2117 3090 2166 Verbum.

2367 2259 2434 2301 82.
2461 2260 2510 2301 111
2530 2257 2721 2302 exnudem
2739 2258 2990 2313 apostolum
3009 2260 3246 2303 Joannem.

2039 2379 2260 2429 Coelestis
2281 2378 2526 2442 sapientiai
2553 2382 2876 2442 gratum-Deo
2900 2378 3132 2441 palatium
3155 2380 3424 2443 qui-atiig't

2099 2466 2216 2517 dixit
2238 2469 2446 2517 Joannes
2469 2466 2616 2515 deum
2637 2480 2743 2517 esse
2771 2466 2998 2516 verbum.

2594 2610 2658 2653 8³.
2685 2612 2736 2652 ln
2761 2607 3029 2652 matthaeum.

2037 2732 2238 2795 Scripsit
2257 2732 2346 2781 Dei
2373 2731 2711 2781 incantationis
2729 2732 2974 2794 praecipue
2989 2730 3218 2781 miracula
3233 2736 3408 2783 cuncta

2037 2820 2296 2870 Matthaeus
2316 2818 2525 2884 paginis,
2548 2822 2808 2883 postquam
2834 2818 3026 2882 reliquit
3053 2819 3251 2868 domum
3272 2820 3502 2873 telonarii.

2625 2961 2692 3002 88.
2725 2961 2776 3002 ln
2806 2961 2983 3002 Lucam·

2035 3075 2323 3130 immortalis
2344 3080 2460 3130 vitoe
2482 3079 2724 3142 perfectos
2751 3082 2894 3129 actus
2920 3078 3099 3129 Christi
3168 3127 3176 3132 .

1977 3215 1982 3220 ,
2033 3166 2294 3215 voluminis
2315 3166 2366 3214 in
2389 3165 2713 3229 penetralibus
2733 3165 2988 3228 perspicue
3011 3165 3214 3216 intexuit
3237 3169 3410 3219 Lucas.

2617 3305 2683 3347 85.
2707 3305 2759 3346 in
2779 3305 2994 3347 marcum.

2035 3431 2137 3477 Non
2155 3440 2242 3491 pro
2261 3429 2576 3490 cognomento
2602 3427 2878 3490 AEgyptium
2907 3425 3077 3476 habuit
3101 3428 3336 3490 populum

1989 3517 2003 3534 ⁴
2095 3529 2204 3577 nox,
2229 3519 2487 3579 postquam
2507 3515 2640 3564 vocis
2662 3515 2809 3564 Marc-i
2831 3518 3081 3578 acceperat
3102 3517 3280 3566 lumen.

2575 3653 2642 3696 86.
2669 3653 2722 3695 ln
2741 3655 2784 3695 8.
2807 3651 3033 3696 Basilium.

2036 3773 2366 3838 Virginitatem
2389 3772 2596 3822 Basilius
2615 3771 2815 3822 Joannis
2837 3771 3219 3835 sapientiamque

2096 3861 2330 3923 obtinuit,
2353 3859 2572 3910 similiter
2589 3859 2811 3909 obtinens
2833 3862 2883 3909 et
2905 3859 2988 3908 illa
3009 3859 3252 3922 Gregorio.

2523 4001 2590 4044 87.
2619 4002 2671 4043 ln
2691 4003 2734 4043 8.
2765 3999 3080 4056 polycarpum.

2034 4126 2309 4177 Misericors
2335 4127 2653 4189 polycarpus,
2682 4126 2767 4189 qui
2788 4129 2837 4176 et
2855 4126 3020 4176 sedem
3044 4127 3482 4191 summi-pontilicis

2095 4214 2266 4267 babuit
2285 4217 2335 4264 et
2357 4228 2469 4264 vere
2491 4214 2707 4276 martyrii
2728 4228 2942 4264 coronas.

2547 4356 2613 4398 88.
2641 4356 2692 4397 in
2714 4357 2759 4398 S.
2779 4355 3058 4408 Dionysium.

2033 4441 2314 4492 Coelestium
2331 4439 2600 4491 thiasos-um
2609 4439 2936 4492 hierarc-bicos
2949 4441 3141 4492 ordines
3152 4443 3238 4504 qui
3257 4443 3508 4494 celebrasti
3525 4450 3578 4496 et

2033 4530 2349 4593 figuratorum
2367 4532 2594 4590 typorum
2611 4542 2842 4578 arcanum
2857 4543 3051 4579 sensum
3071 4529 3122 4578 in
3143 4531 3302 4580 lucem
3313 4532 3574 4595 protrahis,

2033 4603 2836 4678 vitam-quas-saciunt-sapientem
2859 4616 3164 4666 oraculorum
3179 4619 3482 4681 Dec-gratam
3499 4619 3574 4668 sa-

3173 4707 3192 4770 [
3207 4721 3311 4757 cem
3333 4704 3560 4756 accendis

2554 4767 2621 4808 89.
2649 4767 2700 4808 ln
2727 4768 2772 4808 8.
2803 4765 3049 4809 Nicolaum.

2031 4870 2278 4920 Nicolaum
2299 4870 2592 4932 Poly-carpus
2613 4869 2757 4919 babet
2780 4869 3051 4930 in-vicinia‚
3072 4870 3302 4931 quoniam
3321 4869 3470 4919 arrabo

2088 4958 2138 5008 in
2160 4957 2532 5008 misericordiam
2551 4959 2733 5022 palmas
2753 4957 3025 5008 habuerunt
3047 4957 3390 5022 paratissimas.
