3829 5747
937 167 1182 228 CAPUT
1224 170 1346 228 vu.
1395 169 1952 231 EPIGRAMMATA
1991 169 2532 232 SEPULCRALIA.

240 299 395 380 πικρὸν
426 299 658 377 ἕγείρητε
685 297 841 378 effa?
870 299 1285 376 ἀναπαυόμενον.

180 385 292 468 Ἄρτι
316 387 403 466 γὰρ
428 386 788 453 Ἱππώνακτος
817 391 845 445 δ
870 387 959 445 καὶ
987 387 1177 449 τοκέων
1198 389 1528 458 καταὸαύξας

240 479 335 554 ἄρτι
358 477 663 552 κεκοίμηται
692 475 849 553 θυμὸς
873 479 923 534 ἐν
954 477 1171 556 ἡσυχίῃ.

146 567 302 625 ΒἈλλὰ
322 563 723 642 προμηθήσασθε
742 587 755 600 ·
782 563 847 622 τὰ
873 563 975 643 γὰρ
1003 564 1357 642 πεπυρωμένα
1380 565 1547 623 κείνου

239 653 423 735 ῥήματα
444 653 728 729 πημαίνειν
760 641 865 711 οἶδε
892 654 982 712 καὶ
1006 656 1079 711 εἷν
1109 652 1270 732 Ἀΐδῃ.

303 804 433 854 409.
476 794 971 854 ΑΝΤΙΠΛΤΡΟΥ
1011 793 1522 855 ΘΕΣΣΑΛΟΝΙΚ.
1580 869 1591 880 ι

176 931 395 1011 Ὀὅριμον
422 932 696 1008 ἀκαμάτου
725 934 901 1013 στίχον
928 933 1129 993 αἴνεσον
1159 934 1492 1014 Ἀντιμάχοιο
1510 981 1525 1010 ,

238 1020 358 1088 ἄξιον
387 1021 617 1101 ἀρχαίων
638 1025 825 1102 ὀφρύος
844 1022 1074 1100 ἡμιθέων
1090 1067 1107 1096 ,

176 1109 391 1186 Πιερίδων
414 1111 706 1188 χαλκευτὸν
731 1113 815 1169 ἐπ’
839 1110 1060 1184 ἄκμοσιν
1081 1155 1098 1186 ,
1126 1113 1171 1168 εἷ
1199 1110 1347 1190 τορὸν
1372 1101 1491 1177 οῧας

236 1197 461 1277 ἔλλαχες,
483 1201 527 1256 εἷ
555 1200 728 1267 ζαλοῖς
752 1199 847 1256 τὰν
878 1199 1167 1274 ἀγέλαστον
1194 1199 1327 1269 ὄπα,

120 1313 137 1348 5
176 1289 209 1343 εἰ
226 1285 312 1343 τὰν
344 1285 580 1366 ἅτριπτον
609 1285 703 1346 καὶ
728 1287 1022 1361 ἀνέμὸατον
1051 1288 1283 1365 ἀτραπὸν
1312 1288 1489 1353 ἄλλοις

232 1373 413 1448 μαίεαι.
495 1377 561 1436 Εἴ
587 1375 631 1433 δ’
656 1375 832 1449 ὕμνων
864 1383 1130 1454 σκᾶπτρον
1148 1375 1393 1454 ςΌμηρος
1424 1375 1567 1454 ἔχει,

174 1464 243 1522 καὶ
270 1463 388 1530 Ζεύς
407 1486 484 1523 τοι
510 1465 746 1544 κρέσσων
786 1463 1143 1542 Ἐνοσίχθονος
1161 1488 1174 1501 ·
1214 1466 1329 1542 ἀλλ’
1362 1463 1685 1543 Ἐνοσίχθων

230 1556 316 1610 τοῦ
340 1553 427 1624 μὲν
455 1551 546 1632 ἔφυ
574 1554 766 1627 μείων,
797 1554 1072 1610 ἀθανάτων
1104 1552 1148 1609 δ’
1169 1551 1381 1619 ὕπατος·

172 1639 238 1696 καὶ
257 1639 433 1718 ναετὴρ
456 1642 760 1720 Κολοφῶνος
778 1641 1086 1709 ὑπέζευκται
1115 1642 1209 1716 μὲν
1240 1640 1491 1721 Ὁμήρῳ,

104 1745 137 1782 10
232 1728 415 1802 ἁγεῖται
432 1727 476 1786 δ’
502 1729 675 1786 ἄλλοιν
709 1727 932 1796 πλάθεος
955 1728 1283 1804 ὑμνοπόλων.

547 1881 683 1931 ⁴10.
726 1863 1256 1932 ΔΙΟΣΚΟΡΙΔΟΥ.

174 2006 339 2074 Θέσπις
364 2007 472 2082 ὅδε,
503 2009 759 2086 τραγικὴν
788 2008 841 2078 ὃς
878 2011 1141 2070 ἀνέπλασε
1174 2016 1377 2092 πρῶτος
1404 2012 1583 2084 ἀοιδὴν
1668 2070 1678 2076 ,

234 2097 477 2170 κωμήταις
501 2097 690 2178 νεαρὰς
714 2102 1035 2173 καινοτομῶν
1055 2102 1274 2178 χάριτας
1293 2146 1308 2167 ,

174 2181 341 2258 Βάκχος
366 2182 447 2241 ὅτε
468 2184 677 2265 τριττὸν
704 2185 823 2242 κάτ’
854 2185 970 2261 ἄγοι
998 2187 1158 2262 χορὸν
1177 2232 1193 2259 ,
1220 2178 1262 2264 ᾧ
1288 2185 1477 2266 τράγος
1515 2179 1683 2246 ἄθλων

230 2271 455 2346 χὼττικὸς
482 2265 545 2344 ἦν
574 2273 747 2330 σύκων
772 2272 983 2353 ἄῤῥιχος
1010 2265 1164 2330 ἆθλον
1188 2273 1286 2333 ἔτι.

173 2356 225 2411 Οἱ
250 2356 294 2413 δὲ
318 2359 730 2432 μεταπλᾶσσουσι
754 2360 859 2419 νέοι
888 2363 1032 2420 τάδε·
1064 2360 1242 2440 μυρίος
1265 2361 1391 2419 αἰὼν

230 2445 380 2502 πολλὰ
402 2448 747 2526 προσευρήσει
780 2449 1007 2528 χᾶτερα·
1034 2449 1180 2526 τάμὰ
1210 2449 1253 2506 δ’
1285 2450 1409 2524 ἐμά.

639 2593 763 2642 411.
804 2595 920 2640 ΤΟΥ
956 2595 1161 2644 ΑΥΤΟΥ.

170 2711 392 2781 θέσπιδος
414 2716 606 2798 εὕρεμα
627 2723 779 2777 τοῦτο
794 2763 810 2795 ,
833 2718 898 2776 τά
920 2719 965 2776 τ’
996 2723 1271 2796 ἀγροιῶτιν
1304 2720 1383 2776 ἀν’
1409 2717 1536 2776 ὕλαν

230 2802 425 2879 παίγνια
442 2849 457 2875 ,
484 2805 573 2863 καὶ
598 2805 805 2883 κώμους
829 2805 1005 2864 τούσδε
1028 2806 1372 2880 τελειοτέρους

174 2890 397 2967 Αἰσχύλος
421 2892 709 2972 ἐξύψωσεν,
732 2900 761 2953 ὁ
788 2894 861 2969 μὴ
896 2896 1148 2968 σμιλευτὰ
1172 2895 1406 2973 χαράξας

228 2979 493 3055 γράμματα
510 3024 527 3055 ,
563 2982 839 3062 χειμάῤῥῳ
864 2982 908 3038 δ’
930 2973 1015 3040 οἶα
1050 2982 1074 3003 '
1107 2983 1469 3060 καταρδόμενα
1487 3028 1501 3052 ,

166 3063 235 3119 καὶ
254 3067 313 3124 τὰ
336 3068 469 3125 κατὰ
498 3070 697 3142 σκηνὴν
729 3074 1103 3143 μετεκαίνισεν.
1130 3061 1210 3130 ἸὨ
1234 3071 1403 3146 στόμα
1432 3071 1643 3128 πάντων

228 3152 249 3176 *
269 3154 441 3227 δεξιὸν,
471 3159 707 3237 ἀρχαίων
734 3150 871 3229 ἦσθά
900 3182 976 3225 τις
1004 3160 1254 3235 ἡμιθέων.

394 3307 526 3356 412.
573 3299 917 3358 ΔΛΚΑΙΟΥ
958 3300 1423 3359 ΜΕΣΣΙΙΝΙΟΥ.

166 3424 295 3485 Πᾶσά
310 3455 385 3489 τοι
405 3435 695 3517 οἰχομένῳ,
727 3436 943 3509 Πυλάδη
960 3482 976 3513 ‚
1004 3438 1266 3496 κωκύεται
1295 3437 1489 3505 Ἑλλὰς
1510 3483 1523 3508 ,

223 3512 459 3577 ἄπλεκτον
486 3523 677 3601 χαίταν
707 3526 762 3582 ἐν
788 3523 909 3604 χροῒ
938 3525 1245 3603 κειραμένα·

164 3600 285 3667 αὐτὸς
307 3603 624 3687 δὀἅτμήτοιο
653 3610 814 3685 κόμας
845 3613 1145 3681 ἀπεθήκατο
1174 3614 1367 3693 δάφνας

222 3690 403 3757 meten<
422 3737 439 3767 ‚
467 3694 547 3751 ἑὸν
575 3702 743 3770 τιμῶν
770 3691 805 3774 ἦ
834 3702 976 3774 θέμις
1000 3702 1307 3777 ὑμνοπόλον·

180 3839 227 3848 —

206 3928 561 3995 Expergei'acias,
585 3952 729 4001 quem
764 3953 908 4003 sopor
936 3937 1059 3988 altus
1078 3938 1239 3990 habet.

156 4007 439 4073 Hipponactis
462 4016 591 4067 enim
622 4036 731 4085 quae
749 4029 885 4071 natos
908 4039 1029 4072 saeva
1055 4024 1247 4073 latravit

205 4095 268 4140 Ira
292 4112 427 4159 suos,
454 4102 607 4151 multa
626 4119 757 4153 nunc
780 4106 925 4155 cubat
944 4107 993 4155 in
1020 4108 1205 4172 requie.

155 4172 223 4217 s-›zl
242 4190 345 4225 cave
370 4196 507 4232 nunc
527 4184 675 4233 eiiam
692 4186 829 4236 sodes
857 4204 870 4237 :
898 4204 957 4237 ex
994 4189 1139 4253 ipsius
1164 4191 1271 4239 aula

204 4256 307 4307 Ditis
328 4261 489 4313 adhuc
516 4265 695 4316 laedunt
712 4267 849 4331 ignea
874 4269 999 4318 dicta
1025 4270 1131 4321 viri.

446 4400 570 4456 4⁰9·
600 4411 860 4443 siv-rnna:
894 4412 1364 4456 vnnsssrnutcsusxs,

200 4488 251 4536 d‘
274 4496 567 4545 Affm'mssclto
592 4501 913 4572 Colopkom‘o,
946 4506 1027 4572 qui
1052 4508 1259 4555 Homero
1284 4515 1608 4573 comparatur.

150 4626 389 4679 Antimachi
420 4632 575 4684 fortes
595 4651 825 4685 numeros
846 4650 895 4689 et
920 4642 1133 4692 carmina
1159 4642 1299 4691 lauda

202 4710 397 4761 Heroum
421 4726 651 4766 veterum
679 4718 819 4783 digna
849 4723 1138 4786 supercilio;

152 4787 337 4843 formata
361 4798 537 4848 Aoniis
558 4798 836 4858 incudibus,
869 4802 999 4852 auris
1016 4814 1156 4853 acuta

200 4874 241 4921 Si
266 4877 378 4942 tibi,
406 4882 450 4930 si
480 4891 567 4932 tua
592 4900 725 4933 mens
753 4901 837 4935 ora
867 4902 1031 4936 severa
1058 4888 1253 4952 probat,

152 4955 307 5011 §uilius
323 4964 441 5028 pede
478 4967 597 5017 trita
616 4969 753 5032 jnnvat
784 4969 821 5018 si
846 4977 892 5019 te
923 4970 1013 5021 via.
1036 4972 1176 5033 Quod
1208 4972 1247 5018 si

3223 177 3327 234 351

1837 324 2059 375 asperam
2084 311 2330 362 suscitetis
2349 325 2549 375 vespam
2575 312 2977 374 requiescentem.

1776 402 1940 463 Nuper
1962 400 2090 448 enim
2115 399 2442 462 Hipponactis,
2467 400 2552 463 qui
2569 400 2714 449 etiam
2735 400 3032 463 in-parentes
3048 400 3305 460 alienavit,

1838 501 1994 551 nuper
2015 487 2307 538 obdormivit
2329 487 2840 551 impetuosus-animus
2867 488 2916 537 in
2945 489 3130 551 requie.

1777 575 1873 625 Sed
1887 578 2162 640 praecavete
2191 596 2203 624 ι
2225 576 2376 639 ignita
2402 575 2531 625 enim
2548 575 2692 625 istius

1837 663 1987 713 verba
2010 662 2188 712 laedere
2213 666 2457 712 noverunt
2483 663 2629 712 etiam
2658 663 2708 712 in
2733 665 2874 712 Orco.

1997 808 2107 856 409.
2142 807 2470 855 ANTIPATRI
2511 807 3121 856 THESSALONICENSlS.

1774 945 1968 994 Fortem
1986 943 2217 994 indefessi
2235 959 2434 994 versum
2459 945 2608 994 lauda
2631 943 2904 995 Antimachi
2917 983 2930 1004 ‚

1839 1032 2041 1095 dignum
2071 1034 2382 1095 antiquorum
2402 1033 2660 1098 supercilio
2685 1033 3036 1096 semideorum‚

1775 1119 2024 1169 Pieridum
2053 1121 2334 1171 malleatum
2359 1120 2411 1170 iu
2432 1121 2724 1182 incudibus,
2753 1121 2794 1170 si
2815 1125 3019 1171 teretem
3049 1135 3216 1171 aurem

1837 1207 2144 1270 es-sortitus‚
2167 1211 2209 1258 si
2242 1209 2448 1259 assectas
2465 1208 2866 1258 a-risu-alienum
2895 1223 3194 1270 sermonem,

1775 1294 1815 1344 si
1838 1309 1938 1344 non
1955 1295 2194 1344 calcatam
2217 1298 2268 1345 et
2287 1296 2586 1346 inaccessam
2619 1296 2841 1345 semitam
2863 1295 2970 1345 aliis

1836 1385 2039 1448 appetis.
2106 1385 2156 1435 Si
2184 1399 2300 1435 vero
2324 1385 2620 1450 hymnorum
2639 1389 2890 1450 sceptrum
2907 1388 3154 1434 Homerus
3173 1384 3337 1443 habet,

1774 1474 1920 1522 ctiam
1930 1475 1959 1522 J
1963 1473 2153 1536 uppiter
2163 1487 2278 1523 sane
2288 1475 2532 1538 potentior
2551 1476 2788 1536 estNeptu
2795 1488 2880 1533 n0·‚
2897 1486 3073 1523 verum
3091 1475 3342 1535 Neptunus

1834 1562 1929 1613 hoc
1953 1563 2150 1625 quidem
2170 1566 2246 1612 est
2266 1564 2438 1624 minor,
2473 1562 2826 1612 immortalium
2853 1565 3018 1612 autem
3038 1575 3264 1611 summus
3293 1582 3305 1610 ·.

1772 1651 1844 1697 sic
1872 1652 1924 1698 et
1949 1649 2103 1698 incola
2125 1648 2417 1711 Colophonis
2447 1650 2837 1714 subjunctus-est
2857 1651 3053 1714 quidem
3074 1653 3285 1700 Homero
3303 1687 3316 1710 ‚

1835 1737 1979 1800 ptaeit
2010 1738 2176 1786 autem
2201 1735 2407 1785 aliorum
2429 1737 2794 1788 multitudinem
2825 1741 3100 1802 poctarum.

2269 1879 2378 1924 410.
2425 1877 2842 1926 DlOSCORIDAEa

1776 2013 1981 2077 Thespis
2005 2012 2083 2063 hic
2104 2017 2177 2064 est
2191 2053 2203 2075 ,
2231 2015 2470 2078 tragicum
2496 2016 2582 2078 qui
2599 2015 2878 2066 informavit
2904 2015 3088 2080 primus
3107 2018 3305 2066 cantum
3325 2055 3340 2079 ,

1832 2102 2031 2166 paganis
2051 2105 2269 2154 recentes
2291 2117 2477 2152 novans
2509 2103 2715 2166 gratiaS‚
2982 2104 3337 2167 [certaminum

1773 2191 1996 2239 Bacchus
2011 2190 2208 2252 quando
2233 2204 2319 2253 per
2343 2190 2528 2240 tribum·
2551 2190 2762 2241 ducebat
2786 2190 2992 2240 chorum
3008 2229 3023 2253 ,
3058 2192 3139 2242 cui
3166 2192 3336 2242 hircus

1834 2278 1883 2324 ct
1902 2275 2095 2324 Atticus
2111 2279 2217 2324 erat
2235 2275 2418 2323 ficuum
2445 2274 2603 2324 corbis
2617 2275 2870 2336 praemium
2889 2275 3067 2325 adhuc.

1774 2362 2208 2412 Traussormabunt
2231 2365 2395 2412 autem
2405 2363 2627 2426 juniores
2645 2363 2784 2412 haec:
2811 2362 3000 2412 infinita
3026 2366 3150 2413 aetas

1837 2451 1995 2499 multa
2015 2449 2287 2499 adinveniet
2307 2453 2358 2499 et
2388 2449 2497 2509 alia,
2517 2452 2569 2499 at
2587 2463 2698 2499 mea
2720 2453 2876 2500 erunt
2896 2464 3006 2499 mea

2331 2597 2438 2642 411.
2483 2604 2786 2645 EJUSDBM.

1774 2731 2032 2796 Thespidis
2058 2733 2306 2782 inventum
2334 2730 2446 2792 hoc,
2476 2733 2526 2781 et
2547 2735 2785 2794 agrestem
2811 2744 2898 2794 per
2923 2731 3094 2781 silvam

1835 2823 2004 2883 lusniz,
2032 2825 2082 2872 et
2105 2811 2700 2871 bacdiicos-ludos‘hoscc
2729 2820 2776 2868 in
2799 2820 3064 2884 perfectius

1772 2911 2026 2974 AEschvlus
2041 2910 2228 2970 evexit,
2258 2911 2458 2973 quinon
2485 2910 2659 2959 caelata
2678 2910 2895 2959 exaravit

1834 2996 2044 3047 carmina
2061 3032 2076 3059 ,
2098 2997 2184 3046 sed
2211 2999 2428 3046 torrente
2447 2997 2608 3059 qualia
2627 2996 2906 3057 volvuntur,

1771 3087 1821 3134 et
1838 3098 1951 3147 quae
1968 3084 2032 3134 ad
2050 3098 2244 3134 scenam
2263 3084 2505 3146 pertinent
2522 3082 2788 3133 innovavit.
2814 3086 2854 3131 Ο
2874 3097 2931 3132 os
2957 3064 3153 3133 omnino

1836 3173 1987 3223 solers
2012 3172 2107 3235 (.³),
2127 3173 2440 3235 antiquorum
2458 3185 2568 3221 eras
2587 3171 2762 3234 aliquis
2781 3172 3121 3221 semideorum.

2211 3316 2320 3361 412.
2355 3313 2559 3361 ALcAEI
2591 3312 2890 3361 MESSENH.

1771 3454 1940 3505 Omnis
1956 3457 2008 3505 te
2024 3455 2313 3505 exstinctum
2329 3494 2340 3515 ‚
2361 3454 2542 3517 Pylade
2555 3494 2567 3515 ‚
2589 3454 2738 3504 deflet
2769 3454 2983 3514 Graecia,

1831 3544 2140 3605 non-plexam
2165 3544 2411 3592 caesariem
2433 3544 2494 3591 ad
2527 3546 2690 3592 cutem
2709 3546 2881 3599 tonsa:

1772 3632 1920 3692 atque
1947 3630 2051 3693 ipse
2068 3629 2356 3679 haud-secta
2378 3631 2596 3679 de·coma
2622 3630 2848 3693 deposuit
2869 3630 3032 3680 lauros

1832 3721 2048 3771 Phoebus
2059 3761 2071 3782 ,
2094 3734 2246 3771 suum
2269 3722 2510 3770 honorans
2529 3724 2582 3770 ut
2599 3733 2687 3783 par
2704 3722 2782 3769 est
2799 3723 3070 3780 cautorem3

1845 3939 2012 3988 Pieriae
2027 3948 2264 4003 sceptrum
2294 3938 2444 3986 laudis
2469 3941 2708 3986 Homerus
2733 3936 2908 3997 habet,

1778 4024 1946 4071 Vincit
1966 4026 2242 4087 Neptunum
2271 4038 2461 4086 quoque
2479 4022 2707 4086 Juppiter
2730 4036 2742 4070 :
2767 4028 2976 4070 attamen
3003 4020 3086 4069 ine

1840 4110 1957 4155 Tam
1978 4105 2061 4153 Dis
2081 4112 2149 4151 est
2177 4104 2346 4168 major,
2379 4120 2523 4168 quam
2547 4108 2666 4152 Jove
2692 4120 2802 4169 rege
2828 4103 3002 4151 minor.

1779 4190 1857 4238 Sit:
1892 4189 1973 4236 uni
2011 4187 2137 4235 cedit
2161 4185 2276 4233 civis
2304 4186 2598 4251 Colophonis
2618 4192 2846 4242 Homero,

1845 4271 1934 4319 Sed
1966 4270 2080 4318 colit
2104 4268 2234 4317 hunc
2256 4276 2419 4317 vatum
2442 4280 2600 4318 cetera
2630 4268 2771 4318 turba
2784 4269 2972 4317 ducem.

2381 4437 2498 4485 [ιτα.
2532 4446 2685 4476 »negt
2698 4466 2715 4491 ,

2157 4552 2218 4602 de
2243 4552 2452 4621 Pylade,
2482 4566 2641 4601 actore
2682 4550 2980 4619 fabularum.

1778 4727 1959 4772 Cuncta
1984 4730 2145 4777 tuam,
2171 4720 2370 4787 Pylade,
2398 4720 2812 4785 deploratG1·aecia
2837 4729 3036 4767 moriem

1841 4808 2002 4868 Usque
2025 4813 2184 4853 cutem
2211 4818 2394 4869 sparsas
2419 4804 2604 4853 Graecia
2626 4812 2763 4851 tonsa
2789 4818 2964 4851 comas.

1778 4893 1796 4936 1
1804 4903 1883 4953 pse
1906 4902 1989 4935 suo
2018 4901 2172 4934 sacras
2194 4885 2373 4949 Jaciens
2395 4886 2455 4935 dc
2487 4884 2670 4933 vertice
2695 4885 2858 4933 laurus
2879 4920 2892 4945 ,

1844 4973 1950 5031 Qua
1980 4968 2134 5016 ‹lec-uit
2151 5002 2164 5021 .
2191 4978 2344 5016 vatem
2365 4968 2488 5017 luxit
2511 4967 2682 5033 Apollo
2703 4983 2859 5016 suum.
