3829 5747
1239 202 1309 263 IN
1355 202 1603 263 CAPUT
1647 202 1749 261 vu
1796 199 2248 261 ANNOTATIO.

3249 205 3363 265 265

189 347 331 403 meing
351 376 364 398 ,
388 340 437 386 et
462 339 695 385 Creuzer.
726 335 790 385 ad
816 335 921 385 Cic.
948 338 1006 385 N.
1034 336 1094 384 D.
1132 336 1173 394 1,
1198 339 1277 395 33,
1309 347 1359 398 p.
1400 338 1505 385 153.
1541 354 1565 377 ν
1594 336 1712 383 Jac.
1765 342 1771 372 ¹
1810 344 1870 382 ea
1893 330 1946 381 in
1967 330 2206 393 tragoedia
2232 332 2536 394 pronunciet.
2571 350 2594 374 ν
2624 334 2740 381 Jae.
2768 354 2819 365 --
2844 338 2891 381 5.
2925 334 2985 381 ot
3015 333 3092 390 δέ,
3120 335 3164 382 οἱ
3193 336 3371 386 παῖδες.

188 412 364 462 Brunck.
390 407 679 469 κηπολὸγου.
710 405 863 455 BoiSS.
899 404 1095 467 scripsit
1130 403 1387 465 κηπολὸγος
1428 406 1479 453 et
1522 402 1669 452 vertit
1702 422 1715 451 z

188 488 233 533 ἐκ
254 480 451 543 Epicuri
488 476 713 527 denium
750 473 1098 538 hortata-quus.
1128 499 1192 510 —
1224 477 1252 524 7
1272 476 1441 531 ἤκουεν
1477 474 1719 528 όπώσονος

188 550 271 600 cod
292 566 303 604 ;
328 551 521 606 ἠωυσεν
541 546 775 605 Brunck.,
808 544 941 607 quod
974 544 1171 593 minime
1198 543 1548 593 necessarium.
1572 562 1597 585 ιι
1617 546 1715 593 No-

190 627 273 671 tum
288 622 357 667 est
370 616 687 680 proverbium
704 617 806 669 ᾰνος
825 615 963 677 λύρας
975 614 1177 675 ἁκούων,
1192 613 1255 663 de
1276 626 1377 675 quo
1396 613 1509 663 vide
1526 625 1637 663 mea
1658 609 1722 661 ad

190 690 501 751 Pachjmerem
524 700 579 749 p.
608 690 720 736 214.
743 704 763 727 ·
790 688 855 735 B.

236 831 427 879 cccvii
436 831 472 879 i.
513 847 538 870 α
589 830 849 877 Cannarus
872 839 1013 889 puer,
1048 824 1255 875 victoria
1290 824 1352 875 de
1378 822 1723 886 eondiscipulis

192 905 318 965 garta,
338 900 487 948 Musis
514 898 727 962 gratiam
754 898 983 955 reterens,
1012 895 1270 945 Charetem
1298 908 1553 958 personam
1578 893 1725 943 eomi-

190 986 275 1019 cam
292 968 493 1017 dedicat.
516 994 587 1005 —·
619 975 660 1018 1.
687 970 928 1017 incertum
952 966 1015 1014 de
1040 965 1192 1015 literis
1226 965 1349 1015 bene
1373 965 1544 1027 pictis,
1574 978 1636 1013 an
1659 962 1723 1013 de

191 1040 367 1091 tannim
389 1038 611 1102 quodam
643 1037 748 1087 sive
780 1038 961 1100 scripto
980 1035 1184 1086 teliz-iter
1214 1036 1483 1098 omnposito
1515 1034 1622 1083 haec
1649 1033 1722 1082 in·

192 1110 413 1173 telligenda
432 1109 549 1161 sint.
581 1135 646 1146 —
678 1117 727 1157 2.
763 1108 869 1157 Tali
909 1108 1037 1157 inter
1060 1120 1261 1156 munera
1298 1106 1465 1169 pueris
1491 1104 1607 1154 data
1625 1118 1725 1153 non

192 1184 526 1244 affliguntur.
562 1180 769 1241 (Nescio
796 1178 923 1228 unde
950 1177 1153 1226 Grotius
1184 1179 1424 1230 Κώδαλος.
1444 1178 1460 1227 )
1480 1182 1589 1225 -3
1606 1176 1724 1230 μού·

199 1268 266 1304 σης
296 1250 415 1297 Plan.
446 1252 680 1297 Personae
708 1247 904 1309 tragicae
926 1245 1193 1295 comicaave
1218 1244 1315 1294 diis
1349 1243 1589 1294 dedicatoe
1613 1244 1730 1295 alibi

196 1334 359 1383 quoque
394 1322 754 1376 memorantur,
791 1321 846 1368 ut
886 1329 999 1366 mox
1036 1329 1117 1377 ep.
1158 1321 1267 1373 310,
1313 1319 1421 1365 311.
1456 1337 1479 1358 υ
1508 1318 1619 1365 lac.
1665 1340 1729 1353 -

194 1402 215 1444 4
238 1406 329 1447 ἰηιε
349 1412 403 1455 με
420 1393 543 1441 sod.
572 1398 627 1441 et
660 1394 816 1449 t’lan.;
844 1394 1017 1446 ϋήκοιτο
1042 1388 1308 1437 lsi-unctius
1326 1425 1338 1445 ,
1360 1387 1475 1447 quia
1504 1386 1583 1448 ἐμὲ
1610 1398 1729 1447 ρηο-

196 1466 327 1513 cessit.
346 1483 367 1505 ι
390 1463 553 1511 Possis
584 1476 732 1511 versu
754 1467 783 1511 3
810 1462 956 1523 κῦμμι
976 1460 1127 1521 χάριν,
1160 1459 1368 1506 Μοῦσαι.
1393 1455 1488 1505 Sed
1514 1454 1726 1504 ostendit

196 1534 373 1583 insolens
397 1546 519 1581 usus
548 1531 709 1581 dativi
730 1570 743 1591 ,
765 1531 963 1593 Θορύὸῳ,
984 1541 1138 1591 quare
1164 1526 1401 1590 corrigam
1425 1524 1528 1584 θῆκ’
1554 1526 1620 1574 ἰνι
1648 1524 1725 1574 vel

199 1603 279 1667 ‘liz'
310 1606 399 1665 ἅμα
414 1622 467 1653 τι.
498 1622 525 1645 ¹·
550 1601 774 1653 Becker.

244 1744 427 1791 CCt'lX.
459 1742 698 1792 Leonides
742 1755 945 1799 nomen,
984 1739 1118 1803 quod
1153 1740 1202 1787 in
1247 1737 1369 1788 Cod·
1398 1736 1722 1798 desideratur,

202 1812 438 1875 suppeditat
468 1814 607 1861 Plan.
640 1816 771 1860 Puer
796 1810 1015 1874 ephebus
1046 1810 1203 1859 sactus
1234 1808 1475 1857 Mercurio
1502 1807 1726 1870 pueritiae

202 1884 513 1932 oblectamenta
558 1881 775 1931 dedicat.
803 1906 866 1917 —-·
908 1886 948 1928 1.
996 1882 1195 1941 Σφαῖραν
1223 1879 1426 1940 εὔφημον
1464 1876 1728 1927 Passovius

200 1954 355 2015 Seriptt.
384 1952 519 2001 misc.
556 1966 606 2015 p.
642 1959 733 2001 202
764 1950 962 2013 exponit
998 1963 1110 2012 quae
1146 1948 1344 1997 Philocli
1370 1948 1546 2008 ἀγαθὴν
1574 1949 1727 2009 φήμην

204 2024 300 2072 inter
334 2038 501 2085 pueros
544 2022 906 2079 conciliaverit,
958 2026 1015 2071 ut
1066 2022 1337 2075 ὃιαΰοήτους
1386 2020 1461 2067 ἐπὶ
1511 2025 1728 2080 σφαιρικῇ

202 2095 395 2141 memorat
438 2092 709 2141 Athenaeus
754 2094 791 2151 Ι,
819 2105 865 2153 p.
900 2096 951 2140 14
972 2128 985 2149 ,
1014 2093 1063 2139 et
1088 2088 1375 2152 Sophoclem
1405 2088 1453 2136 in
1490 2088 1729 2137 Nausicaa

206 2164 340 2225 οςαὶρᾳ
370 2164 601 2225 παιζούσῃ
656 2164 861 2225 ἰσχυοῶς
904 2162 1279 2223 εὐδοκιμήσαντα
1317 2171 1363 2220 p.
1411 2165 1490 2217 20,
1524 2162 1577 2217 F,
1616 2159 1725 2208 ooli.

206 2232 387 2281 Eustath.
417 2233 507 2282 od.
534 2248 584 2297 p.
624 2238 744 2281 1⁵53
770 2233 891 2279 extr.
923 2230 1003 2279 Sic
1033 2230 1257 2291 explicari
1282 2227 1477 2277 videtur
1497 2228 1732 2290 particula

204 2318 279 2359 τοι,
301 2304 341 2349 in
364 2316 454 2364 qua
478 2304 665 2352 merito
689 2301 965 2352 offendebat
993 2300 1196 2349 Meinek.
1217 2314 1263 2362 p.
1295 2305 1403 2355 120,
1425 2312 1573 2361 quem
1598 2298 1727 2347 vide.

206 2371 429 2419 Brunckius
458 2372 703 2420 silentem
734 2371 991 2427 vertebat,
1044 2390 1066 2411 κ
1112 2373 1211 2419 tam
1254 2368 1477 2426 mollem,
1508 2371 1564 2417 ut
1594 2366 1730 2416 humi

208 2439 315 2488 allisa
336 2454 495 2489 sonum
523 2454 681 2503 quarn
708 2440 962 2490 minimum
991 2440 1230 2489 redderet.
1264 2442 1489 2488 »Contra
1518 2440 1731 2489 Geistius

208 2510 363 2559 volebat
392 2512 639 2567 εῦπηκτον.
668 2510 1011 2561 Boissonadius
1054 2510 1117 2559 ad
1149 2509 1353 2558 Zachar.
1381 2510 1597 2571 Mitylen.
1626 2514 1727 2562 not.

210 2586 301 2637 ³48,
323 2595 363 2643 p.
392 2586 475 2631 427
507 2595 519 2623 =
556 2602 581 2623 «-
616 2580 977 2643 Wyttenhacliii
1006 2580 1283 2642 conjectura
1307 2580 1510 2641 εὔσημον
1536 2580 1619 2627 vix
1642 2578 1733 2631 ha-

210 2650 271 2699 bet
292 2650 409 2711 quod
438 2651 723 2701 satisfaciat.
772 2654 993 2713 Propono
1021 2650 1261 2711 εὔσχημον
1284 2670 1336 2710 ι»,
1368 2648 1633 2711 respiciens
1661 2651 1726 2701 ad

210 2719 425 2783 spheram
467 2722 778 2786 liqut-arum
828 2723 1313 2785 proestanlissimam
1331 2755 1345 2781 ,
1406 2720 1593 2770 πάντων
1638 2727 1731 2778 τῶν

214 2794 423 2855 capium
441 2796 776 2857 πρωτεύουσαν
795 2831 809 2855 ,
844 2792 907 2842 do
938 2805 1037 2854 qua
1063 2790 1129 2839 ibi
1152 2791 1351 2840 zachar.
1384 2792 1603 2854 Denique
1629 2794 1730 2839 Un-

215 2878 326 2927 gerus
349 2864 489 2914 Sinti.
522 2866 663 2924 xlll,
692 2864 903 2923 εὐφηὸὥν
936 2880 1007 2912 τοι
1027 2899 1041 2921 ,
1079 2875 1166 2925 pro
1195 2861 1378 2923 ὲφηὸῶν
1394 2899 1411 2921 ,
1443 2860 1589 2925 cujus
1620 2862 1737 2911 scri·

216 2936 339 3048 {turae
372 2934 592 2998 exempla
644 2934 804 2983 multa
852 2934 1202 2982 commemorat
1219 2968 1234 2992 ,
1278 2931 1425 2981 etiam
1469 2944 1528 2980 ex
1567 2931 1735 2994 lapidi-

244 3015 287 3050 us
300 3039 311 3061 ,
330 3005 379 3052 ut

310 3124 449 3174 εἰιὸνα
471 3125 613 3184 τήνδε
638 3127 859 3181 Ποθεῖνος
884 3125 932 3174 ἐν
953 3139 975 3174 ε
986 3124 1015 3174 ὗ
1026 3124 1094 3186 φή
1107 3125 1135 3172 6
1147 3140 1175 3172 ο
1187 3139 1202 3172 ι
1214 3139 1247 3172 ο·
1258 3141 1275 3172 ι
1302 3123 1609 3186 παλαίστραις

221 3261 511 3320 ψΛνέΙοΙιετ.
540 3262 725 3324 Syllog.
742 3275 791 3325 p.
812 3265 897 3312 196
912 3298 925 3318 ,
948 3260 1037 3310 sed
1060 3259 1155 3309 hoc
1184 3259 1245 3308 ab
1266 3257 1477 3308 Leonida
1502 3256 1729 3306 alienum.

222 3331 495 3393 -2Ἑρμείη
516 3333 754 3390 ΜείιιοΙι..
784 3331 1039 3389 vocativo,
1070 3329 1113 3379 si
1144 3331 1217 3379 τοί
1250 3328 1316 3379 sit
1352 3341 1636 3391 pronomen.
1673 3355 1736 3369 --

224 3400 245 3445 3
270 3402 527 3461 στραγγάλας
569 3403 646 3458 αῖς
674 3401 818 3460 Cod.,
850 3413 975 3450 corr.
1007 3398 1223 3454 Jacobs.;
1245 3399 1563 3462 ἀστραγάλους
1594 3397 1637 3446 θ’
1668 3398 1737 3454 οἷς

224 3468 327 3516 Plau.
352 3472 417 3521 Ut·
446 3472 583 3520 ῐαιὸν
616 3473 857 3520 memorat
900 3469 1169 3533 ἀστραγὰλη
1203 3481 1410 3532 gramm.
1456 3467 1603 3517 Bekk.
1642 3470 1733 3518 An.

226 3550 259 3596 p.
274 3543 363 3597 454,
385 3546 455 3590 24.

269 3675 421 3725 cccx.
456 3698 479 3720 «ι
508 3679 678 3727 simus
712 3677 915 3738 histrio,
953 3676 1179 3727 dedicata
1210 3675 1363 3725 Musis
1394 3688 1601 3738 persona
1623 3675 1739 3724 Dio-

228 3746 307 3806 nysi
323 3783 335 3804 ,
351 3753 569 3808 precatus
594 3751 703 3798 erat
727 3748 791 3797 ab
822 3747 927 3806 his,
954 3751 1011 3796 ut
1036 3761 1151 3809 quie
1182 3749 1383 3796 acturus
1409 3747 1516 3795 erat
1542 3745 1591 3794 in
1617 3747 1733 3795 Bac·

227 3815 389 3864 diarum
407 3818 565 3868 sabula
592 3821 759 3881 partes
786 3817 878 3866 rite
904 3816 1131 3866 disceret.
1156 3819 1249 3865 lies
1270 3816 1399 3865 ultra
1430 3829 1565 3878 spem
1594 3816 1741 3866 felici·

230 3885 285 3932 ter
318 3887 475 3946 cessit,
518 3889 775 3950 victorque
806 3887 1117 3937 renunciatus
1148 3890 1239 3937 est.
1275 3889 1497 3936 Fortasse
1536 3887 1615 3936 ille
1662 3891 1741 3938 est

231 3954 354 4004 Simus
376 3956 535 4008 histrio
562 3959 806 4022 tragicus,
832 3957 916 4020 qui
938 3956 1126 4006 ridetur
1149 3957 1211 4005 ab
1242 3955 1435 4005 Ale-tide
1454 3969 1530 4019 ap.
1553 3957 1734 4009 Athen.

232 4023 295 4080 lv,
318 4037 357 4086 p.
400 4031 496 4076 1⁶0.
530 4048 555 4070 ι
609 4027 834 4076 Mamer.
863 4025 1071 4076 Distu-ib.
1110 4025 1174 4075 ad
1220 4026 1408 4076 callim.
1452 4041 1500 4090 p.
1540 4033 1649 4078 288.
1676 4055 1740 4070 -

238 4099 251 4140 1
273 4095 374 4144 ἔιδον
397 4098 471 4159 ἐμὲ
487 4101 515 4124 *
534 4101 692 4159 σιμὸς,
715 4098 803 4147 sed
832 4116 847 4146 ι
878 4098 927 4148 in
954 4115 985 4156 η
1011 4100 1201 4146 mutato
1218 4133 1231 4154 ,
1256 4095 1398 4154 ῥοάς
1425 4109 1547 4146 corr.
1590 4099 1737 4146 Erne-

234 4163 338 4214 stins.
362 4193 417 4204 -
437 4176 463 4218 2
489 4172 683 4228 γλεῦκος
706 4167 849 4230 Cod.,
882 4181 1007 4218 corr.
1048 4166 1313 4216 Bentleius.
1338 4187 1361 4208 α
1399 4169 1471 4216 De
1500 4170 1615 4216 nota
1636 4180 1741 4230 per-

236 4237 450 4288 mutatione
474 4253 723 4288 armorum
768 4239 937 4289 Glauci
981 4253 1039 4287 ac
1072 4237 1349 4297 Diomedis,
1377 4237 1506 4287 unde
1550 4251 1743 4300 prover·

236 4302 339 4355 bium
374 4311 536 4371 χάλκεα
564 4312 817 4373 χρυσείων,
846 4309 957 4360 vide
985 4309 1047 4358 ad
1084 4311 1195 4367 xil,
1230 4322 1304 4370 ep.
1346 4312 1456 4356 204.
1480 4335 1542 4342 —
1560 4313 1605 4356 3.
1637 4308 1741 4357 Ἀνὰ

236 4378 328 4426 rer-ti
349 4393 449 4441 per.
486 4385 602 4431 Erat
640 4381 817 4430 Bacchi
842 4381 1025 4444 tragica
1054 4392 1257 4443 persona
1287 4378 1413 4427 inter
1437 4379 1538 4427 duo
1562 4392 1743 4427 cornua

238 4443 355 4496 litera
378 4453 408 4498 Υ
430 4463 673 4513 suspensa.
724 4473 747 4494 υ
786 4453 846 4500 Β.
876 4453 1013 4499 Voce
1036 4451 1241 4512 κεχηνώς
1276 4446 1476 4496 indicari
1514 4447 1743 4510 grandem

242 4513 385 4566 hiatum
406 4519 587 4569 illarum
612 4533 931 4583 personarum
955 4521 1055 4582 jam
1091 4517 1357 4568 Salmasius
1388 4517 1653 4566 annotavit.
1684 4543 1745 4553 —

240 4585 437 4636 Μίκων
469 4589 589 4638 cod.
623 4589 791 4638 Persio
827 4601 941 4652 quw
979 4591 1183 4639 Samios
1222 4585 1433 4636 diduxit
1466 4584 1626 4636 litera
1653 4600 1743 4636 ra·

242 4665 325 4702 utos
342 4659 441 4716 1111,
460 4667 515 4710 56
533 4663 577 4719 ),
603 4657 922 4722 Pythagorica
947 4659 1109 4709 littera
1136 4661 1190 4714 Υ,
1214 4677 1237 4698 α
1270 4671 1381 4719 quae
1403 4669 1551 4719 prope
1573 4657 1745 4706 ludum

244 4721 455 4777 literarium
472 4731 627 4792 posita
648 4729 835 4779 bivium
855 4730 1095 4779 virtutum
1118 4731 1169 4778 et
1184 4727 1411 4777 vitiorum
1438 4726 1741 4790 significavit.

244 4793 395 4844 tudam
414 4797 677 4849 literarium
708 4798 923 4848 indicant
945 4799 1095 4849 rerba
1122 4797 1375 4860 παιδαρίων
1410 4797 1605 4852 ἐπήκοος
1624 4809 1672 4844 v.
1695 4803 1741 4847 5.

247 4859 299 4908 lbi
321 4865 539 4928 tragoediae
566 4867 810 4931 Euripidis
837 4866 1203 4932 explicabantur
1224 4869 1275 4915 et
1309 4865 1657 4922 recitabantur,
1692 4869 1745 4914 ut
1789 4885 1793 4900 ·

248 4941 526 4992 ¹*manumet-o
578 4937 772 4987 audiret
827 4938 905 4987 illa
954 4938 1104 4987 verba
1166 4936 1459 4986 Baccharum
1502 4933 1748 4998 Euripidis
1790 4966 1793 4988 ι

250 5011 284 5045 V.
308 5005 376 5052 itii
404 5019 415 5046 t
444 5010 597 5070 ἱερὸςό
628 5007 898 5070 πλόκαμος,
920 5007 1061 5059 valde
1102 5006 1193 5056 sibi
1218 5005 1431 5070 cognita,
1464 5018 1619 5066 quum
1645 5003 1747 5066 ipae
1790 5001 1796 5059 J

1812 427 1873 438 —
1909 410 1939 451 6
1967 407 2050 450 τοῦ
2086 403 2228 463 μόνον
2259 401 2360 463 εἶαρ
2395 400 2500 464 ἐμοί
2539 400 2735 458 Codex,
2779 414 2903 451 corr.
2939 401 3148 465 scaliger
3181 406 3232 453 et
3273 404 3371 454 alii.

1812 474 1993 534 Repete
2033 472 2259 527 λέγοντες.
2295 490 2320 511 «ι
2365 469 2680 519 proverbium
2717 490 2728 518 ι
2771 484 3003 520 narrare
3045 472 3208 521 alicui
3235 473 3376 537 quod

1811 543 1922 605 ipse
1944 544 2228 591 continiavit
2253 544 2516 591 somnium
2533 578 2551 601 ,
2575 540 2803 590 tractavit
2831 542 3032 604 Cognat.
3075 540 3224 606 Adag.
3263 546 3372 592 204.

1811 614 1954 662 cons.
2002 614 2115 668 xn.
2155 626 2232 676 ep.
2274 616 2378 661 148.
2407 632 2430 655 υ
2474 616 2530 661 Β.
2569 611 2644 661 lbi
2687 610 3016 661 Callimachus
3061 624 3112 661 v.
3147 619 3174 661 2
3200 614 3375 674 τούμὸν

1810 684 1935 733 ὄνει
1952 700 2053 747 ρον
2085 684 2215 746 ἐμοί,
2231 684 2292 732 ut
2317 683 2465 732 ceteri
2487 696 2662 732 omnes
2681 720 2693 741 ,
2720 682 2850 745 quod
2880 682 2960 731 lito
2984 696 3181 745 queque
3203 681 3370 747 legen-

1811 752 1932 803 dum
1959 768 2070 805 esse
2103 752 2416 817 probabiliter
2442 751 2661 815 disputat
2685 751 2893 801 Meinek.
2930 751 2962 801 l.
2996 764 3039 800 c.

1873 904 2076 953 CCCXI.
2105 922 2130 945 «ι
2159 906 2413 966 Agoranax
2455 898 2706 959 Rhodius,
2737 898 2840 947 sive
2872 898 3045 948 histrio
3082 897 3187 947 sive
3227 901 3376 961 poeta

1813 974 2030 1024 comicus
2045 1009 2059 1030 ,
2081 971 2317 1036 Pamphili
2343 970 2552 1021 amantis
2564 969 2761 1033 iuvenis
2783 971 2944 1031 partes
2971 969 3294 1028 sustinuerat,
3325 970 3378 1019 et

1813 1046 2058 1107 reportata
2082 1042 2287 1092 victoria
2311 1054 2568 1105 personam
2592 1042 2755 1103 Pamp‘
2781 1038 2830 1087 ili
2858 1037 3068 1089 dedicat.
3102 1058 3125 1082 υ
3151 1038 3374 1087 Meiaek.

1816 1116 1939 1165 Call.
1957 1128 2008 1177 p.
2033 1120 2138 1164 289.
2162 1112 2397 1175 Loquitur
2412 1111 2598 1161 comica
2616 1108 2856 1174 Pamphili
2869 1122 3155 1172 persona.-
3183 1116 3211 1160 2
3253 1112 3378 1173 Apte

1812 1186 1892 1235 his
1919 1184 2148 1235 admovet
2180 1183 2426 1233 Hwkerus
2458 1180 2772 1232 Ciceroniana
2799 1182 2934 1230 Fam.
2973 1183 3037 1241 11,
3075 1194 3151 1243 ep.
3201 1185 3274 1241 13,
3302 1186 3330 1229 2
3361 1199 3376 1229 z

1817 1257 1938 1305 Mea
1965 1268 2091 1305 vero
2119 1250 2298 1317 officia
2321 1254 2370 1301 ei
2412 1266 2516 1302 non
2540 1249 2848 1314 defuissem
2870 1265 2924 1301 es
2959 1252 3121 1308 testis,
3150 1251 3234 1299 cui
3255 1250 3378 1311 jam

1815 1326 2023 1385 κωμικὸς
2059 1324 2254 1387 μάρτυς,
2281 1330 2341 1373 ιιι
2367 1326 2573 1385 opinor,
2599 1320 2798 1371 accedit
2835 1322 3064 1371 Pham'a.
3095 1320 3380 1369 Proverbia-

1816 1395 1914 1445 lem
1943 1395 2234 1446 locutionem
2260 1394 2435 1457 respici
2461 1391 2644 1443 indicat
2684 1393 2846 1448 ὅντως.
2885 1419 2948 1428 -
2978 1397 3006 1441 3
3043 1392 3131 1439 οὐκ
3163 1392 3210 1439 ὲν
3244 1392 3379 1452 ἔρωτι

1818 1465 2008 1525 Codex,
2034 1465 2170 1527 quod
2196 1465 2328 1515 varie
2349 1468 2582 1515 tentatur.
2608 1484 2630 1505 ‹-
2659 1462 2842 1525 Seripsi
2871 1464 2924 1511 οὐ
2955 1460 3052 1511 κέν’
3075 1466 3088 1515 (
3108 1474 3194 1523 pro
3230 1464 3344 1511 κενὰ
3361 1500 3375 1521 ,

1818 1536 2001 1599 κενῶς)
2034 1537 2168 1596 ἔρωτι
2184 1536 2225 1583 δ.
2250 1533 2508 1597 Corrigunt
2535 1532 2628 1581 viri
2659 1531 2791 1582 docti
2816 1532 3012 1583 doctius
3033 1534 3134 1581 αἰὲν
3168 1532 3246 1581 vel
3275 1534 3379 1597 ἆιρ·

1818 1608 1865 1656 ἐν
1891 1608 2023 1669 ἔρωτι
2040 1607 2332 1667 δεὸαυμὲνον.
2349 1625 2372 1647 ιι
2399 1606 2460 1653 Β.
2474 1602 2712 1654 Nimirum
2729 1603 2934 1666 Hesych.
2953 1617 3010 1652 ex
3031 1602 3140 1662 hoc,
3155 1605 3211 1652 ut
3233 1602 3371 1653 ride-

1822 1682 1905 1728 tur
1923 1715 1935 1736 ,
1989 1677 2096 1727 loco
2139 1690 2152 1723 :
2201 1676 2516 1736 Δεδαυμένον,
2567 1675 3006 1736 περιπεφλεγμὲνον,
3060 1674 3164 1722 sive
3205 1673 3383 1723 melius

1817 1750 1932 1810 πυρὶ
1946 1750 2190 1808 meieni„
2215 1748 2271 1795 ut
2292 1744 2460 1795 scribit
2481 1745 2708 1803 Meinek„
2727 1744 2815 1806 qui
2833 1742 2914 1793 hic
2931 1747 3092 1794 tamen
3107 1744 3385 1805 δεδαγμένον

1818 1819 1988 1866 tuetur
2029 1830 2142 1865 cum
2181 1816 2400 1865 Heckero
2418 1850 2432 1873 ,
2469 1813 2686 1863 scribens
2718 1812 2871 1862 οὐκέτ’
2895 1814 3032 1873 ἔρωτι
3074 1813 3383 1874 δεδαγμένον,

1819 1901 1925 1935 non
1972 1886 2204 1949 amplius
2251 1898 2435 1935 amore
2481 1885 2868 1932 excruciatum.
2904 1882 3152 1931 Beckerus
3187 1881 3286 1932 οὖν
3334 1884 3384 1932 ἐν

1819 1960 1955 2020 ἔρωτι
1983 1958 2262 2018 δεδαιγμένον
2289 1954 2509 2005 tentabat
2531 1953 2641 2003 coll.
2671 1955 2731 2002 Η.
2763 1955 2872 2002 Jov.
2906 1960 2994 2011 52,
3023 1952 3161 2000 Dian.
3190 1956 3298 2002 246.
3329 1954 3385 2002 ln
3489 1962 3498 1969 ”

1819 2027 1918 2077 tine
1943 2027 2108 2076 Codex
2151 2026 2320 2084 ὄπται,
2359 2021 2490 2087 quod
2519 2023 2723 2073 Meinek.
2769 2022 2958 2085 egregie
2986 2021 3192 2071 correxit
3227 2022 3348 2083 ὀπτῇ
3366 2058 3384 2085 ,

1823 2119 1845 2140 κ
1869 2100 2010 2146 tosta·
2033 2099 2243 2156 cariem,
2261 2108 2360 2156 quo
2385 2092 2504 2142 nihil
2523 2092 2682 2155 aptius
2705 2091 2769 2141 de
2785 2104 2992 2154 persona
3017 2105 3194 2154 rugosa
3212 2095 3265 2141 et
3281 2091 3386 2141 soli·

1820 2168 2002 2230 ginosa.
2035 2170 2106 2215 Ac
2134 2164 2350 2215 suboluit
2373 2162 2466 2212 boc
2487 2164 2588 2226 jam
2625 2162 2885 2220 salmasio,
2913 2160 3000 2223 qui
3023 2163 3149 2209 teste
3175 2162 3384 2223 Junger-

1820 2251 1999 2286 manno
2025 2236 2087 2285 ad
2111 2235 2295 2285 Polluc.
2316 2236 2401 2291 vl,
2430 2238 2488 2283 82
2509 2270 2523 2291 ,
2547 2231 2670 2295 ὀπτα
2697 2230 2998 2289 restituerat3
3021 2233 3073 2279 at
3099 2230 3255 2280 voluit
3281 2230 3386 2281 siue

1820 2306 1972 2357 dubio
1999 2308 2121 2369 ὀπτᾷ
2143 2342 2156 2365 ,
2189 2304 2252 2353 ad
2283 2301 2574 2353 sententiam
2601 2304 2763 2362 recte,
2793 2300 2858 2349 ad
2892 2299 3152 2349 dialectum
3183 2302 3324 2351 male.
3360 2322 3383 2343 ν

1822 2376 2068 2427 Edebatur
2096 2376 2266 2425 ὦπται.
2301 2376 2373 2422 De
2399 2386 2451 2422 re
2477 2370 2583 2420 haec
2607 2371 2913 2434 excerpimus
2935 2370 3150 2432 Jacobsii
3187 2392 3199 2419 ι
3223 2390 3248 2412 «ι
3277 2370 3382 2420 Sci-

1820 2461 1935 2496 mus
1962 2461 2018 2497 ex
2047 2447 2242 2495 Polluce
2273 2446 2354 2503 lv,
2389 2447 2468 2492 141
2507 2444 2560 2492 ct
2585 2441 2786 2500 Quintil.
2828 2443 2947 2490 inst.
2981 2443 3068 2499 xl,
3098 2440 3195 2504 3,§
3223 2444 3302 2501 74,
3336 2441 3386 2489 in

1822 2532 1970 2567 scena
1995 2520 2214 2565 veterum
2245 2512 2500 2577 bipartitas
2525 2526 2756 2574 personas
2785 2510 2830 2560 in
2859 2524 2955 2559 usu
2991 2510 3172 2571 tuisse,
3199 2524 3312 2572 qum
3337 2511 3388 2559 in

1821 2585 2030 2635 diversis
2055 2583 2274 2649 partibus
2306 2582 2550 2631 diversam
2581 2580 2684 2629 sive
2711 2580 2860 2629 animi
2887 2580 2990 2629 sire
3013 2580 3130 2629 vitae
3159 2580 3388 2629 conditio-

1822 2668 1932 2703 nem
1988 2652 2316 2703 ostenderent.
2373 2650 2660 2715 Respexerit
2698 2650 2845 2714 igitur
2900 2652 3045 2712 poeta
3088 2650 3154 2699 ad
3201 2653 3386 2699 certam

1821 2724 2069 2787 quandam
2119 2722 2405 2771 coma-diam
2423 2759 2436 2781 ,
2483 2735 2582 2783 qua
2637 2718 2922 2783 Pamphilus
2971 2719 3136 2781 rugosi
3181 2721 3232 2769 et
3283 2719 3387 2767 sole

1822 2793 2065 2842 combusti
2089 2791 2298 2842 hominis
2315 2794 2478 2855 partes
2504 2791 2694 2854 egerat,
2727 2788 2964 2853 AEthiopis
2990 2789 3195 2839 sortasse
3219 2792 3268 2839 et
3283 2803 3384 2838 eu-

1823 2864 1998 2922 nuchi,
2021 2864 2227 2913 sortasse
2261 2865 2317 2913 ut
2350 2862 2501 2926 hujus
2527 2860 2739 2910 vestitus
2774 2872 2866 2923 ope
2895 2859 3109 2910 calidum
3133 2859 3386 2924 quoddam

1822 2938 1872 2985 et
1895 2933 2184 2984 amatorium
2219 2933 2478 2982 consilium
2515 2934 2875 2993 exsequeretur.
2914 2932 3014 2979 llas
3037 2934 3201 2993 partes
3229 2944 3386 2994 quum

1826 3008 1991 3069 ageret
2005 3043 2018 3064 ,
2039 3004 2282 3068 ejusmodi
2303 3015 2558 3066 personam
2577 3001 2804 3065 gerebat,
2833 3001 2977 3062 cujus
3001 3002 3155 3050 altera
3177 3013 3292 3063 pars
3302 3000 3388 3063 ju-

1825 3076 2034 3125 venilem
2067 3075 2263 3124 vultum
2277 3111 2290 3134 ,
2319 3073 2471 3122 altera
2494 3074 2692 3134 turpem
2717 3074 2769 3120 et
2792 3067 2992 3119 senilem
3017 3070 3195 3119 faciem
3216 3083 3390 3133 repro:-

1824 3145 2063 3196 Seniabat.
2096 3166 2121 3188 ι·

1887 3286 2119 3334 cccxli.
2163 3301 2186 3324 α
2223 3279 2368 3331 Pueri
2409 3279 2604 3329 hircum
2653 3279 2895 3328 frenantes
2937 3277 3203 3327 certamina
3257 3277 3392 3328 insti-

1823 3356 1972 3404 tuunt
2010 3353 2136 3402 circa
2171 3352 2338 3401 tanum
2365 3351 2461 3401 dei.
2512 3354 2716 3399 Amores
2747 3348 2906 3410 capris
2945 3346 3213 3398 insidentes
3239 3351 3290 3398 et
3327 3348 3392 3398 de

1824 3424 1985 3486 palma
2001 3459 2014 3482 ,
2053 3425 2110 3472 ut
2152 3421 2363 3482 videtur,
2406 3422 2648 3469 certantes
2691 3417 3059 3480 conspiciuntur
3101 3418 3152 3467 in
3187 3417 3392 3481 picturis

1827 3490 2296 3551 Herculanensibus,
2329 3491 2539 3539 Pitlure
2585 3489 2705 3536 tom.
2739 3489 2807 3547 11,
2850 3485 2947 3534 tab.
2991 3490 3069 3534 44.
3105 3506 3128 3528 »ι
3172 3491 3288 3535 dac.
3329 3515 3391 3527 -

1829 3567 1848 3610 1
1879 3562 1944 3610 ἔνι
1985 3561 2103 3610 Cod.
2154 3563 2205 3610 et
2234 3561 2368 3609 Plau.
2403 3557 2715 3622 Jungendum
2745 3569 2854 3605 esse
2889 3557 3086 3610 ἐνθέντες
3111 3555 3390 3606 observavit

1826 3631 2061 3692 nonnius,
2092 3631 2180 3694 qui
2213 3630 2459 3694 posterius
2479 3627 2690 3679 malebat
2722 3627 2818 3685 ἐπὶ,
2845 3627 3088 3682 ἐπιθέντες.
3121 3655 3182 3668 --
3209 3631 3238 3674 2
3274 3631 3392 3687 φϊμα

1826 3702 1968 3762 Cod.,
1995 3701 2202 3751 alterum
2236 3701 2370 3750 Plan.
2391 3725 2456 3736 —
2477 3703 2528 3748 3.
2544 3715 2570 3740 α
2594 3695 2904 3747 Παιδεύουσιν
2931 3697 3071 3742 ἄεθλα
3087 3731 3101 3752 ,
3122 3695 3389 3758 perlusum

1826 3775 1876 3823 et
1900 3771 2150 3822 lasciuiam
2169 3769 2411 3833 equestria
2432 3767 2660 3818 exercent
2676 3763 2955 3812 certamina.
2984 3765 3229 3812 Incertum
3249 3764 3390 3818 cuius

1826 3843 1905 3890 dei
1925 3844 2160 3904 templum
2182 3840 2482 3902 significetur
2509 3849 2654 3884 :num
2676 3832 2882 3896 Neptuni
2911 3831 3154 3894 equestris
3170 3837 3191 3880 ‚³
3210 3844 3271 3879 an
3292 3830 3383 3880 Mi-

1826 3925 1989 3961 nerva>
2017 3911 2216 3969 Ἱππίας,
2248 3909 2331 3961 nui
2361 3911 2560 3966 'Tegeam
2583 3905 2630 3952 in
2652 3906 2834 3964 Anytes
2861 3901 3034 3964 patria,
3066 3899 3384 3949 colebantur?

1826 3985 2037 4033 Pausan.
2060 3982 2194 4040 vm,
2229 3983 2305 4029 47.
2343 3997 2366 4021 n
2402 3980 2516 4027 Jac.
2546 4001 2609 4010 —
2653 3977 2682 4023 4
2713 3971 2758 4035 φ’
2783 3974 2914 4036 ops-nc
2962 3971 3069 4033 (sic)
3105 3973 3224 4029 ἤπια
3264 3968 3388 4019 eod.

1827 4051 2004 4102 Editur
2029 4052 2190 4112 φορὲῃς
2221 4051 2354 4106 ἤπια.
2385 4065 2408 4088 «ι
2436 4047 2530 4094 Pro
2547 4045 2668 4102 ἤπια
2696 4043 2969 4106 conjecerat
2991 4041 3104 4091 olizn
3132 4039 3392 4091 Jacobsius

1826 4123 2001 4180 νήπια,
2037 4120 2218 4182 optime
2264 4117 2492 4181 quidem,
2538 4113 2626 4164 sed
2673 4115 2843 4162 contra
2887 4115 3101 4162 mentem
3156 4111 3388 4162 auctoris.

1826 4195 1949 4242 Nam
1973 4190 2212 4253 quaesitus
2243 4190 2335 4239 suit
2364 4189 2504 4237 lusus
2535 4185 2786 4234 nominum
2824 4183 2966 4232 ἵππιοι
2999 4185 3048 4232 et
3094 4183 3228 4242 ἤπια.
3271 4203 3295 4226 ι»
3323 4184 3386 4234 B.

1830 4262 2116 4312 Rectissime
2143 4261 2392 4310 fleckerus
2425 4272 2437 4300 ι
2475 4277 2499 4299 ⁴«
2533 4253 2846 4305 subabsurda
2869 4255 2946 4302 est
2971 4252 3241 4312 sententia,
3276 4265 3394 4314 pue·

1828 4355 1909 4391 ros
1932 4340 2193 4390 certamina
2219 4338 2486 4388 instituisse
2509 4349 2568 4385 ea
2591 4334 2654 4384 de
2671 4345 2820 4383 causa
2835 4335 2893 4381 ut
2916 4331 3087 4382 hircus
3103 4343 3188 4381 eos
3209 4331 3390 4394 portet.

1830 4409 2151 4459 scribendum
2177 4423 2189 4451 =

1955 4532 2052 4594 53³5?
2084 4531 2246 4586 αὐτοὺς
2274 4531 2448 4593 ἐφορῇ
2480 4529 2625 4587 νήπια
2655 4527 2990 4591 τερπομένους,

1833 4653 1891 4699 ut
1917 4649 2042 4698 deus
2064 4648 2170 4712 ipse
2192 4661 2276 4698 eos
2297 4647 2522 4697 ludentes
2550 4644 2869 4708 puerulorum
2893 4643 2992 4693 ritu
3013 4641 3064 4691 in
3083 4640 3232 4691 hircis
3251 4638 3392 4704 equi·

1832 4724 1994 4770 tentes
2012 4718 2201 4782 placido
2219 4719 2407 4768 lumine
2435 4717 2600 4768 videat
2621 4719 2670 4765 et
2687 4717 2900 4765 tueatur.
2925 4733 2950 4756 n

1896 4860 2146 4908 cccxnl.
2181 4876 2204 4898 ιι
2233 4858 2383 4905 Poeta
2423 4852 2684 4904 Victoriam
2713 4851 2854 4901 deam
2886 4850 3108 4906 invocat,
3141 4850 3198 4898 ut
3225 4846 3318 4896 sibi
3345 4846 3394 4895 in

1838 4930 2097 4979 certamine
2117 4929 2304 4978 musico
2333 4927 2541 4992 palmam
2571 4923 2828 4987 impertiat.
2855 4942 2880 4966 υ
2911 4925 3022 4971 Jac.
3059 4919 3154 4970 Sed
3191 4917 3305 4967 vide
3331 4915 3393 4966 ad

1836 5017 1883 5051 r.
1912 5010 1938 5052 2
1995 5030 2050 5038 --
2083 5007 2124 5052 1.
2164 5021 2186 5044 «
2221 5004 2344 5058 Quoe
2375 4998 2692 5062 compellatur
2718 4993 2934 5044 Victoria
2967 4991 3226 5042 Pallan-tis
3247 4986 3394 5054 filio,
