3829 5747
430 208 547 269 364
1531 197 2038 258 ANTHOLOGIAE
2083 196 2484 257 PALATINAE

843 343 915 395 47
928 344 950 395 1
964 376 981 393 .
1031 333 1549 393 ΚΑΛΛΙΜΑΧΟΥ.

424 478 596 544 Εἴπας
622 505 647 529 ι
667 477 811 549 ἥλιε
829 518 846 547 ,
875 482 1070 555 χαῖρε
1104 500 1126 525 υ
1159 470 1521 553 Κλεόμὸροτος
1562 469 1950 547 ὼμὸρακιώτης

501 565 655 637 ἥλικ’
678 566 766 644 ἀφ’
791 566 991 643 ὑψηλοῦ
1008 560 1207 641 τείχεος
1235 566 1306 628 εἷς
1326 560 1505 635 ἀΐδαν,

423 654 561 722 ἄξιον
585 652 727 713 οὐδὲν
752 651 873 712 ἰδὼν
898 651 1119 711 Θανάτου
1147 649 1333 721 κακόν,
1364 648 1500 709 ἀλλὰ
1534 648 1816 714 Πλάτωνος

498 740 553 801 ἓν
576 740 637 800 τὸ
662 741 781 821 περὶ
807 742 977 821 ψυχῆς
999 738 1201 820 γράμμ’
1233 736 1631 812 ἀναλεξάμενος.

921 892 1064 955 472.
1107 880 1469 939 ΛΕΩΝΙΔΑ.

419 1022 617 1103 Μυρίος
643 1014 726 1097 ἦν,
756 1020 1019 1101 ἄνθρωπε,
1045 1019 1229 1100 χρόνος
1249 1025 1441 1097 προτοῦ
1458 1066 1473 1093 ,
1504 1020 1627 1099 ἄχρι
1656 1017 1783 1097 πρὸς
1808 1019 1891 1087 ἠῶ

499 1102 649 1184 ἦλθες
666 1158 678 1179 ,
697 1112 780 1191 χώ
799 1110 978 1177 λοιπὸς
1007 1110 1185 1186 μυρίος
1204 1110 1275 1175 εἰς
1301 1104 1472 1179 ἀΐδην.

417 1201 515 1268 Τίς
538 1208 695 1279 μοῖρα
730 1204 861 1271 {offic
889 1197 1249 1267 ὑπολείπεται,
1277 1194 1312 1265 ἢ
1346 1196 1461 1255 ὅσον
1485 1194 1639 1255 ὅσσον

497 1289 690 1367 στιγμὴ
721 1288 810 1347 καὶ
840 1291 1063 1366 στιγμῆς
1083 1284 1132 1344 εἶ
1155 1309 1204 1343 τι
1224 1283 1613 1365 χαμηλότερον;

336 1398 363 1437 ⁶
416 1378 577 1457 μικρή
610 1402 699 1436 σευ
728 1375 833 1446 ζωὴ
860 1374 1197 1453 τεθλιμμένη·
1232 1374 1465 1455 οὐδὲγὰρ
1494 1373 1625 1445 αὐτὴ

492 1468 646 1538 ἡδεῖ’,
670 1468 786 1525 ἀλλ’
814 1467 1001 1545 ἐχθροῦ
1030 1462 1346 1544 στυγνοτέρη
1373 1464 1619 1523 θανάτου.

414 1554 515 1614 Ἐκ
545 1554 686 1625 τυίης
717 1552 988 1632 ὥνθρωποι
1016 1551 1448 1629 ἀπηκριὸωμένοι
1476 1553 1642 1609 ὀστῶν

492 1642 739 1718 ἁρμονίης
756 1685 771 1712 ,
806 1642 1016 1719 ὑψοῦντ’
1045 1637 1175 1716 ἠέρα
1210 1640 1308 1697 κᾶν
1328 1636 1558 1715 νεφέλας·

412 1720 570 1809 ὦνερ,
600 1728 669 1785 ἴδ’
700 1734 771 1795 ὥς
800 1730 1035 1806 ἀχρεῖον,
1066 1726 1182 1784 ἐπεὶ
1210 1723 1331 1803 περὶ
1356 1724 1589 1793 νήματος
1617 1724 1773 1804 ἄκρον

310 1832 361 1871 10
492 1816 617 1888 εὗλὴ
650 1816 953 1894 ἀκέρκιστον
977 1817 1147 1880 λῶπος
1172 1812 1471 1892 ἐφεζομένη·

412 1896 517 1964 οἷον
541 1906 601 1965 τὸ
626 1904 649 1929 ’
680 1902 962 1985 ψαλάθριον
992 1900 1421 1982 ἀπεψιλωμένον,
1448 1890 1553 1959 οἷον

488 1993 669 2069 πολλῷ
699 1990 986 2072 ἅραχναίου
1015 1989 1351 2066 στυγνότερον
1381 1984 1646 2046 σκελέτου.

408 2081 569 2141 Ἠοῦν
592 2080 645 2148 ἐξ
673 2083 796 2150 ἠοῦς
820 2078 972 2138 ὅσσον
1003 2078 1191 2145 σθένος,
1214 2066 1365 2155 ὦνερ,
1390 2077 1607 2154 ἐρευνῶν

488 2167 595 2242 εἶης
622 2171 675 2228 ἐν
701 2169 821 2247 λιτῇ
846 2166 1145 2241 κεκλιμένος
1176 2168 1344 2243 βιοτῇ·

308 2272 360 2311 15
411 2255 518 2315 αἰὲν
541 2262 694 2317 τοῦτο
718 2254 821 2335 νόῳ
850 2252 1177 2332 μεμνημένος
1205 2252 1354 2332 ἄχρις
1376 2252 1561 2331 ὁμιλῇς

489 2349 667 2419 ζωοῖς,
700 2342 752 2411 ἐξ
776 2344 885 2415 οἵης
910 2341 1191 2422 ἡρμόνισαι
1220 2338 1485 2415 καλάμης.

902 2480 929 2507 *
952 2483 1078 2535 472.
1118 2487 1235 2532 ΤΟΥ
1272 2484 1484 2534 ΑΥΤΟΥ.

414 2614 694 2693 Χειμέριον
720 2609 859 2683 ζωὴν
886 2608 1287 2679 ὗπαλεύεο,νεῖο
1315 2609 1360 2666 δ’
1386 2609 1437 2674 ἐς
1462 2606 1646 2686 ὅρμον,

488 2706 559 2769 ὡς
586 2698 736 2780 κήγὼ
758 2698 970 2761 Φείδων
1002 2700 1031 2756 ὁ
1057 2694 1255 2777 Κρίτου
1283 2695 1355 2762 εἷς
1382 2693 1554 2767 ἀΐδην.

824 2846 961 2897 473.
1015 2836 1537 2896 ΑΡΙΣΤΟΔΙΚΟΥ.

409 2975 581 3052 Δαμὼ
604 2975 694 3034 καὶ
722 2973 987 3051 Μάθυμνα
1011 2972 1099 3032 τὸν
1124 2975 1176 3032 ἐν
1201 2973 1515 3053 τριετηρίσιν
1544 2973 1705 3050 ὥραις

493 3059 737 3140 Εὔφρονα
763 3059 1031 3119 λυσσατὰν
1064 3063 1134 3125 ὣς
1166 3060 1414 3119 ἐπύθοντο
1440 3059 1592 3118 νέκυν
1612 3107 1627 3132 ,

411 3149 546 3218 ζωὰν
582 3147 901 3229 ἀρνήσαντο,
924 3145 1288 3205 τανυπλέκτων
1318 3144 1362 3204 δ’
1387 3145 1491 3204 ἀπὸ
1516 3156 1704 3225 μιτρᾶν

488 3235 638 3318 χερσὶ
674 3234 999 3313 δεραιούχους
1026 3234 1381 3311 ἐκρεμάσαντο
1413 3233 1647 3314 βρόχους.

972 3386 1096 3437 474.
1138 3389 1412 3439 ΑΔΗΛΟΝ.

410 3501 501 3578 Εἷς
521 3513 607 3572 ὅδε
630 3509 925 3588 Νικάνδρου
946 3509 1141 3568 τέκνων
1161 3507 1340 3590 τάφος·
1371 3509 1427 3568 ἓν
1450 3508 1577 3589 φάος
1601 3513 1723 3576 ἀοῦς

486 3598 641 3657 ἄνυσε
663 3597 756 3656 τὰν
778 3597 920 3678 ἱερὰν
940 3594 1225 3664 Λυσιδίκας
1246 3596 1445 3674 γενεάν.

881 3732 911 3777 4
923 3727 1016 3778 75.
1066 3717 1467 3777 ΔῙΟΤΙΜΟΥ.

409 3857 645 3937 Νυμφίον
674 3857 947 3936 Εὗαγόρην
971 3857 1351 3932 πολυπένθιμος
1378 3863 1413 3929 ἡ
1449 3857 1740 3917 Πολυαίνου

485 3946 711 4013 Σκυλλὶς
738 3949 818 4004 ἀν’
844 3946 1041 4026 εὐρείας
1064 3937 1189 4017 ἦλθε
1224 3948 1398 4020 βοῶσα
1428 3947 1625 4018 πύλας,

404 4036 567 4097 παῖδα
590 4033 676 4092 τὸν
706 4034 1057 4112 Ἥγεμάχειον
1088 4033 1337 4113 ἐφέστιον·
1366 4033 1472 4094 οὐδ’
1500 4033 1581 4112 ἄρ’
1606 4033 1773 4105 ἐκείνη

481 4120 623 4200 χήρη
652 4121 922 4202 πατρῴους
966 4113 1111 4187 αὖθις
1136 4123 1320 4192 ἐσῆλθε
1346 4120 1558 4197 δόμους,

404 4208 664 4285 δαιμονίη·
690 4209 919 4290 τριτάτῳ
945 4207 1000 4267 δὲ
1021 4209 1295 4287 κατέφθιτο
1321 4209 1445 4285 μηνὶ
1474 4207 1699 4268 δυσαίων

932 4409 990 4463 47
1004 4419 1046 4450 1.
1085 4419 1403 4452 clinamen.

400 4516 429 4564 J
434 4529 537 4563 uaso
558 4513 656 4563 sole
676 4515 833 4564 ralerc
848 4515 1182 4566 Cleombrotus
1207 4517 1517 4567 Ambraciota

470 4595 710 4646 Moenibua
732 4613 761 4646 e
782 4598 977 4646 summis
1007 4599 1057 4647 in
1084 4603 1224 4666 Styga
1251 4601 1447 4662 desiliit,

400 4677 607 4742 Dignum
632 4688 785 4728 morte
798 4676 919 4729 nihil
938 4696 1097 4746 passus
1118 4697 1131 4732 :
1156 4683 1237 4731 sed
1253 4698 1425 4749 nempe
1444 4683 1650 4733 Platonis

468 4763 543 4809 De
566 4770 736 4811 natura
752 4762 901 4812 animi
924 4763 1103 4828 legerat
1122 4764 1207 4813 illc
1226 4765 1423 4815 librum.

980 4883 1097 4940 872.
1142 4895 1385 4930 cacumin.

388 4996 438 5068 'A
448 5001 528 5042 nte
562 5001 665 5044 tuos
687 5003 821 5045 ortus
848 4993 1129 5047 immensum
1151 4999 1333 5047 transiit
1360 5015 1509 5048 :exitui
1524 5035 1538 5061 ,

1839 4335 2041 4346 *οι-..ιιι-

2577 340 2680 386 471.
2716 339 3111 390 CALLmAcm.

2066 464 2258 515 Effatus
2281 486 2302 508 a
2325 467 2416 528 sol,
2436 469 2559 530 vale,
2585 489 2629 529 a»,
2660 469 3001 521 Cleombrotus
3015 472 3318 525 Ambraciota

2126 553 2349 615 prosiluit
2365 555 2428 605 ab
2447 557 2545 605 alto
2574 570 2717 607 muro
2731 557 2781 606 in
2806 560 3007 621 Orcum,

2065 640 2264 705 dignum
2287 644 2475 694 nullum
2499 646 2806 709 conspicatus
2830 650 2988 698 morte
3013 650 3213 711 malum,
3244 652 3332 701 sed
3349 652 3588 703 Platonis

2133 744 2283 779 unum
2302 769 2317 792 ,
2340 730 2463 781 illud
2480 732 2542 783 de
2557 733 2742 795 anima,
2767 734 3004 799 scriptum
3025 738 3309 802 perlegerat.

2615 876 2726 923 472.
2756 876 3064 926 LEONIDAE.

2067 1007 2312 1058 Infinitum
2339 1009 2460 1069 suit,
2483 1009 2632 1061 homo
2649 1048 2664 1072 ‚
2679 1014 2876 1075 tempus
2891 1012 3025 1073 olim,
3049 1014 3205 1065 donec
3223 1019 3280 1066 tu
3305 1016 3370 1067 ad
3395 1033 3650 1069 auroram

2127 1094 2316 1145 venires
2334 1134 2347 1158 ‚
2364 1098 2413 1147 ct
2430 1097 2670 1160 reliquum
2687 1098 2930 1149 inlinitum
2952 1103 3052 1151 erit
3078 1102 3128 1150 in
3147 1105 3372 1154 mortem.

2065 1185 2188 1240 Quae
2215 1186 2272 1231 in
2305 1182 2402 1233 hoc
2433 1198 2545 1247 pars
2567 1186 2682 1235 vitae
2705 1189 2857 1237 restat
2875 1226 2888 1247 ‚
2917 1188 3010 1237 nisi
3035 1194 3272 1251 quantum
3292 1191 3408 1241 mod

2125 1274 2356 1333 punctum
2375 1310 2388 1329 ,
2418 1276 2468 1322 et
2495 1276 2680 1336 puncto
2707 1274 2750 1323 si
2766 1274 2885 1336 quid
2903 1275 3140 1327 inferius?

2065 1362 2246 1425 Exigua
2263 1364 2350 1412 tua
2373 1363 2476 1413 vita
2494 1369 2542 1413 ec
2570 1364 2857 1425 constricta3
2877 1378 3037 1428 neque
3055 1367 3183 1415 enim
3196 1368 3295 1431 ipsa

2125 1450 2308 1513 dulcis,
2336 1451 2424 1500 sed
2449 1451 2625 1501 infesta
2642 1452 2964 1517 importunior
2983 1458 3154 1505 morte.

2064 1541 2130 1587 Ex
2156 1539 2238 1589 tali
2265 1538 2484 1590 homines
2510 1540 2762 1591 fabrefacti
2783 1542 2970 1591 ossium

2125 1641 2350 1691 compage
2373 1628 3051 1681 sese-in-sublime-cxtollunt
3067 1633 3129 1681 ad
3145 1646 3304 1683 aerem
3321 1636 3376 1685 ct
3387 1636 3608 1688 nebulas
3623 1656 3638 1697 ;

2061 1728 2092 1763 ο
2119 1716 2208 1778 vir,
2232 1716 2342 1766 vide
2370 1731 2519 1780 quam
2539 1718 2708 1769 inutile
2735 1732 2881 1769 :nam
2897 1720 3026 1771 circa
3045 1720 3182 1771 silum
3205 1726 3509 1776 extremum·

2123 1805 2302 1855 vermis
2327 1807 2801 1857 non-textam-radio
2824 1810 3012 1859 vestem
3035 1808 3210 1861 insidet
3233 1832 3244 1862 ε

2061 1892 2204 1953 quale
2239 1930 2374 1941 .......
2404 1892 2688 1955 depilatum,
2718 1908 2867 1957 quam

2122 1980 2280 2030 multo
2296 1994 2485 2031 araneae
2511 1982 2690 2031 foedius
2713 1984 2911 2032 sceleto.

2061 2066 2202 2117 Diem
2231 2080 2287 2117 ex
2313 2067 2392 2118 die
2414 2069 2707 2131 quantulum
2729 2073 2874 2120 tuum
2887 2073 2954 2121 sit
2973 2071 3136 2133 robur,
3155 2087 3186 2123 o
3205 2074 3296 2135 vir,
3317 2076 3606 2139 exploram,

2123 2156 2192 2205 sis
2214 2156 2263 2205 in
2285 2157 2424 2205 tenui
2440 2156 2702 2207 reclinatus
2727 2157 2843 2209 vita.

2061 2247 2228 2307 Usque
2253 2245 2347 2293 hoc
2371 2245 2535 2295 animo
2549 2246 2842 2308 memineris,
2870 2247 3024 2298 donec
3051 2250 3304 2302 versabere

2124 2330 2380 2382 cum-vivis
2395 2371 2407 2393 ,
2441 2348 2470 2384 e
2497 2332 2628 2396 quali
2647 2335 3025 2397 compactus-sis
3049 2336 3226 2387 culmo.

2596 2454 2627 2490 '¹‘
2647 2466 2757 2513 472.
2803 2476 3099 2520 musonis.

2061 2594 2730 2659 Tempestatibus-obnoxiam
2746 2596 2896 2648 vitam
2911 2598 3074 2649 devita
3083 2603 3133 2650 ct
3143 2602 3352 2653 concede
3361 2603 3413 2653 in
3423 2609 3626 2668 portum

2124 2684 2252 2733 sicut
2269 2696 2360 2748 ego
2380 2696 2593 2747 quoquc,
2611 2684 2766 2735 Phido
2792 2686 2944 2736 critae
2963 2686 3093 2738 tilius
3108 2725 3122 2749 ‚
3153 2688 3217 2739 ad
3244 2690 3447 2744 inferos.

2605 2828 2713 2877 473.
2750 2828 3116 2881 ARISTomcI.

2059 2970 2216 3017 Damo
2235 2971 2287 3018 et
2315 2966 2597 3031 Mathymna
2613 2967 2755 3018 illum
2783 2967 2834 3017 in
2855 2967 3171 3020 triennalibus
3201 2969 3403 3021 Bacchi
3425 2971 3564 3023 ludis

2120 3055 2431 3119 Euphronem
2461 3057 3061 3108 sacro-furore-concitum
3102 3057 3446 3123 ubi-accepere
3495 3075 3626 3114 mor-

2059 3145 2213 3194 a-vita
2239 3145 2606 3195 se·abdicarunt
2620 3184 2632 3206 ‚
2654 3149 2706 3196 et
2723 3159 2784 3195 ex
2813 3144 2948 3196 zonis
2971 3147 3244 3210 lato-plexu
3444 3150 3624 3213 [tuum

2119 3232 2342 3282 inanibus
2369 3234 2830 3297 collum-pressures
2863 3234 3223 3299 suspenderunt
3241 3236 3460 3300 laqueos.

2611 3370 2722 3418 474.
2767 3378 3038 3422 menn'rt.

2059 3499 2195 3548 Unus
2211 3498 2293 3547 hic
2312 3497 2537 3548 Nicandri
2567 3497 2832 3548 liberorum
2844 3499 3068 3550 tumulus
3091 3521 3102 3550 ε
3126 3515 3222 3551 una
3245 3502 3330 3551 lux
3359 3517 3558 3552 aurorae

2121 3585 2326 3636 confoeit
2346 3599 2534 3636 sacram
2559 3585 2794 3648 Lysidicae
2818 3587 3019 3650 prolem.

2623 3731 2735 3777 475.
2766 3729 3034 3778 moTIMI.

2054 3868 2295 3929 Sponsum
2319 3868 2586 3929 Evagoram
2607 3866 3027 3930 impense-flebilis
3046 3867 3144 3919 lilia
3173 3870 3382 3934 Polyaeni

2117 3953 2288 4016 Scyllis
2319 3967 2406 4017 per
2431 3955 2556 4004 latas
2579 3952 2636 4005 iit
2667 3955 2934 4006 inclamans
2951 3959 3144 4020 portas,

2053 4040 2212 4090 filium
2239 4041 2549 4104 Hegemachi,
2574 4042 3227 4104 soci-domestici-columem
3249 4059 3408 4110 neque
3435 4048 3520 4099 illa

2109 4131 2260 4180 vidua
2281 4133 2530 4195 paternam
2559 4145 2731 4182 rursus
2753 4134 3070 4198 est-ingressa
3092 4136 3294 4186 domum
3311 4175 3324 4197 ‚

2001 4215 2010 4276 Ι
2049 4219 2209 4268 infelix
2233 4235 2248 4277 ς
2275 4220 2420 4269 tertio
2451 4221 2616 4270 autem
2633 4224 3024 4284 consumpta-cst
3055 4235 3220 4273 mense
3247 4224 3426 4274 misera

2111 4411 2415 4462 Immensum,
2448 4416 2698 4473 postquam
2717 4416 2768 4457 tu
2788 4409 3031 4469 morieris,
3061 4410 3172 4461 erit.

2047 4491 2169 4552 Ergo
2196 4488 2308 4550 quid
2333 4489 2391 4537 ad
2425 4489 2570 4539 vitam
2593 4499 2738 4539 restat
2761 4489 2820 4538 de
2851 4496 3102 4557 temffmre?
3123 4500 3354 4558 punctum
3375 4528 3391 4548 .

2111 4574 2210 4619 Aut
2246 4570 2426 4635 aliquid
2447 4581 2623 4636 puncto
2649 4571 2862 4620 siminus
2877 4588 2978 4622 esse
2996 4581 3169 4638 potest.

2045 4652 2303 4717 Stringitur
2325 4663 2520 4717 angusto
2547 4655 2614 4703 sic
2645 4663 2757 4703 atas
2789 4653 2968 4716 limite;
2991 4654 3141 4705 dulcis

2113 4736 2204 4784 Illa
2221 4751 2310 4785 nec
2337 4744 2422 4793 eat,
2439 4736 2521 4784 sed
2551 4735 2698 4786 habet
2719 4737 2872 4788 tristia
2896 4747 3052 4787 morte
3069 4737 3232 4801 magis.

2048 4821 2146 4868 Has
2178 4827 2476 4886 tempestates
2505 4818 2648 4884 igitur
2665 4819 2796 4885 fuge,
2815 4830 2866 4871 ct
2884 4820 3042 4885 arripe
3061 4829 3267 4886 portum,

2113 4903 2257 4966 Quali
2273 4919 2376 4954 sum
2401 4912 2529 4954 tutus
2551 4920 2678 4954 nunc
2703 4921 2788 4970 ego
2811 4904 2962 4955 Pbido
2992 4905 3149 4958 crite.
