3829 5747
932 344 1361 435 BREVIS
1440 338 2118 430 ΑΝΝΟΤΑΤΙΟ
2195 340 2312 426 ΙΝ
2391 337 2776 426 CAPUT
2856 337 3003 426 IV.

1674 560 2226 594 ψ

430 801 467 849 l.
497 798 653 849 Schol.
682 820 693 847 ι
723 798 853 850 οὗτος
878 800 904 845 ό
945 799 1201 858 Μελέαγρος
1224 797 1383 851 Φοῖνιξ
1400 794 1455 854 ἦν
1479 794 1572 842 ἀπὸ
1594 793 1911 848 Παλαιστίνης
2009 804 2056 854 p.
2081 796 2137 841 87
2156 793 2200 849 ):
2232 810 2254 832 κ
2276 790 2372 839 Sed
2392 794 2444 839 ut
2458 793 2650 852 myrtus
2667 789 2809 838 arbor
2827 792 2904 838 est
2923 788 3100 837 Veneri
3126 801 3295 847 sacra,
3323 788 3394 837 ita
3421 790 3576 839 verba

366 872 562 919 πόλεων.
608 871 696 922 (Et
722 868 885 930 paullo
913 867 1118 915 inferius
1160 887 1170 914 ;
1208 867 1277 914 ὅτι
1312 868 1338 913 ὁ
1364 866 1619 927 Μελέαγρος
1664 864 1921 925 Γαδαρηνὸς

366 940 422 999 ἦν
438 977 452 997 .
478 942 531 988 τὸ
553 940 682 999 γένος
703 938 843 1000 Σύρος
857 950 869 962 ·
896 938 1183 993 ἐτελεύτησεν
1202 936 1249 983 ἐν
1270 938 1355 997 Κῷ
1378 940 1435 997 τῇ
1456 935 1602 997 νήσῳ.
1630 934 1646 989 )
1672 933 1921 989 Ἐποίησεν

366 1014 415 1059 δὲ
435 1013 513 1060 τὸν
531 1010 788 1070 θαυμάσιον
807 1010 987 1057 τουτονὶ
1010 1008 1089 1057 τὸν
1119 1006 1219 1067 (sic
1247 1019 1409 1069 apogr.
1443 1009 1548 1053 Par.
1570 1016 1659 1066 pm
1690 1006 1801 1061 τῶν)
1827 1010 1922 1050 τῶν

366 1082 726 1144 ἐπιγραμμάτων
750 1079 972 1139 στέφανον
989 1090 999 1102 ·
1040 1079 1279 1134 συνέταξεν
1305 1076 1353 1125 δὲ
1380 1076 1499 1123 αὐτὰ
1522 1076 1641 1122 κατὰ
1676 1078 1889 1136 στοιχεῖα
1907 1091 1919 1103 ·

366 1152 481 1199 ἀλλὰ
506 1152 849 1203 Κωνσταντῖνος
873 1148 899 1195 ό
924 1148 1315 1209 ἐπονομαζόμενος
1336 1147 1545 1203 Kasai&
1564 1144 1777 1205 συνέχεεν
1804 1143 1922 1189 αὐτὰ

366 1219 587 1282 ἀφορίσας
606 1220 669 1273 εἰς
694 1216 918 1273 κεφάλαια
936 1216 1154 1277 διάφορα,
1174 1216 1315 1276 ἤγουν
1344 1214 1540 1275 ἐρωτικὰ
1561 1214 1688 1267 ἰδίως
1714 1213 1793 1259 καὶ
1812 1211 1922 1259 ἀνα-

366 1291 591 1348 esuum&
630 1290 709 1337 καὶ
739 1288 986 1348 ἐπιτύμὸια
1022 1290 1101 1335 καὶ
1130 1286 1412 1335 ὲπιδεικτικὰ
1430 1321 1443 1343 ,
1482 1287 1545 1337 ὡς
1584 1289 1663 1331 νῦν
1704 1282 1924 1331 ὑποτέτα-

366 1378 470 1409 κται
495 1361 541 1409 ἐν
568 1364 638 1417 τῷ
658 1358 849 1417 παρόντι
886 1358 1084 1419 πυκτίφ.
1114 1382 1171 1391 -
1196 1374 1219 1398 κ
1242 1358 1568 1405 accensentur
1587 1352 1683 1401 hoc
1712 1352 1924 1401 carmine

365 1429 561 1477 nomina
580 1430 833 1489 poetarum
848 1464 860 1485 ,
882 1440 911 1475 e
932 1438 1143 1487 quorum
1157 1425 1349 1475 lusibus
1374 1425 1612 1485 Meleager
1640 1426 1920 1481 Coronam,

363 1498 415 1546 id
443 1501 518 1546 est
547 1498 797 1558 syntagma
824 1509 970 1545 suum
1002 1495 1402 1553 concinnaverat,
1424 1497 1474 1543 et
1504 1492 1702 1556 quidem
1734 1492 1829 1551 ita,
1865 1494 1925 1541 ut

365 1566 539 1629 singuli
567 1568 727 1628 poetae
752 1580 863 1613 cum
888 1565 1090 1629 singulis
1118 1565 1322 1613 floribus
1354 1569 1403 1614 et
1441 1564 1696 1613 arboribus
1734 1576 1926 1625 compa-

366 1640 536 1684 rentur
583 1656 596 1683 :
637 1648 737 1697 quo
773 1634 983 1684 ducebat
1012 1635 1117 1697 ipse
1156 1634 1316 1697 operis
1354 1634 1547 1684 titulus.
1592 1636 1646 1682 ln
1679 1632 1923 1680 nonnullis

366 1708 508 1767 poeta
536 1704 898 1754 similitudinem
926 1704 1139 1767 aliquam
1166 1708 1442 1766 aucupatus
1468 1706 1569 1761 est,
1586 1716 1676 1751 nec
1701 1702 1751 1750 in
1776 1700 1928 1750 omni-

366 1776 461 1823 bus
492 1778 653 1824 tamen
680 1788 771 1823 nec
814 1774 1021 1837 ubique3
1066 1777 1125 1825 ut
1150 1775 1238 1836 qui
1262 1774 1353 1823 has
1380 1773 1719 1823 similitudines
1757 1772 1805 1820 in
1832 1771 1929 1820 sin-

367 1846 495 1907 gulis
518 1846 684 1895 rimari
718 1848 769 1895 et
792 1845 1089 1908 perscrutari
1114 1845 1232 1895 velit
1248 1884 1260 1905 ‚
1282 1846 1436 1895 multa
1466 1858 1612 1907 opera
1649 1843 1923 1905 insumpta,

368 1918 443 1965 vit
464 1921 626 1966 tamen
640 1916 910 1979 quidquam
940 1918 1118 1979 praeter
1128 1917 1343 1979 argutias
1367 1917 1647 1979 prolaturus
1660 1915 1738 1963 sit.
1760 1934 1784 1957 v·
1805 1916 1918 1961 Jac.

368 2014 428 2023 -
451 1995 477 2037 2
506 1990 759 2048 ύμνοθετᾶν
778 1986 999 2037 Reiskius
1012 2024 1025 2045 ‚
1042 1991 1173 2036 recte
1189 2024 1201 2044 ‚
1219 1990 1340 2049 puto
1354 2025 1366 2045 ‚
1387 1999 1669 2049 quanquam
1688 1984 1926 2044 adJ'ective

370 2058 477 2121 capi
504 2059 693 2119 petest,
714 2060 771 2107 ut
798 2058 1089 2120 μουσόπολον
1128 2059 1349 2115 στέφανον
1384 2058 1620 2118 Meleager
1645 2054 1769 2104 dixit
1806 2056 1923 2110 xli,

368 2141 443 2190 ep.
474 2133 583 2187 257,
618 2136 663 2179 8.
694 2127 851 2177 Etiam
884 2128 1093 2177 Graetius
1121 2128 1408 2189 ύμνοθετῶν,
1440 2126 1527 2187 qui
1552 2125 1760 2173 mutavit
1790 2144 1811 2165 κ
1846 2122 1928 2171 do-

370 2200 494 2248 ricas
516 2198 695 2247 formas
719 2198 769 2246 in
794 2197 1034 2259 prioribus
1054 2196 1277 2245 carminis
1296 2194 1517 2245 distichis
1543 2195 1739 2253 obvias,
1770 2208 1926 2256 quum

372 2269 419 2317 in
456 2272 563 2317 toto
606 2268 705 2315 t'ere
736 2266 924 2328 reliquo
951 2265 1161 2314 carmine
1192 2264 1358 2315 Codex
1402 2268 1680 2315 constanter
1724 2264 1928 2312 ionicam

370 2338 631 2388 dialectum
666 2335 901 2385 exhibeat.
942 2357 964 2378 υ
1016 2334 1153 2383 Adde
1205 2335 1423 2395 ejusdem
1478 2335 1811 2397 praefationem
1865 2334 1927 2381 ‹le

370 2408 639 2471 quaestione
666 2407 889 2471 ambigua
923 2410 973 2456 et
998 2406 1211 2465 difficili,
1246 2420 1359 2467 quae
1389 2407 1441 2454 in
1466 2405 1560 2455 hac
1596 2405 1804 2455 editione
1831 2419 1926 2453 uon

370 2480 532 2542 potest
556 2479 767 2527 tractari.
790 2504 850 2513 —
867 2482 912 2526 3.
942 2498 963 2519 a
992 2480 1175 2526 Διοκλεῖ
1198 2479 1494 2539 μναμόσυνον
1510 2515 1524 2537 ,
1552 2478 1676 2526 cous.
1708 2479 1797 2525 Xll
1813 2514 1825 2533 ‚
1847 2489 1923 2537 ep.

373 2552 481 2607 257,
511 2554 556 2597 5.
592 2566 615 2589 ιο
646 2549 708 2597 B.
730 2574 789 2582 —
828 2556 854 2597 5
886 2552 1065 2610 Μυροῠς
1099 2547 1309 2596 Brunek.
1337 2574 1399 2581 -
1433 2550 1457 2595 7
1488 2551 1634 2609 τορῶν
1678 2545 1924 2603 Reiskius3

370 2623 521 2681 χορῶν
544 2616 685 2675 cod„
713 2616 845 2679 quod
864 2618 1073 2666 Graelius
1090 2621 1276 2667 tuetur.
1300 2616 1505 2666 Bothius
1525 2624 1675 2679 χορῶν
1702 2619 1930 2664 Μελανιπ-

369 2689 531 2747 πίδου,
554 2689 719 2748 ἐγκύου
752 2690 923 2750 ύμνων.
951 2687 1296 2751 Melanippides
1317 2689 1477 2737 clarus
1508 2686 1927 2750 dithyramborum

368 2764 513 2823 poeta
526 2760 825 2809 memoratur
841 2772 871 2807 a
886 2757 1201 2821 xenophonte
1214 2760 1488 2807 Comment.
1510 2762 1535 2807 I
1553 2796 1565 2815 ‚
1586 2762 1634 2817 4,
1651 2763 1698 2818 3,
1724 2760 1773 2807 et
1801 2756 1925 2806 aliis.

372 2855 433 2867 —
464 2836 520 2880 10
549 2831 700 2885 δέλτος
728 2828 870 2890 cod„
899 2842 1021 2879 corr.
1061 2829 1218 2879 Reisk.
1262 2857 1323 2871 -
1358 2835 1429 2879 11.
1466 2848 1489 2871 α
1544 2828 1799 2891 Σαμψύχου
1832 2830 1930 2890 (ex

370 2901 571 2952 floribus
607 2900 897 2958 octonariis)
932 2915 1109 2950 nomen
1144 2901 1359 2951 illustrat
1392 2900 1616 2950 Reiskius
1647 2899 1709 2948 ad
1737 2899 1913 2948 Cei-im.

367 2987 418 3036 p.
447 2977 555 3032 239,
584 2974 635 3020 et
660 2972 846 3020 confert
875 2971 1021 3035 epigr.
1055 2977 1177 3035 App.
1213 2978 1315 3021 120.
1354 2993 1375 3014 υ
1406 2975 1467 3021 B.
1498 2975 1604 3027 Τοῖς
1624 2971 1664 3019 δ’
1684 2972 1781 3033 ἅμα
1812 2973 1932 3019 liec-

372 3045 535 3100 kerus,
565 3042 758 3091 frustra.
791 3071 849 3082 —
887 3049 959 3092 12.
991 3063 1013 3084 τι
1042 3043 1413 3107 Παρθενὸχρωτα
1449 3043 1617 3105 κρόκον
1646 3043 1833 3104 accipio
1868 3043 1930 3090 de

370 3113 559 3188 tepellis
600 3113 727 3160 croci
758 3111 878 3172 tilis,
912 3113 981 3162 ita
1007 3115 1171 3162 tamen
1205 3117 1264 3161 ut
1290 3113 1356 3162 ad
1390 3113 1582 3161 Erinnae
1606 3112 1931 3172 virginitatem

370 3183 674 3245 respiciatur.
713 3208 775 3218 —
809 3188 879 3232 13.
921 3181 1246 3250 Hyacinthum
1286 3185 1506 3244 λάληθρσν
1522 3219 1536 3240 ,
1567 3183 1746 3244 quippe
1776 3183 1930 3231 literis

372 3255 420 3301 αἱ
446 3253 495 3300 αἱ
528 3251 841 3314 inscriptum,
862 3251 986 3301 dixit
1016 3257 1265 3314 praeeunte
1291 3251 1496 3301 Moscho
1528 3254 1593 3313 11,
1626 3261 1654 3302 6
1687 3273 1696 3300 ;
1722 3257 1827 3309 νῦν,
1853 3255 1933 3302 ὑά-

372 3327 524 3380 auvos,
550 3323 679 3369 λαλεῖ
704 3322 763 3368 τὰ.
805 3324 869 3370 σὰ
900 3323 1165 3384 γράμματα.
1192 3349 1256 3359 --
1286 3327 1357 3370 14.
1392 3325 1594 3382 Σαμίου,
1624 3323 1738 3371 alibi
1774 3323 1931 3384 Σάμου

374 3390 569 3453 scripti,
598 3389 699 3438 duo
736 3388 1081 3452 epigrammata
1116 3395 1381 3453 supersunt
1434 3392 1483 3440 iu
1526 3389 1811 3454 Authologia
1846 3395 1934 3442 Ce-

372 3461 550 3526 phalae.
581 3462 760 3522 Δάφνης
778 3464 935 3510 κλῶνα
958 3465 1307 3524 μεὶαμπέταλον
1332 3463 1481 3513 habet
1510 3465 1653 3513 etiam
1679 3463 1932 3527 Philippus

376 3535 457 3589 lx.
485 3547 563 3595 ep.
591 3534 700 3592 307,
722 3538 767 3580 2.
788 3561 847 3572 -
872 3537 942 3582 16.
980 3533 1221 3595 Ὀξύτορος
1248 3535 1381 3589 πίτυς
1406 3538 1609 3583 voc-atur
1634 3534 1696 3582 ob
1726 3535 1929 3584 sormam

372 3603 559 3654 arboris
594 3602 937 3652 acuminatam.
984 3605 1291 3652 Her-mannus
1335 3604 1395 3654 de
1424 3605 1548 3654 soliis
1586 3605 1743 3654 acutis
1784 3605 1931 3668 pinus

371 3673 685 3737 intelligebat.
710 3699 767 3708 —
790 3676 862 3722 17.
884 3675 1083 3731 Βλαισὴν
1102 3673 1165 3722 de
1187 3676 1382 3738 platano
1405 3675 1607 3738 poculis
1632 3679 1797 3725 ramis
1820 3676 1927 3740 dif-

372 3745 497 3808 fusa
527 3743 743 3806 accipio,
762 3757 875 3806 quas
906 3744 1019 3792 alibi
1046 3744 1226 3794 dicitur
1258 3747 1533 3808 ἀμφιλαφής.
1566 3747 1749 3795 Eodem
1782 3761 1930 3796 seusu

370 3814 597 3863 Simmias
612 3813 731 3862 dixit
762 3815 950 3874 βλαισός
995 3813 1255 3876 Ἀχαρνίτης
1274 3819 1452 3871 κισσός.
1478 3837 1501 3858 υ
1529 3818 1641 3865 Jac.
1679 3817 1771 3864 sed
1801 3821 1932 3866 recte

372 3885 601 3934 observat
627 3884 847 3944 Geelius,
878 3885 1127 3946 platanum
1164 3899 1261 3934 non
1288 3885 1468 3935 habere
1485 3926 1497 3944 ,
1541 3887 1669 3936 sicut
1708 3887 1857 3935 sitem
1882 3889 1932 3935 et

372 3955 603 4006 hederam
622 3993 635 4014 ‚
682 3955 830 4004 ssexos
881 3968 1044 4004 ramos
1093 3969 1151 4004 ac
1212 3956 1414 4006 tortiles.
1469 3961 1631 4014 Quare
1683 3959 1932 4007 Ileckerus

371 4041 422 4090 p.
448 4029 559 4084 40³,
591 4026 1006 4088 βλαισῆς...οἷνης,
1058 4046 1080 4068 «
1114 4027 1367 4089 platanum
1405 4028 1639 4091 Pamphili
1666 4028 1817 4077 demit
1844 4027 1931 4076 viti

374 4099 419 4148 ei
444 4094 769 4150 incumbenti;
799 4115 824 4138 υ
854 4095 968 4144 alibi
998 4099 1123 4158 (Lp.
1154 4099 1231 4153 86)
1272 4099 1467 4158 βλαισήν
1485 4101 1745 4161 τε...οἱνῃς,
1776 4119 1799 4141 α
1826 4113 1932 4162 pas-

375 4166 501 4225 sive,
534 4168 593 4214 ut
616 4165 845 4227 platanus
869 4163 1063 4214 dicatur
1090 4165 1319 4214 manibus
1346 4168 1407 4226 (?)
1438 4168 1681 4217 tortilibus
1707 4168 1823 4217 vitis
1853 4168 1934 4217 ad·

378 4236 549 4285 stricta
592 4248 715 4283 esse.
766 4256 788 4277 n
830 4234 949 4284 Cod.
999 4237 1138 4292 οἱνης.
1192 4237 1403 4285 Graeiius
1442 4240 1603 4298 οἴμης.
1661 4242 1931 4299 carminis,

374 4305 511 4369 quod
550 4307 837 4367 receperunt
878 4304 1022 4355 Both.
1066 4309 1117 4354 et
1148 4307 1324 4368 Boiss,
1353 4307 1441 4368 qui
1470 4307 1610 4357 addit
1652 4329 1663 4356 :
1698 4329 1719 4350 u
1753 4311 1932 4359 Forsan

374 4377 521 4427 etiam
538 4375 631 4438 legi
656 4375 834 4438 poterit
861 4377 1001 4437 ᾠδῆς.
1036 4398 1059 4420 ι»
1085 4377 1307 4427 Reiskius
1325 4381 1509 4441 ὑγροῖς,
1529 4382 1630 4428 Jac.
1655 4381 1803 4435 οὔλοις
1822 4395 1936 4430 con-

370 4447 631 4509 jiciebant‚
648 4459 762 4496 cum
789 4448 1013 4508 sequenti
1041 4450 1187 4512 ἔρνεσι
1214 4450 1521 4499 struendum.
1544 4481 1603 4490 -
1633 4455 1688 4500 18
1720 4453 1934 4515 Παγκρα-

374 4519 489 4572 τὲως
518 4530 683 4580 apogr.
725 4521 835 4567 Par.
869 4549 919 4560 -
966 4525 1020 4569 19
1047 4521 1263 4582 χροερὸν,
1298 4527 1356 4570 20
1386 4521 1679 4582 ἀμμοτρόφον
1710 4521 1830 4570 eod.
1870 4548 1934 4560 -—

376 4595 430 4639 21
454 4587 525 4637 sic
550 4587 693 4648 cod„
723 4590 778 4637 ut
806 4601 856 4636 v.
879 4595 936 4637 25
974 4593 1023 4638 et
1051 4590 1191 4644 alibi;
1222 4589 1315 4638 sed
1335 4592 1476 4639 malis
1508 4592 1791 4652 Δαμαγήτου
1818 4606 1931 4641 cum

374 4658 583 4710 Reiskio.
612 4684 671 4693 —
703 4666 778 4708 22.
817 4661 1041 4720 Στυφελὸν
1079 4663 1174 4711 mel
1202 4661 1489 4710 Callimachi
1530 4661 1625 4710 dici
1652 4665 1827 4724 putant
1868 4663 1933 4712 ob

375 4727 563 4778 iambos
578 4765 591 4789 ‚
632 4727 933 4777 choliambos
977 4730 1026 4776 et
1067 4728 1283 4788 Ibidem
1315 4731 1535 4780 Reiskius
1576 4731 1818 4781 referebat
1870 4733 1935 4782 ad

380 4817 405 4840 ι
436 4797 625 4860 copiam
664 4810 845 4846 vocum
888 4797 1124 4846 rariorum
1168 4803 1219 4848 et
1266 4800 1663 4849 enunciationum
1710 4801 1936 4850 obscura-

376 4881 489 4917 rum
514 4867 805 4929 crebrasque
844 4867 1103 4916 allusiones
1129 4868 1190 4917 ad
1215 4870 1404 4932 ignotas
1434 4874 1680 4920 vetustate
1714 4872 1930 4934 fabulas,

376 4939 441 4990 ob
476 4951 591 5002 quas
618 4937 809 4987 dudum
850 4940 926 4986 est
960 4937 1093 4999 quod
1131 4938 1461 4988 Callimachus
1504 4941 1934 5001 grammaticorum

382 5025 500 5062 trux
528 5007 689 5068 audit;
714 5029 737 5051 υ
767 5007 905 5059 obliti
938 5007 1260 5071 prmcedentis
1288 5011 1390 5068 ἡδύ.
1421 5013 1568 5059 Recte
1594 5011 1841 5060 Becker-us
1871 5015 1932 5074 (l,

2012 861 2232 921 στυφελόν
2269 862 2368 921 με’λι
2400 859 2544 908 unice
2590 858 2652 908 ad
2694 870 2910 907 amorem
2955 856 3128 907 reterri
3182 862 3402 923 possunt.
3465 860 3577 923 Epi-

2012 934 2279 994 grammata
2325 931 2470 993 igitur
2509 926 2792 979 Callimachi
2829 941 2918 991 pro
2965 927 3146 989 maiore
3183 932 3322 991 parte
3373 928 3576 979 luemnt

2013 1001 2234 1051 amatorii
2271 1000 2556 1063 argumenti.
2588 1006 2813 1047 Amorem
2841 998 3005 1061 πικρὸν
3035 999 3136 1061 μελι
3168 996 3292 1045 dixit
3315 996 3444 1047 idem
3475 1001 3577 1047 Me-

2013 1074 2174 1133 leager
2200 1073 2290 1121 Xll
2307 1110 2320 1131 ‚
2342 1085 2419 1134 ep.
2449 1077 2527 1128 82,
2553 1076 2596 1137 1,,
2629 1073 2679 1119 et
2705 1070 2926 1133 γλυκερῆς
2948 1070 3089 1131 ἄχθος
3121 1068 3281 1125 ὀδύνης
3311 1082 3387 1131 ep.
3413 1076 3492 1129 99,
3520 1078 3572 1119 6.

2014 1147 2075 1192 Et
2100 1144 2202 1204 ipse
2227 1142 2351 1192 deus
2369 1144 2400 1209 ὀ,
2417 1144 2722 1204 γλυκύπικρος
2742 1141 2912 1202 Ἔρως.
2935 1159 2960 1182 υ
2991 1138 3249 1188 Marcellus
3267 1141 3444 1189 Comes
3469 1154 3580 1189 cor-

2015 1214 2198 1275 rigebat
2221 1213 2252 1272 ἠ
2268 1214 2333 1261 κέ
2358 1228 2406 1260 τε
2433 1212 2599 1274 μύρτον
2615 1248 2630 1271 ,
2653 1212 2761 1260 coll.
2787 1225 2835 1259 v.
2865 1214 2919 1259 41
2945 1237 3008 1245 ——
3025 1215 3083 1259 23
3105 1210 3352 1271 μούσηισιν
3385 1213 3577 1273 ἄμεινον

2017 1284 2197 1332 Codex.
2223 1283 2397 1332 Editur
2413 1282 2655 1343 Μούσῃσιν
2684 1282 2881 1345 ἄμωμον
2903 1294 2958 1329 ex
2993 1278 3158 1329 Graefii
3186 1283 3236 1328 et
3267 1281 3440 1343 Heynii
3463 1296 3576 1331 cor-

2016 1354 2248 1403 rectione..
2275 1372 2298 1395 «
2334 1354 2630 1414 Corruptum
2657 1349 3019 1400 hemistichium
3047 1350 3149 1410 jani
3175 1362 3480 1400 correxeram
3509 1354 3576 1401 ad

2016 1422 2212 1473 zachar.
2239 1424 2389 1485 Mityl.
2429 1436 2476 1471 n.
2505 1427 2608 1482 163,
2636 1434 2682 1484 p.
2723 1426 2840 1481 391,
2875 1420 3040 1481 ibique
3066 1433 3224 1469 meam
3255 1421 3576 1483 scripturam,

2018 1492 2272 1555 repudiata
2319 1492 2592 1555 hemana,
2640 1489 2881 1541 adstruxi.
2931 1493 3050 1539 Post
3087 1490 3330 1551 Heynium
3377 1492 3582 1541 criticus

2016 1564 2199 1627 Anglus
2225 1564 2274 1612 in
2305 1562 2467 1611 Diario
2493 1562 2694 1612 classico
2725 1564 2842 1610 tom.
2869 1564 2928 1609 33
2946 1599 2959 1621 ,
3002 1573 3050 1622 p.
3092 1568 3120 1609 5
3137 1595 3152 1621 ‚
3173 1562 3368 1620 ἄμωμον
3398 1562 3580 1611 iterum

2015 1635 2225 1693 iuvenit;
2251 1647 2352 1696 quo
2377 1636 2539 1682 tamen
2572 1645 2815 1681 consensu
2845 1645 2940 1680 nou
2973 1630 3239 1679 dimoveor.
3273 1651 3295 1673 >a
3328 1634 3388 1679 B.
3415 1660 3477 1667 --
3495 1638 3576 1682 24.

2017 1704 2318 1767 periphrasis
2355 1703 2564 1752 nominis
2605 1701 2950 1752 Dioscorides.
2996 1730 3056 1745 --
3098 1708 3156 1751 26
3201 1708 3366 1764 σχῖνον
3412 1702 3574 1752 Reisk.

2017 1774 2280 1823 Salmasius
2304 1772 2524 1835 intelligit
2551 1773 2718 1821 florem
2753 1771 2890 1833 junci
2917 1771 3119 1821 odorati.
3150 1802 3209 1813 -
3239 1778 3298 1821 28
3331 1773 3474 1822 ἄνθεα
3495 1770 3580 1823 καὶ

2019 1849 2142 1909 ῥοιῆς
2165 1843 2359 1907 corrigit
2388 1844 2534 1894 Graei'.
2554 1870 2618 1880 —-
2637 1850 2697 1895 29
2716 1844 3023 1908 μυῤῥηναίους
3047 1842 3188 1903 Cod.‚
3217 1857 3339 1893 corr.
3369 1846 3578 1895 Salmas.

2016 1942 2081 1950 —
2104 1922 2165 1965 30
2206 1915 2411 1977 βλωθρήν
2449 1915 2700 1963 Heckerus
2734 1918 2808 1975 (l,
2845 1928 2894 1977 p.
2935 1920 2994 1965 88
3024 1916 3168 1975 seq.);
3215 1915 3396 1977 βρωτὴν
3433 1916 3582 1973 cod,

2019 1985 2244 2047 idemque
2271 1986 2454 2047 σιμὶεω.
2475 1988 2527 2033 Σι
2555 1985 2671 2047 μὶεω
2697 1998 2860 2047 apogr.
2883 1989 2994 2034 Par.
3011 2016 3071 2027 —
3100 1990 3155 2034 31
3189 1985 3372 2035 σελίνου
3399 1987 3584 2035 Hecke

2021 2070 2130 2117 rus,
2161 2057 2269 2105 coll.
2293 2057 2436 2104 Hom.
2470 2054 2562 2103 Od.
2579 2057 2650 2113 E,
2679 2059 2737 2103 72
2773 2076 2784 2102 :
2809 2056 3028 2116 λειμῶνες
3045 2056 3246 2116 μαλακοὶ
3267 2056 3346 2103 ῖου
3363 2056 3444 2114 ἠδὲ
3463 2060 3586 2105 osli-

2018 2145 2116 2177 νου.
2151 2126 2271 2176 Cod.
2311 2128 2482 2175 σέλινα.
2525 2125 2660 2175 Idem
2705 2125 2930 2187 sequenti
2967 2139 3114 2173 versu
3157 2126 3387 2183 διακνὶξας
3417 2128 3586 2189 potius

2019 2198 2198 2259 requiri
2228 2197 2468 2245 observat.
2502 2227 2567 2235 —
2596 2200 2671 2245 32.
2719 2216 2740 2236 «
2785 2194 3124 2245 ParthenIde’s
3166 2196 3401 2245 memoria
3449 2197 3583 2259 apud

2019 2269 2179 2317 solum
2199 2270 2420 2329 superest
2445 2264 2713 2315 Martialem
2733 2267 2846 2323 Vll,
2877 2270 2935 2313 08
2957 2266 3075 2326 (69),
3091 2264 3175 2313 ubi
3195 2279 3306 2313 cum
3325 2265 3584 2329 Sapphone

2021 2338 2340 2400 componitur.
2388 2358 2411 2379 ι·
2441 2338 2555 2385 Jac.
2589 2335 2687 2385 Sed
2722 2335 2790 2383 ibi
2819 2332 2961 2382 codd.
3007 2335 3224 2397 plerique
3257 2336 3549 2385 Pantaenis
3569 2376 3582 2395 ‚

2021 2423 2148 2458 nunc.
2177 2411 2440 2458 Pantaenis
2463 2408 2654 2470 legitur.
2681 2434 2736 2443 -
2752 2412 2811 2456 33
2827 2407 3166 2468 εὐκαρπνεῦντα
3181 2410 3230 2456 et
3249 2413 3440 2468 μουσῶν
3457 2409 3578 2457 Cod.

2021 2512 2082 2523 -
2109 2486 2168 2530 30
2207 2481 2476 2540 νεκταρέους
2505 2478 2546 2526 δ’
2574 2480 2756 2538 ἐλέγους
2795 2479 2854 2525 G.
2883 2478 3217 2537 {lemannum
3245 2478 3480 2541 νέκταρος,
3519 2482 3584 2533 εἰς

2020 2553 2060 2600 δ’
2087 2554 2265 2611 ἐλέγους
2291 2548 2473 2599 Codex.
2503 2552 2564 2598 Et
2581 2549 2731 2611 lyrica
2758 2549 2972 2597 carmina
2988 2551 3038 2597 et
3063 2549 3240 2612 elegias
3267 2552 3586 2599 Anacreontis

2021 2634 2073 2668 se
2099 2618 2336 2680 recepisse
2373 2616 2513 2666 dicit.
2557 2638 2580 2659 ιι
2613 2618 2864 2667 Fabricius
2891 2620 2942 2667 et
2973 2618 3211 2667 Martinus
3245 2617 3473 2681 Ἀνθέμιον
3501 2620 3584 2669 lia·

2021 2688 2233 2738 buerunt
2285 2696 2375 2749 pro
2413 2687 2607 2737 nomine
2655 2692 2840 2750 poetae3
2871 2689 2922 2736 et
2953 2688 3024 2737 sic
3056 2688 3248 2737 censuit
3297 2688 3586 2739 scholiastes

2022 2759 2146 2809 infra
2187 2758 2517 2821 apponendus.
2551 2758 2701 2807 Aliter
2743 2758 3047 2821 intelligunt,
3075 2758 3304 2808 videlicet
3332 2759 3394 2809 de
3432 2760 3581 2817 flore.

2021 2831 2248 2891 Jacobs„
2291 2830 2461 2891 (ἔτεσί,
2527 2829 2768 2890 Huschk.‚
2806 2830 2892 2893 qui
2931 2830 3080 2881 etiam
3129 2832 3320 2882 confert
3363 2832 3584 2896 Agathiaee

2023 2905 2229 2952 Prooem.
2248 2916 2295 2950 v.
2329 2909 2388 2951 60
2426 2923 2437 2950 :
2467 2903 2545 2950 καὶ
2565 2903 2705 2950 τόσον
2733 2904 2778 2958 ἐξ
2793 2903 2968 2964 ἑλέγοιο
2993 2904 3278 2966 πολυσπερὲς
3307 2904 3440 2960 ἄνθος
3463 2905 3588 2966 ἀγεί-

2021 2989 2118 3032 ρας.
2147 2970 2373 3032 speciose
2415 2969 2644 3032 quidem;
2691 2985 2848 3034 eoque
2890 2985 3038 3022 versu
3079 2973 3224 3022 simul
3267 2975 3586 3024 confirmatur

2024 3041 2303 3102 coniectura
2340 3041 2585 3092 editorum
2623 3045 2850 3106 εύσπορον
2879 3057 2966 3106 pro
3003 3045 3184 3108 scripto
3217 3046 3440 3110 ἄσπορον.
3483 3049 3588 3106 Ego

2021 3115 2145 3174 puto
2171 3112 2234 3161 de
2267 3113 2387 3160 llore
2428 3111 2522 3162 dici
2553 3127 2696 3175 posse
2724 3115 2934 3176 ἄσπορον
2970 3128 3059 3177 pro
3089 3113 3279 3172 nativo,
3309 3120 3428 3163 non·
3449 3121 3585 3168 sato.

2026 3196 2119 3231 non
2149 3186 2252 3232 arte
2279 3183 2413 3232 culto
2439 3186 2489 3232 et
2519 3183 2744 3233 educato.
2774 3184 2916 3240 Quod
2944 3183 3192 3247 epitheton
3219 3190 3332 3248 apte
3360 3187 3600 3234 convenit

2027 3253 2227 3313 ἀνθεμίῳ
2259 3251 2390 3311 flori,
2423 3252 2666 3314 siquidem
2705 3255 2957 3316 nioellam
2989 3268 3096 3303 esse
3139 3258 3339 3318 putant,
3369 3255 3586 3318 plantam

2023 3323 2290 3384 elegantem
2305 3361 2317 3382 ‚
2347 3335 2460 3383 quae
2494 3325 2664 3384 sponte
2680 3360 2693 3382 ‚
2723 3337 2813 3372 nec
2845 3327 3128 3386 exspectata
3156 3325 3378 3388 agricolae
3403 3339 3553 3374 manu
3573 3363 3586 3384 ‚

2023 3407 2109 3455 per
2135 3397 2322 3456 segetes
2347 3393 2634 3442 luxuriatur.
2658 3415 2680 3438 υ
2711 3395 2772 3442 B.
2800 3395 3049 3457 Ingeniose
3077 3397 3325 3445 licei-erus
3343 3398 3406 3452 εἰς
3431 3397 3471 3444 δ’
3497 3400 3592 3445 ἐλε-

2023 3480 2131 3523 γους
2169 3464 2418 3522 ἀστέρος
2459 3465 2702 3525 ἀνθέμιον,
2759 3463 2820 3513 de
2867 3465 3012 3525 llere,
3049 3466 3158 3515 coll.
3207 3465 3448 3515 Nicandro
3503 3481 3586 3529 ap.

2023 3533 2196 3582 Athen.
2229 3537 2329 3592 XV,
2360 3547 2405 3596 p.
2436 3538 2543 3593 684,
2583 3536 2640 3593 C,
2670 3533 2759 3583 sed
2783 3537 2846 3591 εἰς
2887 3537 3071 3597 ἐλέγους
3103 3549 3196 3585 non
3225 3537 3490 3600 explicam.
3524 3563 3587 3574 —

2023 3608 2080 3652 37
2111 3606 2164 3652 ἑκ
2185 3605 2234 3652 δὲ
2269 3603 2387 3652 Cod.
2411 3604 2565 3659 Ἄνθος
2593 3605 2818 3665 ἀκάνθης,
2843 3604 2905 3654 de
2932 3605 3132 3655 carduo.
3163 3609 3287 3654 Ante
3317 3607 3451 3660 ἄνθος
3493 3607 3594 3653 vir-

2024 3675 2135 3736 gula
2161 3674 2416 3736 distinguit
2430 3675 2640 3723 Graetius
2664 3696 2674 3723 :
2699 3676 2905 3738 «placet
2929 3675 3160 3739 praemitti
3177 3674 3315 3735 illud,
3345 3676 3398 3724 ἐκ
3417 3678 3590 3737 eope-5:

2025 3746 2371 3807 σκολιὸτριχος,
2400 3744 2466 3794 de
2493 3743 2656 3795 herba
2686 3743 2911 3808 hirsuta,
2939 3759 3096 3808 quum
3120 3747 3301 3795 mirum
3325 3746 3480 3796 videri
3509 3747 3596 3796 de·

2024 3815 2134 3864 beat
2161 3813 2361 3864 herbam
2385 3814 2624 3878 hispidam
2645 3818 2695 3865 et
2723 3816 2962 3866 hirsutam
2991 3817 3118 3866 inter
3145 3817 3285 3866 flores
3310 3819 3596 3867 coronarias

2027 3885 2412 3935 commemorari.
2461 3887 2676 3950 sumpsit
2712 3887 2774 3936 de
2809 3889 2941 3937 omni
2968 3889 3165 3952 spinosa
3197 3889 3466 3938 canninum
3505 3897 3596 3938 Ar-

2026 3955 2231 4005 chilochi
2264 3957 2387 4006 silva
2417 3971 2573 4005 unum
2605 3960 2753 4020 atque
2779 3959 2990 4008 alterum
3007 3997 3020 4020 ,
3050 3963 3300 4022 oxion-um
3329 3960 3494 4022 pleno
3522 3961 3596 4010 do

2023 4029 2164 4076 mart
2204 4041 2371 4090 aquae,
2423 4029 2480 4076 ut
2517 4027 2634 4077 dicit
2670 4028 2814 4077 ovid.
2863 4050 2885 4072 a»
2923 4029 3015 4079 Sed
3047 4029 3172 4080 hauc.
3213 4031 3486 4080 clausulam
3525 4033 3592 4080 ad

2024 4096 2391 4160 Bacchylidem,
2433 4103 2784 4150 Anacreontem
2812 4104 2862 4150 et
2891 4101 3235 4150 Archilochum
3265 4101 3410 4151 simul
3443 4105 3596 4164 perti-

2026 4183 2140 4218 nere
2172 4173 2318 4232 put03
2339 4169 2584 4232 quomodo
2619 4171 2876 4220 Jacobsius
2902 4185 3098 4233 quoque
3133 4172 3342 4221 sensisse
3371 4171 3590 4226 videtur.

2028 4259 2050 4280 e<
2080 4239 2233 4302 magis
2259 4241 2322 4288 ad
2347 4254 2499 4302 genus
2530 4254 2680 4302 quam
2711 4240 2774 4291 ad
2799 4255 3058 4290 numerum
3087 4243 3355 4291 carminum
3387 4243 3593 4292 selecto·
3631 4297 3638 4307 ⁸

2026 4324 2134 4358 rum
2161 4323 2190 4358 a
2217 4311 2456 4373 Meleagro
2481 4311 2656 4373 respici
2679 4333 2702 4354 ι»
2740 4325 2959 4361 monens,
2983 4337 3044 4347 -
3071 4313 3125 4360 ἐκ
3151 4314 3318 4374 φορὸῆς
3341 4312 3383 4360 si
3410 4325 3591 4362 sanum

2025 4386 2125 4438 est.
2169 4382 2459 4443 capiendum
2503 4387 2560 4432 ut
2603 4397 2751 4446 supra
2781 4385 2836 4432 ἐκ
2861 4386 3082 4444 λειμῶνος
3115 4398 3158 4431 v.
3189 4388 3266 4433 31.
3313 4385 3596 4433 Bruncluius

2025 4452 2266 4501 scribebat
2284 4455 2336 4500 ἐκ
2362 4455 2608 4515 φοὸερῆς...
2625 4455 2854 4512 ἀκάνθης,
2885 4458 2942 4504 ut
2968 4459 3044 4504 est
3071 4457 3152 4514 IX,
3181 4469 3255 4518 ep.
3282 4461 3386 4516 185,
3413 4454 3476 4503 de
3505 4461 3598 4503 Ar-

2028 4521 2247 4571 chilocho
2269 4524 2461 4584 φοὸεβῆς
2480 4526 2548 4579 ἰὸς
2571 4526 2857 4582 ἐπεσ6ο>.ίης.
2881 4525 3061 4574 Probat
3087 4527 3333 4575 Heckerus
3353 4529 3373 4575 l
3391 4564 3404 4586 ,
3431 4540 3481 4589 p.
3505 4533 3590 4581 89,

2025 4605 2170 4653 quem
2210 4591 2351 4640 video
2381 4592 2443 4640 de
2483 4607 2628 4643 versu
2673 4600 2733 4645 38
2767 4609 2972 4658 prorsus
3019 4597 3160 4644 aliter
3187 4597 3365 4645 sentire
3406 4619 3416 4644 ι
3448 4617 3472 4637 «
3516 4599 3594 4644 lix

2025 4661 2218 4722 λείψανα
2244 4675 2292 4709 ι’.
2319 4667 2378 4710 33
2411 4665 2461 4710 et
2485 4677 2628 4712 versu
2660 4669 2720 4715 38
2748 4665 2902 4727 liquet
2923 4665 3026 4726 iam
3053 4665 3282 4728 Meleagri
3315 4669 3462 4715 astate
3499 4680 3594 4714 nu-

2025 4743 2158 4777 mero
2195 4730 2515 4792 paucissimas
2539 4734 2898 4795 inscriptiones
2940 4747 3002 4782 ex
3033 4735 3288 4798 permultis
3313 4749 3436 4797 quas
3473 4737 3598 4784 Bar·-

2027 4801 2240 4863 chylides
2297 4806 2348 4851 et
2391 4801 2705 4853 Archilochus
2756 4807 3080 4869 scripserunt,
3136 4809 3354 4856 servatas
3413 4808 3588 4856 fuisse.

2027 4871 2154 4920 Dicit
2183 4873 2310 4920 enim
2349 4885 2402 4921 se
2427 4887 2490 4922 ex
2529 4874 2835 4936 spinosorum
2876 4876 3150 4926 carminum
3182 4875 3458 4925 Archilochi
3485 4891 3602 4925 cor·

2029 4955 2144 5003 pore
2185 4943 2410 5005 selegisse
2443 4943 2586 4994 tiores
2633 4944 3027 5008 inscriptionum,
3057 4961 3224 4996 earum
3260 4960 3374 4995 vero
3405 4949 3598 5008 ungenti

2029 5027 2230 5062 numero
2256 5015 2316 5063 ab
2343 5015 2446 5077 ipso
2473 5019 2618 5078 poeta
2655 5017 2924 5079 :equalibus
2949 5019 3240 5082 scriptarum
3265 5018 3598 5080 paucissimas·

1952 5105 2027 5162 5¹»
