3829 5747
454 147 571 206 346
1564 141 2070 202 ANTHOLOGIAE
2113 139 2514 200 PALATINAE

674 287 809 337 384.
847 277 1169 336 ΜΑΡΚΟΥ
1214 277 1767 335 ΑΡΓΕΝἸἈΡΙΟΥ.

450 416 521 477 Ἥ
554 417 781 492 Βρόμιον
808 415 1067 494 στέρξασαι
1095 415 1227 474 πολὺ
1248 415 1404 474 πλέον
1430 415 1463 486 ἢ
1488 416 1671 495 τροφὸς
1693 413 1841 486 Ἰνὼ,

528 509 561 576 ἦ
590 505 749 571 λάλος
774 503 1034 580 ἀμπελίνη
1065 507 1229 581 γρῆὓς
1259 503 1613 582 Ἀριστομάχη
1634 547 1648 573 ,

448 591 601 662 ἡνίκα
620 589 713 661 τὴν
738 587 879 668 ἱερὴν
912 589 1071 647 ὑπέδυ
1100 589 1291 668 χθόνα,
1320 598 1427 646 πᾶν
1452 592 1498 646 τ’
1536 589 1801 667 ἐμαράνθη

526 685 731 752 πνεῦμα
760 676 923 754 πάρος
943 677 1169 735 κυλίκων
1192 677 1836 755 πλεῖστον-ἐπαυρομένης,

448 756 563 824 εἶπε
586 765 723 822 τάδ’·
749 791 773 817 κ
798 755 878 823 '³ss
908 767 1093 824 Μινοῑ,
1126 766 1312 834 πῆλαι,
1342 763 1485 844 φέρε,
1513 765 1705 822 κάλπιν
1739 764 1966 846 ἐλαφρῆν
1984 785 2000 800 ·

528 881 549 902 ιι
594 852 721 911 οἴσω
742 851 956 910 κυάνεον
984 852 1100 918 τούξ
1130 851 1427 930 Ἀχέροντος
1456 851 1593 929 ὕδωρ
1611 875 1624 888 ·

448 967 469 992 α
514 937 681 1010 καύτὴ
710 940 983 1016 παρθένιον
1010 939 1111 1018 γὰρ
1154 940 1404 998 ἀπώλεσα
1443 967 1487 1001 υ.
1572 943 1746 1000 Τοῦτο
1781 941 1825 1000 δ’
1859 939 1999 1008 ἔλεξε

522 1029 728 1106 ψευδὲς,
756 1025 821 1084 ἵν’
846 1027 1047 1105 αὐγάζῃ
1070 1032 1167 1100 κήν
1198 1027 1486 1106 φθιμένοισι
1514 1027 1680 1087 πίθον.

924 1178 1057 1228 385.
1107 1170 1325 1227 ΦΙΛΙΙ]
1339 1169 1512 1227 ΠΟΥ.

442 1303 621 1382 ἽΙρως
648 1308 993 1387 Πρωτεσίλαε
1015 1353 1029 1379 ,
1054 1306 1115 1365 σὺ
1142 1306 1240 1387 γὰρ
1266 1307 1485 1384 πρώτην
1504 1308 1740 1383 ἐμύησας

521 1394 685 1454 Ἷλιον
714 1395 1033 1455 Ἑλλαδικοῧ
1060 1397 1217 1470 θυμὸν
1246 1399 1371 1455 ἰδεῖν
1401 1397 1640 1474 δόρατος,

442 1483 528 1540 καὶ
559 1483 681 1561 περὶ
712 1491 819 1549 σοῖς
844 1483 1059 1556 τύμὸοις
1090 1485 1187 1542 ὅσα
1216 1485 1425 1563 δένδρεα
1454 1487 1630 1566 μακρὰ
1660 1487 1839 1561 τέθηλε
1859 1533 1874 1559 ,

522 1571 693 1628 πάντα
726 1571 811 1630 τὸν
833 1575 901 1638 εἷς
925 1574 1122 1652 Τροίην
1151 1575 1429 1650 ἐγκεκύηκε
1460 1576 1636 1654 χόλον·

420 1654 604 1716 ’Ἴλιον
636 1657 698 1728 ἣν
720 1660 867 1738 ἐσίδῃ
895 1660 996 1737 γὰρ
1026 1660 1120 1717 ἀπ’
1145 1661 1446 1739 ἀκρεμόνων
1475 1662 1794 1743 κορυφαίων,

520 1753 831 1826 καρφοῧται,
860 1748 1099 1805 πετάλων
1123 1749 1315 1823 κόσμον
1345 1752 1674 1828 ἀναινόμενα.

444 1833 624 1908 Θυμὸν
656 1835 741 1893 ἐπὶ
772 1836 933 1912 Τροίῃ
965 1835 1125 1894 πόσον
1156 1835 1360 1910 ἔζεσας,
1388 1839 1539 1908 ἡνίκα
1570 1837 1663 1908 τὴν
1696 1839 1793 1911 σὴν

518 1921 669 1990 σώζει
692 1924 780 1979 καὶ
809 1922 1032 2000 στελέχη
1059 1928 1211 1997 μῆνιν
1235 1924 1317 1982 ἐπ’
1339 1925 1682 1990 ἀντιπάλουςῐ

769 2074 905 2123 386.
952 2065 1256 2124 ΒΑΣΣΟΥ
1296 2066 1658 2126 ΛΟΛΑΙΟΥ.

438 2202 563 2262 'HS’
598 2201 701 2279 ἐγὼ
728 2208 761 2272 ἡ
792 2203 1002 2269 τοσάκις
1032 2204 1201 2276 Νιόὸη
1226 2204 1387 2274 λίθος,
1417 2205 1603 2264 ὁσσάκι
1631 2205 1833 2284 μήτηρξ

518 2288 771 2367 δύσμορος
797 2290 831 2360 ἢ
865 2294 1076 2362 μαστῶν
1103 2291 1338 2368 [θερμὸν]
1370 2292 1537 2363 ἔπηξα
1559 2295 1700 2370 γάλα
1717 2317 1730 2331 ·

438 2377 615 2437 Ἀΐδεω
643 2379 801 2444 πολὺς
830 2379 982 2445 ὄλὸος
1011 2383 1141 2452 ἐμῆς
1176 2382 1354 2445 ὠδῖνος
1380 2381 1621 2458 ἀριθμὸς,

516 2459 559 2546 ᾧ
582 2466 751 2527 τέκον.
782 2458 862 2526 Ὦ
894 2468 1126 2544 μεγάλης
1148 2467 1369 2547 λείψανα
1390 2473 1649 2547 πυρκαϊῆς
1669 2469 1682 2523 ἱ

916 2615 1050 2668 387.
1108 2610 1513 2668 ΒΙΑΝΟΡΟΣ.

435 2744 682 2817 Θειονόης
716 2743 925 2805 ἔκλαιον
956 2749 1084 2821 ἐμῆς
1120 2746 1276 2824 μόρον
1300 2794 1315 2818 ‚
1348 2747 1463 2805 ἀλλ’
1493 2747 1580 2804 ἐπὶ
1602 2746 1787 2812 παιδὸς

514 2833 687 2891 ἐλπίσι
708 2833 1016 2914 κουφοτέρας
1044 2833 1243 2895 ἔστενον
1267 2839 1335 2901 εἷς
1354 2835 1553 2902 ὀδύνας.

434 2923 545 2980 Νῦν
578 2923 632 2979 δέ
667 2946 730 2998 με
762 2925 851 2981 καὶ
879 2922 1063 2989 παιδὸς
1095 2923 1312 3004 φθονερῆ
1354 2924 1403 3002 γ’
1435 2927 1747 3006 ἀπενόσφισε
1781 2926 1956 3003 Μοῖρα
1976 2945 1990 2959 ·

515 3007 635 3089 φεῦῖ
664 3010 847 3091 βρέφος
871 3012 1121 3091 ἐψεύσθην
1152 3012 1240 3069 καὶ
1270 3010 1327 3070 σὲ
1361 3012 1421 3070 τὸ
1452 3014 1780 3087 λειπόμενον.

439 3098 739 3176 Περσεφόνη
757 3144 775 3175 ‚
801 3098 915 3156 τόδε
956 3100 1149 3176 πατρὸς
1179 3099 1263 3156 ἐπὶ
1295 3099 1550 3178 θρήνοισιν
1587 3101 1832 3160 ἄκουσον·

516 3186 596 3251 θὲς
626 3183 810 3265 βρέφος
833 3190 882 3252 ἐς
910 3184 1132 3254 κόλπους
1159 3190 1351 3267 μητρὸς
1380 3188 1749 3267 ἀποιχομένης.

948 3330 1065 3379 388.
1115 3333 1235 3377 ΤΟΥ
1270 3334 1462 3377 ΑΥΤΟΥ
1473 3370 1482 3380 .

434 3454 634 3534 Ἰχθύσι
663 3456 752 3514 καὶ
792 3461 1016 3535 ποταμῷ
1054 3456 1418 3533 Κλειτώνυμον
1449 3458 1625 3537 ἐχθρὸς
1655 3458 1830 3535 ὅμιλος

510 3533 673 3613 ὦσεν,
698 3542 772 3602 ὅτ’
796 3546 870 3610 εἰς
898 3545 1061 3622 ἄκρην
1092 3536 1215 3615 ἦλθε
1246 3542 1629 3625 τυραννοφόνος.

431 3632 587 3691 Ἀλλὰ
613 3630 749 3692 Δίκα
773 3655 859 3707 μιν
888 3632 1099 3713 ἔθαψεν·
1132 3636 1525 3691 ἀποσπασθεῖσα
1563 3633 1663 3711 γὰρ
1698 3635 1826 3712 ὄχθη

508 3729 612 3777 πᾶν
644 3720 803 3795 δέμας
826 3722 875 3787 ἐς
906 3720 1135 3795 κορυφὴν
1161 3724 1220 3779 ἐκ
1252 3722 1406 3787 ποδὸς
1434 3722 1719 3799 ἐκτέρισεν·

428 3814 597 3865 κεῖται
626 3808 669 3863 δ’
698 3808 797 3885 οὐχ
831 3807 1075 3866 ὑδάτεσσι
1110 3807 1413 3888 διάδροχος·
1444 3810 1689 3885 αἰδομένα
1722 3810 1775 3868 δὲ

583 3930 721 3936 -—-.—
730 3928 851 3936 --.-.—
1058 3930 1243 3937 ———.

871 4001 985 4055 384.
1024 4016 1183 4047 unct
1221 4016 1540 4051 sacten-nu.

424 4117 625 4165 Garruia
641 4152 655 4179 ‚
684 4134 789 4177 qure
815 4116 1057 4167 Bromium
1074 4118 1181 4183 pius
1204 4134 1345 4182 quam
1369 4122 1631 4169 Matertera
1656 4120 1818 4169 nutrix

490 4199 692 4255 Dilexit‚
718 4200 839 4249 senii
870 4202 1057 4264 grandis
1080 4202 1413 4251 Aristomache
1428 4240 1445 4265 ,

426 4282 544 4329 Cum
572 4296 751 4329 sacram
774 4282 993 4331 successit
1012 4282 1209 4332 humum
1229 4322 1243 4346 ‚
1274 4300 1383 4332 cum
1406 4284 1598 4349 spiritus
1617 4285 1773 4333 omnis

489 4362 665 4411 Tabuit
692 4362 853 4425 (hunc
880 4366 1056 4414 multus
1082 4365 1263 4414 foverat
1291 4376 1403 4415 ante
1426 4368 1605 4427 calix),

424 4444 701 4509 Alioquitur
718 4448 885 4495 Minoa
914 4463 925 4495 :
958 4452 1130 4496 Levem
1151 4448 1268 4497 mihi
1296 4449 1355 4497 da
1378 4464 1546 4513 precor
1563 4464 1748 4505 urnam,

490 4528 557 4575 Ut
580 4526 715 4590 nigro
743 4526 905 4577 latices
924 4546 983 4577 ex
1012 4529 1289 4579 Acheronte
1314 4530 1480 4582 seram.

430 4606 682 4669 Virginitas
708 4607 848 4657 etiam
870 4610 1014 4675 periit
1038 4610 1173 4663 mihi.
1214 4612 1438 4662 finxerat
1466 4612 1611 4669 illud,

496 4691 679 4755 Nempe
701 4699 754 4738 ut
780 4700 829 4741 et
856 4692 1027 4742 umbra
1048 4702 1205 4743 tamen
1230 4695 1359 4745 dolia
1378 4696 1695 4762 conspiceret.

998 4814 1111 4873 387.
1154 4830 1395 4863 araneus.

426 4922 517 4973 Tin
530 4923 691 4974 iouoes
713 4937 912 4976 mortem
933 4928 1167 4979 deflebam
1191 4931 1431 4996 conjugi55
1460 4932 1521 4981 ob
1544 4949 1675 4997 spem

2486 285 2594 331 384.
2628 283 2824 329 MARcl
2856 283 3247 332 ARGENTARII.

2092 423 2213 476 Quoe
2245 418 2492 468 Bromium
2510 417 2744 482 diligebat
2767 419 2922 468 multo
2942 419 3095 482 magis
3119 433 3267 482 quam
3283 421 3430 470 nutrix
3465 423 3574 470 Ino
3591 458 3606 476 ,

2150 507 2340 570 garrula
2366 507 2733 556 vitium-amans
2751 519 2872 556 anus
2898 507 3228 560 Aristomache
3241 547 3254 568 ‚

2090 608 2244 657 quum
2275 608 2462 644 sacram
2485 594 2633 644 subiit
2658 594 2880 644 tellurem
2895 632 2907 652 ,
2929 595 3184 657 omnisque
3213 596 3610 645 exsiccatus-est

2151 683 2350 745 spiritus
2376 685 2517 732 autea
2540 682 2771 732 calicibus
2805 695 3112 744 summopere
3130 683 3308 745 gavisae
3327 719 3338 742 ‚

2089 770 2208 819 dixit
2231 771 2338 819 haec
2361 790 2373 818 z
2403 789 2426 812 «ι
2450 773 2490 818 Ο
2511 770 2667 819 Mmos
2683 808 2695 829 ‚
2717 782 2858 818 move
2879 807 2892 828 ‚
2920 783 3031 832 age,
3053 783 3227 818 urnam
3247 771 3398 819 levem
3427 791 3438 819 :

2153 881 2177 904 «
2203 861 2351 910 seram
2377 859 2635 910 caeruleam
2653 872 2711 909 ex
2727 859 2998 909 Acheronte
3015 873 3216 922 aquam3

2093 964 2115 987 «ι
2155 959 2268 994 nam
2300 947 2350 994 et
2374 945 2478 1008 ipsa
2498 945 3022 1008 ,iuvenilem-maritum
3045 946 3250 1010 perdidi.
3275 967 3299 990 υ
3336 949 3433 996 Hoc
3481 953 3672 996 auten.

2151 1031 2326 1082 falsum
2340 1069 2353 1093 ‚
2375 1034 2433 1082 ut
2450 1033 2688 1097 aspiceret
2709 1035 2760 1082 et
2777 1034 2905 1084 inter
2931 1038 3152 1084 mortuos
3173 1035 3372 1084 dolium.
3515 1035 3674 1098 [dixit

2647 1181 2756 1227 385.
2791 1179 3084 1228 PHILIPPI.

2087 1317 2242 1364 Heros
2271 1315 2555 1376 Protesilae‚
2583 1319 2638 1366 tu
2658 1315 2786 1365 enim
2809 1318 3022 1380 primum
3036 1317 3272 1366 edocuisti

2147 1403 2290 1452 Ilium
2315 1403 2573 1453 Hellenicae
2597 1405 2812 1453 furorem
2831 1405 2998 1455 videre
3021 1406 3176 1454 hastae
3191 1443 3203 1466 ‚

2085 1493 2137 1540 et
2161 1491 2288 1540 circa
2311 1493 2450 1540 tuum
2471 1492 2716 1541 tumulum
2740 1496 2982 1555 quotquot
3009 1493 3206 1542 arbores
3229 1495 3341 1543 altre
3363 1499 3646 1544 creverunt
3665 1535 3674 1554 ,

2146 1583 2334 1630 cunctoe
2352 1581 2431 1630 illa
2451 1581 2500 1630 in
2523 1580 2713 1642 'frojam
2741 1581 3098 1645 gravidae—sunt
3115 1581 3210 1631 bile
3233 1603 3246 1630 ι

2083 1667 2226 1716 llium
2250 1669 2444 1730 quando
2467 1667 2635 1718 vident
2650 1669 2778 1718 enim
2806 1683 2834 1717 a
2860 1669 3008 1718 ramis
3031 1671 3384 1730 in-cacumine‚

2144 1760 2397 1818 arescunt,
2426 1757 2650 1807 soliorum
2669 1771 2900 1808 ornamen
2923 1758 3196 1808 detestatoe.

2085 1845 2208 1894 Odio
2235 1845 2286 1894 in
2311 1845 2501 1905 Trojam
2525 1847 2709 1907 quanto
2730 1849 2844 1896 tum
2867 1846 3117 1905 exarsisti,
3137 1861 3288 1908 quum
3305 1851 3448 1896 tuam

2145 1936 2341 1983 servent
2362 1934 2510 1984 etiam
2535 1935 2942 1998 stirpes-arboreae
2966 1936 3088 1984 iram
3109 1937 3158 1984 in
3178 1936 3370 1986 hostes!

2573 2079 2683 2125 386.
2719 2076 2886 2123 BASSI
2927 2077 3150 2124 LOLLII.

2082 2213 2199 2259 ltaec
2226 2224 2315 2274 ego
2333 2210 2482 2262 Niobe
2502 2225 2615 2274 quoe
2641 2212 2788 2262 toties
2811 2212 2936 2275 lapis
2951 2251 2964 2272 ‚
2985 2214 3178 2274 quoties
3202 2217 3392 2270 maten

2143 2299 2309 2348 infelix
2322 2336 2334 2358 ‚
2366 2313 2477 2361 qum
2497 2313 2821 2350 mammarum
2843 2300 3090 2364 [calidum]
3110 2301 3360 2364 coagulari
3383 2301 3483 2350 lac.

2083 2387 2196 2436 Orci
2219 2401 2406 2450 magnae
2423 2387 2610 2437 divitiae
2631 2402 2851 2438 meorum
2877 2391 3108 2451 partuum
3131 2392 3202 2438 est
3228 2403 3472 2438 numerus
3487 2428 3500 2448 ‚

2110 2481 2114 2486 ’
2145 2478 2288 2536 orci,
2316 2475 2397 2524 cui
2423 2476 2604 2538 peperi.
2633 2479 2675 2525 Ο
2698 2489 2952 2539 ex-magno
2970 2476 3190 2538 reliquiae
3207 2479 3347 2540 rogo!

2636 2623 2726 2670 387
2736 2657 2747 2667 .
2781 2622 3087 2670 BIANORIS.

2080 2761 2333 2810 Theonoes
2357 2759 2597 2810 deflebam
2623 2773 2750 2809 meae
2777 2763 2986 2810 mortem
3000 2800 3012 2821 ‚
3033 2761 3122 2810 sed
3144 2761 3208 2810 ob
3229 2761 3372 2824 pueri

2143 2861 2254 2911 spes
2272 2846 2538 2898 levioribus
2559 2848 2814 2913 gemebam
2832 2849 3098 2900 doloribus.

2081 2940 2217 2987 Nunc
2237 2940 2399 2986 autem
2417 2950 2496 2986 me
2514 2938 2565 2987 et
2583 2950 2780 3000 a-puero
2804 2936 2969 2985 invida
2991 2951 3105 2987 sane
3128 2938 3340 2998 sejunxit
3363 2940 3549 2987 Parca.

2143 3029 2248 3075 Heu
2264 3062 2276 3084 ,
2299 3024 2692 3075 fraudatus-sum
2716 3026 2864 3074 etiam
2891 3028 2968 3085 te,
2992 3038 3143 3088 puero
3169 3026 3366 3074 relicto!

2081 3114 2391 3177 Proserpina,
2411 3115 2506 3165 boc
2530 3115 2681 3179 patris
2701 3115 2826 3165 inter
2849 3114 3058 3177 gemitus
3081 3115 3196 3165 audi
3218 3136 3232 3164 2

2140 3216 2265 3264 pone
2285 3201 2518 3253 infantem
2535 3202 2586 3251 in
2613 3202 2749 3252 sinus
2767 3203 2941 3252 matris
2963 3203 3236 3253 exstinctae.

2635 3342 2742 3387 388.
2784 3347 3085 3389 EJUSDEM.

2078 3466 2299 3515 Piscibus
2317 3468 2368 3515 et
2385 3466 2573 3517 flumini
2607 3468 2886 3531 ferendum
2917 3469 3244 3533 Clitonymum
3268 3470 3482 3521 inimica
3523 3473 3667 3521 turba

2137 3554 2487 3617 praecipitavit,
2518 3570 2671 3619 quum
2696 3557 2748 3605 iu
2775 3570 2940 3607 arcem
2961 3558 3096 3607 venit
3123 3557 3450 3622 tyrannicida.

2077 3642 2173 3692 Sed
2199 3644 2396 3693 Justitia
2423 3658 2538 3694 eum
2565 3644 2787 3707 sepelivit
2821 3666 2834 3694 ι
2864 3647 3035 3697 avulsa
3055 3648 3185 3696 enim
3210 3646 3312 3710 ripa

2135 3734 2294 3783 totum
2320 3748 2497 3797 corpus
2519 3734 2572 3783 in
2593 3737 2741 3798 caput
2763 3748 2792 3785 a
2817 3736 2941 3799 pede
2956 3736 3220 3786 tumulavit
3237 3756 3252 3786 ε

2027 3861 2034 3891 Ι
2071 3822 2203 3885 jacet
2221 3825 2388 3872 autem
2409 3836 2506 3872 non
2525 3823 2662 3885 aquis
2683 3824 3106 3887 permadefactus;
3129 3826 3446 3889 reveritaque

1862 3934 2170 3941 --—-———

3482 3942 3637 3951 ——.—-

2143 4004 2234 4054 Sed
2258 4005 2395 4070 pueri
2416 4005 2568 4054 levior
2591 4015 2785 4071 pectore
2807 4007 2962 4056 luctus
2987 4016 3110 4056 erat.

2075 4087 2239 4136 Invida
2259 4104 2346 4137 nec
2369 4104 2570 4153 puerum
2599 4088 2738 4138 nobis
2755 4106 2882 4139 nunc
2907 4089 2999 4139 fata
3020 4089 3330 4155 relinquunt;

2141 4174 2267 4218 Vota
2287 4168 2494 4218 fefellisti
2521 4178 2572 4219 tu
2600 4186 2792 4235 quoque
2809 4206 2822 4231 ,
2851 4186 3023 4235 parve,
3049 4186 3172 4219 mea.

2075 4254 2177 4299 Hoc
2206 4252 2371 4299 saitem
2397 4252 2616 4316 iacrymis
2641 4252 2873 4307 concede,
2909 4253 3192 4317 Proserpina
3210 4289 3224 4313 ‚
3245 4252 3404 4317 patris
3425 4289 3440 4309 .

2139 4336 2194 4379 Iu
2219 4332 2385 4381 matris
2413 4350 2614 4398 puerum
2635 4370 2648 4391 ,
2670 4343 2717 4382 te
2741 4348 2870 4397 rogo,
2897 4350 3020 4399 pone
3044 4334 3169 4383 sinu.

2659 4467 2774 4516 388.
2813 4482 3045 4515 nusum.

2071 4605 2139 4649 Te
2173 4610 2362 4667 captum
2381 4602 2432 4650 in
2452 4601 2632 4655 media,
2654 4600 2924 4665 Clitonyme
2941 4636 2955 4655 ,
2982 4600 3109 4649 coede
3131 4600 3321 4665 tyranni

2139 4684 2346 4732 Piscibus
2373 4694 2420 4733 et
2443 4683 2589 4734 fluvio
2615 4700 2727 4748 gens
2753 4684 2944 4733 inimica
2969 4683 3165 4733 dabant.

2071 4768 2176 4813 Non
2199 4766 2305 4814 tulit
2326 4764 2550 4815 invidiam
2575 4776 2756 4817 tantam
2784 4770 2912 4815 Deus
2935 4766 3118 4815 arbiter
3143 4766 3282 4830 aequi.

2135 4848 2354 4912 Ripaque
2380 4856 2428 4897 te
2458 4857 2614 4898 totum
2630 4850 2758 4915 lapsa
2775 4858 2972 4914 repente
3008 4849 3136 4912 tegit.

2072 4934 2176 4977 Non
2211 4928 2351 4993 igitur
2377 4930 2448 4978 vir
2471 4928 2605 4981 sortis
2625 4930 2760 4996 aquis
2787 4930 3030 4995 agitabere
3068 4946 3080 4979 :
3099 4930 3228 4995 justa
