3829 5747
450 167 529 226 ΟΞ
1556 160 2062 222 ANTHOLOGIAE
2106 159 2509 221 PALATINAE

368 312 393 349 5
449 295 735 374 ἀσφαλέως·
757 287 904 372 οἶμαι
927 298 972 355 δ’
1007 295 1087 354 ὅτι
1111 297 1202 354 καὶ
1229 293 1408 354 πλέον.
1433 292 1592 352 Ἀλλὰ
1614 289 1836 371 τρόχαζε
1852 309 1865 322 ·

443 431 452 438 .
524 381 663 462 ὥρας
685 384 786 463 γὰρ
816 385 1061 460 πέμπτης
1088 383 1277 448 πάντες
1304 380 1658 460 ἀθροιζόμεθα.

896 552 1026 602 184.
1058 541 1312 600 ΜΕΛΕΑ
1323 539 1534 599 ΓΡΟΥ.

442 677 648 756 Ἔγνων
666 724 681 751 ,
710 677 769 736 οὔ
793 681 849 754 μ’
873 677 1066 744 ἔλαθες·
1095 677 1147 735 τί
1179 677 1348 749 θεούς;
1378 678 1436 735 οὔ
1468 676 1569 755 γάρ
1592 698 1656 752 με
1675 675 1912 747 λέληθας·

443 791 448 796 ·
522 767 702 842 ἔγνων·
731 763 920 840 μηκέτι
941 770 1031 822 νῦν
1060 763 1238 842 ὄμνυε·
1267 765 1417 822 πάντ’
1441 763 1652 840 ἔμαθον.

411 869 418 878 ’
442 855 492 912 Τ
495 853 608 910 αὔτ’
625 846 710 924 ἦν,
729 853 900 923 ταῦτ’,
923 851 1148 930 ἔπίορκε;
1165 852 1298 928 μόνη
1321 851 1384 910 σὺ
1407 854 1588 922 πάλιν,
1615 849 1746 927 μόνη
1771 853 1982 921 ὓπνοῑς,

519 938 564 996 ὢ
581 939 802 1014 τόλμηςῑ
834 938 924 996 καὶ
951 945 1058 1011 νῦν,
1087 945 1174 997 νῦν
1203 939 1278 998 ἔτι
1312 938 1470 1017 φησὶ,
1503 937 1657 1016 μόνη.

440 1028 560 1104 Οὐχ
576 1031 605 1084 ὃ
624 1023 964 1103 περίὸλεπτός
984 1047 1042 1083 σε
1066 1026 1245 1085 Κλέων
1264 1048 1282 1097 3
1305 1025 1402 1082 κᾶν
1419 1024 1564 1101 μὴ...
1578 1070 1591 1084 .
1614 1024 1663 1081 τί
1687 1023 1731 1079 δ’
1753 1024 1983 1093 ἀπειλῶς

521 1114 663 1193 ἔρῤε,
696 1113 856 1171 κακὸν
885 1114 1063 1183 κοίτης
1087 1113 1288 1191 θηρίον,
1317 1113 1433 1192 ἔῤῥε
1459 1111 1640 1190 τάχος.

443 1202 631 1259 Καίτοι
653 1223 735 1257 σοι
765 1201 918 1260 δώσω
942 1201 1166 1278 τερπνὴν
1192 1201 1364 1280 χάριν·
1393 1191 1490 1258 οἷδ’
1513 1201 1591 1257 ὅτι
1623 1197 1796 1276 βούλει

517 1299 681 1348 κεῖνον
713 1291 854 1368 ὃρᾷν·
883 1290 1041 1347 αὐτοῦ
1062 1288 1270 1362 δέσμιος
1301 1277 1402 1345 ὦδε
1441 1285 1585 1363 μένε.

835 1455 860 1503 1
876 1453 972 1504 85.
1021 1444 1582 1503 ΑΣΚΛΗΠῙΑΔΟΥ.

438 1585 530 1649 Εἰς
559 1581 750 1660 ἀγορὰν
777 1582 1024 1660 βαδίσας,
1058 1583 1362 1658 Δημήτριε,
1397 1586 1534 1659 τρεῖς
1551 1585 1675 1659 παρ’
1704 1580 1957 1656 Ἀμύντου

515 1667 857 1748 γλαυκίσκους
879 1667 1011 1727 αἴτει
1029 1715 1046 1741 ,
1083 1669 1173 1727 καὶ
1206 1668 1332 1727 δέκα
1360 1668 1588 1749 φυκίδια·

436 1757 526 1814 καὶ
554 1755 716 1836 κυφὰς
739 1757 955 1835 καρῖδας
984 1754 1298 1834 (ἀριθμήσει
1327 1757 1382 1812 δέ
1408 1780 1490 1815 σοι
1513 1755 1688 1834 αὐτός)

515 1842 676 1902 εἴκοσι
705 1843 794 1901 καὶ
818 1841 1030 1921 τέτορας
1053 1843 1203 1920 δεῦρο
1220 1841 1398 1900 λαὸὼν
1422 1843 1584 1901 ἄπιθι.

439 1929 547 1988 Καὶ
571 1926 712 2004 παρὰ
739 1927 1038 2007 Θαυὸορίου
1066 1928 1287 2008 ῥοδίνους
1313 1927 1368 1994 ἓξ
1396 1929 1663 2008 πρόσλαὸε

515 2014 605 2074 καὶ
627 2014 902 2094 Τρυφέραν
917 2015 1120 2094 ταχέως
1139 2019 1191 2074 ἐν
1218 2015 1431 2095 παρόδῳ
1461 2018 1698 2076 κάλεσον.

855 2165 984 2216 186.
1015 2157 1562 2215 ΠΟΣΕΙΔΙΠΠΘΥ.

438 2299 534 2372 Μή
567 2323 634 2374 με
660 2300 799 2360 δόκει
821 2306 1052 2370 πιθανοῖς
1079 2307 1288 2384 ἀπατᾷν
1307 2304 1584 2385 δάκρυσσι,
1609 2305 1841 2363 Φιλαινί.

515 2379 670 2448 Οἶδα·
699 2392 859 2468 φιλεῖς
882 2391 983 2470 γὰρ
1011 2389 1143 2457 ὅλως
1169 2391 1349 2450 οὐδένα
1378 2397 1550 2469 μεῖζον
1575 2396 1703 2468 ἐμοῦ
1721 2438 1738 2466 ,

433 2479 613 2534 τοῦτον
641 2473 759 2534 ὅσον
787 2476 918 2557 παρ’
938 2477 1053 2552 ἐμοὶ
1077 2475 1313 2536 κέκλισαι
1332 2479 1534 2558 χρόνον·
1565 2481 1676 2537 εἶδ’
1707 2477 1878 2557 ἕτερός
1897 2501 1957 2538 σε

515 2553 625 2642 εἶχε
641 2611 658 2637 ,
689 2566 852 2643 φιλεῖν
877 2563 940 2622 ἂν
963 2563 1090 2644 ἔφης
1116 2569 1290 2641 μεῖζον
1320 2568 1512 2624 ἐκεῖνον
1539 2569 1688 2643 ἐμοῦ.

876 2716 1012 2784 1⁸⁷,
1055 2707 1539 2766 MEAssAI'Por.

436 2841 572 2902 Εἰπὲ
602 2844 904 2914 Λυκαινίδι,
931 2844 1148 2925 Δορκάς·
1171 2871 1195 2899 ι
1218 2843 1317 2905 ²¹16?
1345 2849 1415 2914 ὥς
1442 2845 1698 2921 ἑπίτηκτα
1723 2848 1946 2927 φιλοῦσα

513 2955 538 2982 α
567 2929 724 3001 ἥλως·
763 2934 821 2990 οὗ
840 2931 1055 3011 κρύπτει
1078 2933 1309 2993 πλαστὸν
1336 2933 1506 3014 ἔρωτα
1533 2935 1733 3013 χρόνος.
1771 2962 1794 2987 ⁸

921 3084 945 3133 1
958 3085 1056 3133 88.
1101 3076 1509 3134 ΛΕΩΝῙΔΟΥ.

434 3211 551 3268 Οὔκ
578 3210 769 3268 ἂδικέω
791 3208 878 3267 τὸν
913 3206 1153 3290 Ἔρωτα.
1183 3216 1226 3274 Γ
1228 3211 1400 3280 λυκύς·
1435 3214 1770 3293 μαρτύρομαι
1809 3216 1972 3287 αὐτὴν

515 3297 745 3376 Κύπριν·
779 3297 1044 3375 βὲὅλημαι
1075 3302 1118 3356 δ’
1153 3303 1212 3357 ἐκ
1241 3302 1410 3359 δολίου
1433 3302 1634 3379 κέραος,

433 3385 524 3444 καὶ
551 3392 656 3450 πᾶς
680 3390 988 3463 τεφροῧμαι·
1018 3386 1208 3463 θερμὸν
1237 3386 1281 3445 δ’
1317 3388 1404 3445 ἐπὶ
1425 3392 1598 3468 θερμῷ
1626 3390 1792 3449 ἰάλλει

511 3472 799 3552 ἄτρακτον,
823 3473 974 3552 λωφᾷ
1002 3471 1046 3529 δ’
1074 3475 1178 3530 οὐδ’
1206 3474 1324 3533 ὅσον
1353 3474 1594 3536 ἷοὸολῶν.

433 3558 530 3618 X&
552 3557 730 3630 θνητὸς
748 3556 834 3615 τὸν
864 3558 1068 3638 ἀλιτρὸν
1095 3594 1172 3605 -
1192 3560 1356 3619 ἔοικεν
1385 3563 1564 3633 θνητὸς
1587 3567 1616 3620 ὃ
1635 3561 1854 3638 δαίμων·

510 3645 743 3723 τίσομαι·
762 3645 1038 3723 ἕγκλήμων
1065 3648 1109 3705 δ’
1131 3646 1312 3724 ἔσσομ’
1335 3649 1660 3726 ἀλεξόμενος;

783 3794 788 3801 “
829 3796 966 3847 189.
1013 3788 1578 3848 ΑΣΚΛΗΠΙΑΔΟΥ.

430 3924 541 3991 Νὺξ
571 3926 746 4006 μακρὴ
766 3926 856 3985 καὶ
874 3936 1066 4006 χεῖμα,
1095 3926 1252 4001 μέσον
1273 3925 1318 3984 δ’
1342 3926 1428 3984 ἐπὶ
1449 3926 1685 3987 Πλειάδα
1718 3927 1868 3984 δύνει·

508 4014 656 4090 κάγὼ
683 4012 792 4092 πὰρ
820 4014 1091 4093 προθύροις
1123 4012 1368 4088 νίσσομαι
1396 4014 1606 4090 ὑόμενος
1623 4058 1640 4089 ,

1002 4303 1111 4361 187.
1142 4318 1409 4350 usaue-1.

429 4436 584 4493 Quam
609 4430 729 4481 bene
755 4434 934 4483 Dorcas
955 4435 1042 4496 ait,
1061 4437 1189 4486 D'um
1205 4436 1340 4503 fingis
1357 4454 1536 4500 amare,
1563 4440 1768 4505 Lycaeni,

495 4516 734 4579 Deprensa
755 4530 836 4575 ως
865 4532 961 4565 non
997 4518 1089 4568 fert
1119 4528 1333 4586 tempora
1363 4520 1504 4571 falsus
1525 4537 1675 4572 amor.

1013 4674 1120 4721 188.
1161 4690 1400 4722 mom-tm.

429 4804 520 4849 Per
551 4802 798 4862 Venerem,
823 4819 898 4853 res
911 4794 1060 4857 dulcis
1077 4813 1246 4871 Amor,
1266 4826 1408 4875 quem
1443 4811 1613 4861 loedcre
1639 4813 1818 4873 nolim„

495 4882 584 4930 Sed
609 4882 690 4946 qui
719 4899 794 4933 me
820 4882 949 4935 feriit
981 4888 1186 4953 perfidus
1211 4906 1346 4941 arcus
1370 4901 1492 4942 erat.

2077 298 2343 348 certissime
2358 337 2371 360 ‚
2399 298 2641 362 credoque
2666 300 2811 349 etiam
2836 301 3060 364 amplius.
3095 301 3192 353 sed
3209 316 3385 356 curret

2138 389 2257 438 hora
2278 387 2407 438 enim
2432 388 2602 452 quinta
2632 402 2802 440 omnes
2819 403 3181 455 congregamur.

2609 551 2689 598 184
2700 586 2710 596 .
2750 548 3083 599 MELEAGRI.

2073 677 2225 736 Nov13
2250 691 2347 728 non
2382 692 2463 730 mc
2488 679 2693 730 latuisti.
2717 681 2852 739 Quid
2867 680 2985 731 deos
3002 681 3243 731 testaris?
3266 695 3365 732 non
3392 684 3525 732 enim
3548 697 3641 732 me

2134 765 2263 815 novi.
2292 767 2361 815 Ne
2382 766 2589 829 amplius
2616 781 2748 817 nunc
2766 767 2879 829 jura
2904 768 3099 818 :omnia
3115 769 3245 818 novi.
3366 769 3590 834 [latuisti
3620 792 3635 818 :

2074 855 2193 903 Haec
2206 856 2344 903 erant
2356 853 2517 918 igitur,
2530 853 2655 918 haec,
2670 855 2861 919 perjura
2874 861 2894 906 ?
2908 857 3010 906 sola
3024 860 3081 906 tu
3094 870 3283 916 rursus,
3300 858 3403 908 sola
3416 858 3639 908 dormis?

2134 943 2176 989 0
2203 940 2457 991 audaciam
2474 945 2485 991 !
2504 945 2555 992 et
2572 957 2717 1004 nunc,
2736 957 2869 992 nunc
2895 941 3059 994 adhuc
3074 942 3142 994 ait
3158 983 3171 1006 ‚
3191 963 3215 986 α
3235 945 3352 994 sola.
3379 965 3403 988 u

2072 1031 2177 1078 Non
2204 1028 2478 1092 spectabilis
2500 1033 2550 1080 te
2582 1029 2815 1080 cleon...?
2833 1044 2892 1080 ac
2922 1031 3138 1081 sinon...
3169 1031 3257 1081 sed
3287 1030 3407 1094 quid
3430 1033 3595 1082 minor
3612 1037 3639 1081 ?

2133 1115 2210 1165 abi
2225 1153 2238 1176 ,
2268 1117 2395 1166 mala
2412 1116 2526 1166 lecti
2542 1115 2697 1167 bestia
2712 1154 2726 1178 ,
2747 1117 2825 1167 abi
2839 1130 3005 1180 ocyus.

2072 1207 2219 1269 Atqui
2238 1207 2327 1256 tibi
2348 1206 2800 1271 largiarJucundam
2816 1209 3016 1272 gratiam
3041 1229 3054 1257 :
3080 1209 3183 1259 scio
3208 1212 3259 1260 te
3282 1211 3408 1261 velle

2134 1294 2273 1344 illum
2288 1293 2454 1344 videre
2474 1315 2485 1343 :
2503 1294 2587 1344 hic
2604 1294 2769 1344 vincta
2784 1295 2857 1345 sic
2874 1307 3031 1346 mane.

2570 1464 2671 1509 185.
2694 1459 3113 1510 ASCLEPIADAE.

2070 1597 2129 1644 In
2145 1595 2305 1644 sorum
2331 1607 2633 1659 progressus,
2656 1597 2884 1657 Demetri,
2902 1599 3009 1648 tres
3022 1597 3086 1648 ab
3112 1602 3318 1661 Amynta

2130 1683 2398 1746 glauciscus
2414 1685 2524 1746 pete
2548 1685 2598 1733 et
2611 1682 2780 1733 decem
2808 1683 3066 1747 phycidia3

2070 1783 2130 1820 ac
2146 1769 2369 1833 gibbosas
2394 1770 2593 1832 squillas
2621 1771 2638 1830 (
2656 1771 2933 1821 numerabit
2946 1775 3113 1821 autem
3142 1784 3227 1822 eas
3242 1773 3330 1823 tihi
3356 1773 3495 1836 ipse)

2132 1856 2301 1920 viginti
2322 1860 2373 1906 et
2388 1860 2624 1919 quattuor
2640 1856 3009 1920 ubi-sumpseris
3032 1857 3133 1909 huc
3152 1857 3271 1909 redi.

2074 1947 2133 1994 Et
2150 1958 2181 1994 a
2204 1943 2479 1992 Thauborio
2506 1957 2727 1994 rosaceas
2749 1957 2833 1994 sex
2848 1945 3217 2010 insuper-sume
3241 1959 3495 2014 coronas;

2134 2030 2373 2096 [propera]
2391 2035 2442 2081 et
2457 2030 2755 2094 Trypheram
2782 2046 2933 2094 ocyus
2951 2033 3001 2082 in
3022 2034 3230 2084 transitu
3248 2047 3381 2084 voca.

2608 2176 2713 2223 186.
2750 2174 3072 2222 POSIDIPPI.

2071 2314 2142 2362 Ne
2165 2324 2249 2360 mc
2263 2313 2386 2374 puta
2409 2300 2815 2376 persuaRentibus
2834 2311 3001 2362 fallere
3020 2312 3252 2374 lacrimis,
3277 2313 3495 2365 Phllaeui.

2131 2395 2254 2446 Novi
2284 2409 2453 2447 :amas
2470 2395 2600 2446 enim
2624 2397 2822 2446 omnino
2852 2397 3094 2449 neminem
3110 2400 3265 2464 magis
3286 2413 3549 2464 quam-me
3564 2443 3579 2462 ‚

2070 2481 2164 2534 hoc
2189 2483 2317 2533 omni
2338 2497 2437 2546 quo
2460 2482 2592 2547 apud
2608 2497 2687 2533 me
2709 2484 2864 2533 cubas
2880 2487 3127 2550 temporez
3155 2486 3199 2537 si
3220 2500 3338 2537 vero
3356 2488 3485 2539 alius
3498 2493 3557 2540 te

2132 2570 2330 2620 haberet
2346 2609 2359 2632 ‚
2387 2583 2549 2620 amare
2574 2569 2761 2622 diceres
2784 2571 2925 2622 illum
2942 2573 3097 2637 magis
3112 2585 3383 2638 quam-me.

2622 2717 2709 2763 187
2726 2750 2739 2761 .
2771 2713 3103 2764 MELEAGRI.

2070 2854 2157 2903 Dic
2174 2852 2416 2917 Lycaenidi
2434 2892 2446 2915 ‚
2474 2855 2691 2902 Dorcas:
2715 2857 2739 2895 «ἓ
2769 2854 2895 2903 Ecce
2916 2855 2975 2904 ut
2992 2853 3223 2905 simulate
3245 2867 3417 2905 amans

2054 2988 2057 2994 .
2134 2961 2156 2983 α
2174 2940 2576 3004 deprehensa-es3
2592 2954 2691 2990 non
2709 2942 2921 2992 occultat
2938 2941 3111 2993 fictum
3130 2954 3347 2994 amorem
3358 2946 3577 3006 tempus„
3600 2966 3629 2987 n

2620 3084 2722 3129 188.
2754 3080 3059 3132 LEONIDAE.

2066 3219 2174 3268 Non
2198 3213 2592 3277 offero-injuriam
2608 3216 2791 3266 Amori.
2806 3217 2975 3268 Dulcis
2988 3221 3091 3280 est,-
3106 3220 3261 3269 testor
3275 3220 3430 3283 ipsam

2128 3306 2395 3363 Venerem3
2417 3304 2505 3355 sed
2521 3317 2785 3367 percussus
2802 3318 2915 3355 sum
2940 3318 3003 3355 ex
3028 3306 3204 3356 doloso
3224 3320 3361 3369 arcu,
3484 3308 3633 3373 [jacit

2066 3394 2117 3444 et
2128 3395 2267 3444 totus
2278 3390 2823 3454 ini-cinerem-redactus3
2846 3392 3051 3443 calidam
3068 3398 3231 3444 autem
3246 3408 3399 3458 super
3412 3395 3630 3446 calidam

2128 3480 2353 3543 sagittam
2364 3518 2378 3541 ,
2410 3492 2501 3529 nec
2520 3479 2598 3529 vel
2614 3480 2857 3529 tantillum
2884 3483 3043 3530 cessat
3058 3480 3295 3541 jaculans.
3452 3482 3625 3547 [deus.

2066 3575 2136 3619 Ac
2162 3570 2382 3620 mortalis
2410 3571 2715 3633 peccatorem
2754 3570 2952 3619 invenit
2983 3586 3003 3619 .·
3024 3568 3246 3619 mortalis
3281 3570 3509 3634 apparuit
3540 3572 3631 3621 ille

2128 3654 2345 3705 Ulciscsr
2375 3668 2387 3697 τ
2418 3666 2599 3704 reusnc
2619 3667 2703 3703 ero
2725 3653 3193 3704 sime-defendam?

2561 3797 2664 3843 189.
2696 3794 3114 3841 ASCLEPIADAE.

2064 3934 2167 3982 Nox
2193 3932 2337 3994 longa
2364 3933 2415 3981 et
2431 3929 2589 3980 hiems
2611 3935 2712 3991 est,
2738 3944 2852 3995 quae
2878 3930 3041 3981 media
3078 3931 3322 3982 Pleiadem
3360 3932 3618 3984 occidere·

2130 4023 2179 4070 ct
2197 4032 2287 4083 ego
2307 4018 2373 4068 ad
2391 4018 2637 4069 vestibula
2653 4018 2914 4069 obambulo
2937 4018 3349 4081 pluvia-madens,
3448 4020 3624 4083 [facin

2006 4282 2018 4350 Ι
2062 4286 2174 4333 Sum
2196 4283 2314 4332 cinis
2338 4299 2400 4332 en
2422 4294 2566 4334 totus.
2588 4288 2766 4333 Tamen
2788 4299 2898 4333 ecce
2918 4284 3091 4349 sagitta
3108 4284 3326 4347 sagittam

2126 4364 2458 4431 Subsequitur,
2484 4364 2719 4431 pharetras
2738 4382 2827 4415 nec
2840 4367 2981 4415 datur
3000 4367 3099 4416 ulla
3117 4367 3275 4433 quies,

2064 4450 2293 4498 Mortales
2314 4450 2539 4499 domuere
2557 4448 2711 4498 ferum
2735 4466 2747 4498 :
2769 4450 2983 4499 mortalis
3006 4458 3055 4497 et
3078 4450 3178 4515 ipse
3200 4460 3290 4499 est.

2132 4532 2361 4599 Experiar
2382 4552 2396 4584 ι
2422 4534 2515 4584 vim
2530 4535 2581 4583 vi
2606 4536 2784 4600 pellere
2805 4536 2912 4599 jura
2933 4534 3110 4584 sinunt.

2614 4689 2724 4749 189.
2752 4700 3067 4734 munna.

2066 4820 2172 4867 Nox
2199 4818 2336 4883 longa
2353 4827 2424 4868 est
2452 4828 2501 4869 et
2522 4820 2686 4885 hyems
2716 4834 2729 4868 ε
2757 4820 2959 4869 mediam
2982 4834 3114 4868 mare
3132 4819 3323 4869 Pleiade
3348 4821 3535 4881 condit,

2132 4902 2249 4949 Cum
2274 4899 2416 4949 miser
2433 4900 2588 4950 infidas
2614 4902 2861 4965 οοηψΙιιοι·
2888 4910 2999 4950 anie
3029 4900 3176 4950 fores.
