3829 5747
384 1806 437 1845 10

384 2242 434 2280 15

515 200 631 261 336
1626 194 2134 256 ANTHOLOGIAE
2178 194 2583 255 PALATINAE

1096 334 1199 385 338
1210 372 1221 383 .
1264 336 1451 382 ΑΑΑΟ.

494 460 651 535 Μηδὲ
672 460 1031 542 καταχθονίοις
1062 461 1195 536 μετὰ
1224 460 1465 535 δαίμοσιν
1492 458 1726 539 ἄμμορος
1750 458 1857 529 εἴης

1126 541 1159 574 r

482 580 489 609 ·.
571 550 840 630 ἡμετέρων
872 548 1049 627 δώρων
1069 592 1087 623 ,
1118 573 1191 607 ων
1222 548 1268 608 σ’
1300 546 1501 605 ἐπέοικε
1529 554 1701 625 τυχεῖν
1722 590 1739 620 ,

492 638 687 716 Ἀμμία
708 684 725 710 ,
747 638 931 697 οὕνεκα
954 636 1256 716 Νικόμαχος
1286 636 1513 713 θυγάτηρ
1540 658 1595 691 τε
1620 632 1793 705 Διώνη

570 725 770 803 τύμδον
799 726 890 785 καὶ
919 724 1116 797 στήλην
1149 726 1247 797 σὴν
1274 722 1527 801 ἔθέμεσθα
1556 720 1735 802 χάριν.

1169 869 1292 920 334.
1334 871 1521 918 ΑΔΛΟ.

488 996 687 1069 Νηλεὲς
708 987 752 1057 83
784 998 989 1072 δαῖμον,
1016 996 1067 1055 τί
1091 997 1147 1057 δέ
1174 1020 1264 1074 μοι
1286 997 1376 1055 καὶ
1404 998 1589 1077 φέγγος
1618 995 1809 1064 ἔδειξας

570 1087 642 1153 εἷς
666 1086 853 1164 ὀλίγων
872 1085 1027 1145 ἐτέων
1058 1084 1220 1163 μέτρα
1251 1084 1581 1161 μινυνθάδιος

491 1172 525 1243 ἢ
549 1170 636 1230 ἵνα
659 1172 900 1250 λυπήσῃς
928 1174 991 1232 δι’
1024 1172 1157 1250 ἐμὴν
1190 1172 1383 1250 βιότοιο
1409 1172 1654 1242 τελευτὴν

570 1260 773 1339 μητέρα
802 1262 1031 1331 δειλαίην
1053 1260 1269 1339 δάκρυσι
1293 1259 1381 1318 καὶ
1408 1268 1717 1338 στοναχαῖς,

489 1348 524 1420 ἥ
556 1351 613 1425 μ’
640 1348 807 1426 ἔτεχ’,
834 1348 868 1420 ἥ
898 1347 952 1424 μ’
980 1348 1191 1417 ἀτίτηλε
1208 1392 1223 1419 ,
1250 1346 1339 1404 καὶ
1370 1347 1405 1418 ἢ
1432 1348 1563 1405 πολὺ
1601 1346 1810 1423 μείζονα
1841 1348 2035 1425 πατρὸς

569 1436 813 1517 φροντίδα
835 1434 1071 1505 παιδείης
1094 1435 1281 1505 ἤνυσεν
1310 1436 1597 1513 ἡμετέρης;

489 1524 544 1591 ὃς
574 1526 666 1597 μὲν
694 1525 795 1603 γὰρ
818 1523 998 1583 τυτθόν
1018 1546 1076 1581 τε
1104 1524 1193 1581 καὶ
1220 1523 1440 1604 ὀρφανὸν
1470 1528 1521 1582 ἐν
1552 1522 1820 1601 μεγάροισι

570 1612 840 1670 κάλλιπεν·
862 1618 895 1683 ἡ
924 1610 967 1668 δ’
988 1614 1070 1669 ἐπ’
1098 1610 1213 1688 ἐμοὶ
1232 1612 1433 1677 πάντας
1460 1610 1584 1680 ἔτλη
1609 1610 1895 1684 καμάτους.

488 1689 566 1758 τΗ
598 1700 692 1775 μὲν
712 1701 827 1774 ἐμοὶ
856 1698 1002 1775 φίλον
1034 1690 1123 1769 ἦεν
1150 1700 1227 1777 ἐφ’
1256 1698 1426 1774 ἁγνῶν
1458 1700 1765 1776 ἡγεμονήων

569 1785 901 1865 ἐμπρεπέμεν
932 1785 1109 1860 μύθοις
1128 1785 1263 1865 ἀμφὶ
1294 1785 1657 1852 δικασπολίας·

489 1874 625 1933 ἀλλά
657 1896 745 1949 μοι
766 1877 823 1931 οὖ
854 1872 1047 1951 γενύων
1077 1872 1353 1941 ἐπεδέξατο
1375 1874 1621 1951 κούριμον
1654 1875 1803 1939 ἄνθος

566 1960 772 2031 ἡλικίης
790 1962 977 2038 ἐρατῆς
993 2005 1011 2036 ,
1037 1964 1095 2020 οὗ
1128 1960 1295 2040 γάμον
1316 2007 1333 2034 ,
1355 1963 1413 2019 οὗ
1443 1960 1639 2028 δαΐδας·

487 2050 587 2128 οὐχ
611 2050 854 2125 ὑμέναιον
881 2047 1021 2106 ἄεισε
1050 2050 1358 2129 περικλυτὸν
1375 2095 1392 2127 ,
1427 2050 1485 2107 οὗ
1512 2048 1660 2115 τέκος
1688 2040 1807 2120 εἶδε,

568 2135 893 2211 δύσποτμος,
921 2138 979 2195 ἔκ
1001 2142 1178 2215 γενεῆς
1205 2136 1449 2216 λείψανον
1480 2136 1767 2217 ἡμετέρης,

488 2227 580 2295 τῆς
598 2223 1008 2303 πολυθρηνήτου·
1036 2228 1193 2284 λυπεῖ
1222 2225 1277 2283 δέ
1307 2249 1371 2301 με
1402 2226 1491 2284 καὶ
1515 2230 1767 2283 τεθνεῶτα

568 2311 765 2391 μητρὸς
795 2312 1075 2386 Πωλίττης
1108 2313 1289 2380 πένθος
1312 2312 1586 2390 ἀεξόμενον
1606 2358 1623 2389 ,

488 2396 795 2478 Φρόντωνος
816 2407 1019 2479 γοεραῖς
1046 2400 1135 2459 ἐπὶ
1160 2399 1440 2481 φροντίσιν,
1466 2400 1501 2471 ἣ
1532 2398 1649 2458 τέκε
1678 2400 1839 2457 παῖδα

566 2485 864 2565 ὠκύμορον,
892 2487 1067 2546 κενεὸν
1092 2488 1279 2567 χάρμα
1300 2485 1451 2567 φίλης
1470 2489 1735 2568 πατρίδος.

1091 2632 1216 2683 335.
1254 2634 1445 2681 AAAO.
1529 2605 1537 2613 ’

491 2782 542 2815 α.
570 2758 851 2833 Πώλιττα,
877 2762 1029 2831 τλῆθι
1054 2758 1259 2831 πένθος,
1282 2758 1498 2821 εὔνασον
1528 2759 1714 2839 δάκρυ.

571 2846 778 2908 Πολλαὶ
796 2848 1042 2914 θανόντας
1076 2837 1209 2907 εἶδον
1234 2849 1361 2916 υἱεῖς
1382 2846 1616 2924 μητέρες.

492 2937 543 3012 β.
573 2935 712 2994 Ἀλλ’
744 2938 800 2994 οὖ
820 2935 1077 3000 τοιούτους
1096 2935 1183 2993 τὸν
1211 2935 1401 3012 τρόπον
1424 2936 1514 2994 καὶ
1539 2933 1625 2992 τὸν
1659 2933 1797 3011 βίον,

567 3026 625 3081 οὗ
657 3023 894 3101 μητέρων
925 3024 1169 3089 σέὸοντας
1188 3024 1403 3094 ἡδίστην
1435 3023 1575 3082 θέαν.

490 3134 539 3166 α.
564 3113 614 3169 Τ
620 3108 636 3166 ί
663 3108 889 3188 περισσὰ
912 3116 1142 3189 θρηνεῖς;
1180 3109 1231 3167 τί
1258 3110 1315 3166 δὲ
1336 3109 1507 3185 μάτην
1535 3110 1770 3188 ὀδύρεαι;

570 3199 639 3261 εἷς
668 3198 836 3256 κοινὸν
856 3193 1032 3283 εᾈδην
1060 3197 1248 3263 πάντες
1274 3197 1454 3267 ἥξουσι
1486 3198 1678 3276 βροτοί.

1090 3339 1214 3389 336.
1256 3342 1446 3389 ΑΔΔΟ.

488 3467 533 3525 Γ
534 3466 660 3544 ήραῖ
684 3466 771 3524 καὶ
799 3466 952 3540 πενίῃ
982 3467 1314 3545 τετρυμένος,
1334 3469 1451 3525 οὐδ’
1473 3468 1737 3546 ὀρέγοντος

1082 3639 1197 3686 333.
1234 3653 1453 3686 incana-1.

494 3739 557 3784 Ut
584 3751 674 3784 nec
702 3735 831 3801 apud
854 3739 1027 3786 Manes
1056 3753 1227 3804 expers
1251 3738 1340 3795 sis,
1375 3738 1596 3795 Ammia,
1632 3740 1807 3788 nostris

560 3817 876 3880 Muneribus,
899 3817 968 3868 fas
990 3829 1062 3869 est
1084 3837 1192 3886 qun
1216 3819 1307 3870 tibi
1327 3822 1499 3888 jusque
1522 3821 1660 3885 dari,

489 3899 813 3950 Nicomachus
836 3901 1075 3950 tumulum
1100 3911 1313 3954 statuens
1334 3913 1385 3953 et
1404 3904 1532 3968 justa
1553 3903 1710 3954 Dione

555 3983 677 4030 Cum
703 3981 846 4046 cippo
863 4018 878 4045 ,
903 3983 1090 4032 meritis
1120 3984 1365 4033 reddimus
1392 3985 1537 4034 ambo
1565 3987 1737 4036 vicem.

590 4083 705 4138 334.
742 4084 817 4131 De
852 4086 1090 4134 Frontone
1118 4083 1224 4152 filio
1251 4083 1456 4138 Politen.
1491 4091 1738 4155 Repertmn
1771 4090 1952 4154 Cyzici.

492 4179 758 4229 ‚nclemens
780 4195 810 4230 o
837 4185 986 4232 Parca
1003 4217 1018 4240 ,
1050 4182 1167 4247 quid
1200 4181 1295 4232 heu
1318 4183 1441 4233 mihi
1466 4184 1645 4234 lumina
1668 4186 1775 4235 vitre

558 4267 615 4312 In
643 4263 797 4330 spatia
818 4280 1051 4315 annoeum
1076 4282 1227 4333 pauca
1250 4267 1412 4317 videre
1434 4268 1615 4318 dabas?

490 4349 661 4397 flocne
684 4348 773 4397 tibi
800 4347 945 4398 libuit
967 4351 1153 4400 miserae
1176 4351 1387 4400 lamenta
1414 4353 1637 4418 parenti,

558 4431 619 4477 Et
649 4429 811 4494 longas
838 4430 1071 4498 lacrymas
1094 4431 1263 4482 funere
1285 4432 1414 4483 ferre
1442 4451 1548 4484 meo
1566 4439 1590 4484 i>

492 4511 611 4572 Quae
636 4525 711 4559 me
738 4527 839 4560 uon
859 4513 1023 4578 genuit
1048 4515 1205 4581 prima
1232 4516 1376 4566 modo
1402 4516 1509 4566 luce
1527 4553 1542 4577 ‚
1560 4518 1643 4567 sed
1667 4519 1790 4584 ipsos

489 4638 497 4645 .
560 4593 777 4643 Contulit
798 4595 859 4644 ad
884 4611 1043 4647 mores
1072 4599 1179 4665 plus
1206 4600 1423 4665 genitore
1451 4599 1591 4651 mihi.

494 4677 619 4724 Nam
649 4682 786 4740 pater
811 4676 1047 4728 infantem
1070 4683 1281 4732 moriens
1315 4682 1405 4732 sub
1428 4693 1581 4732 matre
1616 4685 1812 4750 reliquit
1840 4701 1852 4733 :

562 4759 734 4808 Matris
755 4769 802 4809 et
834 4777 889 4810 ex
921 4762 1008 4813 illo
1033 4780 1149 4815 cura
1172 4765 1403 4831 laborque
1439 4767 1525 4816 fui.

494 4845 699 4905 Jamque
721 4845 849 4910 apud
870 4846 1091 4906 eximias,
1123 4859 1170 4898 et
1194 4859 1299 4900 erat
1315 4849 1433 4899 mihi
1461 4851 1627 4910 dulce,
1660 4856 1857 4904 Curules

563 4926 671 4972 Vox
690 4925 898 4991 aliquam
916 4928 1013 4991 juri
1040 4941 1203 4980 nostra
1227 4931 1410 4982 ferebat
1432 4948 1588 4998 opem.

498 5011 561 5057 At
588 5025 684 5057 non
708 5009 791 5060 illa
816 5027 919 5060 mea
947 5014 1099 5064 laetata
1120 5025 1193 5064 est
1216 5033 1363 5066 messe
1394 5033 1623 5081 genarum
1640 5056 1655 5084 ‚

2745 343 2852 389 333.
2900 348 3107 389 amun.

2152 461 2219 509 Ut
2235 472 2298 509 ne
2313 458 2494 509 inferos
2521 460 2718 523 quidem
2745 462 2872 512 inter
2897 464 3066 513 Manes
3091 474 3264 526 expers
3290 476 3428 513 esses

2211 552 2488 599 nostrorum
2513 564 2770 601 munerum
2785 590 2797 613 ‚
2828 565 2941 615 quoe
2960 551 3126 602 decuit
3153 552 3240 602 tibi
3269 552 3542 615 obtingere
3565 591 3580 610 ,

2153 636 2357 698 Ammia‚
2385 636 2496 687 ideo
2521 637 2846 689 Nicomachus
2875 638 3071 703 filiaque
3093 641 3246 691 Dione

2213 725 2461 774 tumulum
2491 728 2543 775 et
2568 725 2763 789 cippum
2789 730 2876 776 tua
2892 728 3148 791 posuimus
3171 730 3339 793 gratia.

2751 865 2856 911 334.
2903 871 3115 915 amun.

2153 996 2424 1050 Durissime
2439 1000 2689 1067 odaemon,
2715 1006 2839 1067 quid
2855 1005 3054 1056 tandem
3083 1002 3205 1053 mihi
3228 1004 3396 1053 lucem
3425 1002 3718 1051 ostendisti

2213 1086 2264 1135 in
2292 1100 2560 1151 paucorum
2587 1105 2824 1144 annorum
2852 1094 3068 1157 spatium
3096 1091 3446 1141 brevissimum
3469 1094 3493 1139 ,³

2151 1186 2214 1221 an
2241 1175 2301 1224 ut
2326 1176 2589 1227 conficeres
2612 1179 2679 1229 ob
2701 1194 2826 1231 meae
2846 1182 2963 1231 vitae
2989 1180 3172 1230 exitum

2211 1266 2415 1314 matrem
2441 1267 2668 1317 miseram
2692 1268 2904 1318 lacrimis
2931 1270 2980 1318 ct
3003 1266 3302 1331 gemitibus?

2151 1360 2264 1410 quae
2281 1364 2360 1400 me
2373 1353 2556 1415 genuit,
2578 1368 2692 1417 quae
2709 1356 2934 1415 incaluit,
2950 1358 3000 1405 et
3011 1368 3124 1417 quae
3135 1353 3292 1402 multo
3301 1352 3556 1416 maiorem
3579 1364 3734 1413 quam

2214 1452 2381 1489 curam
2404 1441 2678 1492 educationi
2707 1444 2872 1494 attulit
2897 1447 3092 1493 nostrae.
3589 1440 3745 1502 svam

2151 1524 2243 1572 Hic
2274 1525 2472 1588 quidem
2500 1528 2627 1576 enim
2655 1530 3017 1593 parvulumque
3045 1544 3122 1580 me
3149 1532 3200 1579 et
3240 1529 3422 1579 orbum
3456 1528 3514 1577 in
3541 1528 3741 1576 aedibus

2214 1613 2435 1675 reliquit3
2465 1614 2547 1665 illa
2569 1628 2686 1665 vero
2711 1630 2798 1679 pro
2817 1630 2896 1667 me
2922 1620 3125 1667 cunctos
3143 1615 3414 1667 exantlavit
3445 1614 3672 1665 labores.

2151 1702 2276 1750 Saue
2293 1701 2491 1764 quidem
2517 1703 2635 1752 mihi
2656 1705 2898 1756 arridebat
2920 1706 3015 1755 sub
3041 1706 3178 1770 puris
3197 1704 3520 1755 antistitibus

2213 1789 2445 1839 excellere
2471 1792 2778 1842 sermonibus
2805 1792 2867 1842 de
2877 1792 3264 1855 jurisprudentia
3301 1813 3314 1840 ι

2151 1875 2238 1924 sed
2265 1889 2432 1925 meum
2455 1891 2552 1927 non
2571 1882 2792 1929 e-mento
2823 1882 3040 1943 suscepit
3063 1881 3283 1931 sectilem
3303 1880 3482 1929 florem

2214 1964 2372 2015 aetatis
2391 1965 2607 2015 amabilis
2621 2006 2633 2029 ,
2659 1980 2758 2016 non
2778 1969 3000 2031 nuptias,
3031 1982 3129 2017 non
3153 1968 3312 2025 faces-»3

2153 2068 2249 2103 non
2273 2055 2579 2117 hymenaeum
2607 2058 2780 2108 cecinit
2803 2060 3060 2121 celebrem,
3085 2074 3181 2109 non
3205 2060 3390 2123 prolem
3411 2058 3552 2109 vidit
3571 2098 3584 2119 ,

2215 2143 2406 2193 infelix!
2437 2144 2604 2209 stirpis
2630 2148 2884 2197 surculum
2907 2151 3108 2209 nostrae,

2154 2231 2297 2281 valde
2327 2232 2458 2282 illius
2481 2234 2804 2285 lamentabilis
2835 2256 2847 2283 :
2877 2236 3010 2299 angit
3035 2238 3202 2286 autem
3221 2250 3300 2285 me
3325 2236 3404 2285 vel
3447 2238 3705 2285 mortuum

2217 2320 2388 2371 matris
2405 2320 2598 2371 Polittae
2620 2322 2785 2371 luctus
2813 2336 3284 2385 semper-crescens,

2157 2406 2208 2453 in
2241 2406 2531 2469 lugubribus
2553 2409 2615 2459 de
2629 2412 2870 2461 Frontone
2886 2412 3036 2471 curis,
3071 2425 3185 2475 quae
3209 2412 3396 2475 peperit
3419 2426 3640 2475 puerum

2223 2498 2510 2549 celeris-sati
2524 2538 2537 2560 ,
2559 2500 2699 2550 inane
2723 2501 2954 2565 gaudium
2982 2514 3087 2552 suae
3105 2502 3290 2565 patriae.

2765 2650 2872 2696 335.
2922 2650 3122 2691 amun.

2155 2781 2206 2816 a.
2230 2768 2422 2829 Politia,
2453 2770 2640 2821 sustine
2657 2771 2845 2821 luctum
2859 2810 2872 2832 ,
2895 2772 3000 2835 sopi
3025 2772 3276 2821 lacrimam

2153 2857 2322 2907 Multas
2349 2860 2569 2909 mortuos
2584 2859 2814 2911 viderunt
2833 2860 2960 2911 filios
2973 2862 3156 2911 matres

2155 2945 2200 2994 ὑ.
2230 2945 2322 2994 Sed
2351 2960 2448 2995 non
2463 2947 2586 2997 tales
2603 2948 2824 2999 moribus
2851 2953 2901 2998 et
2927 2963 3035 2998 aevo
3049 2987 3062 3009 ,

2151 3045 2246 3081 non
2274 3037 2488 3083 matrum
2505 3038 2580 3084 sic
2599 3039 2887 3086 venerantes
2904 3035 3244 3086 dulcissimum
3267 3041 3546 3099 aspectum.

2154 3133 2205 3168 a.
2237 3120 2369 3178 Quid
2389 3134 2516 3172 vana
2535 3123 2723 3185 gemis?
2749 3123 2967 3187 quidque
2987 3123 3234 3174 incassum
3250 3124 3540 3174 lamentaris
3555 3131 3577 3174 ,θ

2151 3209 2216 3258 ad
2245 3223 2552 3261 communem
2589 3215 2772 3262 Orcum
2794 3225 2963 3262 omnes
2986 3213 3268 3276 pervenient
3287 3215 3543 3263 mortales.

2743 3356 2850 3401 336.
2895 3357 3113 3399 Attun.

2161 3478 2424 3526 Senectute
2442 3479 2491 3524 et
2517 3479 2802 3538 paupertate
2829 3475 3097 3537 contritus,
3125 3489 3286 3538 neque
3305 3475 3584 3540 porrigente

2227 3640 2336 3685 Non
2366 3636 2600 3686 thalamos
2627 3636 2778 3696 vidit,
2807 3637 3132 3702 legitimasque
3160 3635 3314 3695 facem

2153 3721 2254 3768 Nec
2275 3719 2434 3768 laetum
2464 3718 2674 3767 cantavit
2698 3721 2913 3783 Hymen,
2943 3723 3229 3785 Hymenaee,
3251 3718 3420 3768 relicta

2214 3803 2316 3850 Nec
2343 3801 2510 3850 saltem
2537 3799 2724 3850 soboles
2744 3802 2982 3865 sanguinis
3004 3802 3104 3850 ulla
3125 3801 3252 3865 mei,

2147 3882 2394 3947 Sanguinis
2410 3880 2508 3932 heu
2536 3881 2702 3932 flendi.
2771 3888 2878 3932 Jam
2905 3883 2996 3931 sim
3031 3883 3144 3933 licet
3168 3883 3339 3933 umbra
3359 3920 3376 3944 ‚
3405 3881 3618 3950 parentis

2215 3965 2400 4014 Polittae
2425 3965 2608 4014 cruciat
2631 3981 2708 4014 me
2737 3982 2890 4015 novus
2919 3967 3000 4016 ille
3025 3967 3184 4030 dolor,

2148 4049 2406 4096 Frontonis
2442 4056 2625 4096 veteres
2655 4049 2812 4097 luctus
2836 4065 2982 4114 super
3011 4063 3024 4099 :
3055 4049 3206 4098 edidit
3235 4050 3314 4098 illa

2213 4129 2396 4178 Gaudia
2413 4146 2503 4179 nec
2521 4131 2687 4196 patriae
2710 4147 2799 4180 nec
2823 4132 3048 4180 diuturna
3075 4131 3184 4182 sibi.

2623 4231 2737 4278 335.
2777 4227 2934 4278 Aliud
2965 4227 3026 4278 de
3059 4229 3237 4283 eodem,

2146 4331 2319 4379 Politta
2344 4366 2359 4391 ,
2383 4331 2494 4379 siste
2515 4333 2744 4398 lacrymas
2761 4369 2776 4394 ,
2805 4333 2960 4382 luctus
2979 4349 3144 4399 preme
3169 4351 3182 4384 τ

2146 4412 2324 4461 Videre
2341 4413 2504 4462 multae
2523 4413 2699 4463 liberos
2725 4425 2887 4480 raptos
2911 4431 3042 4463 nece.

2144 4497 2212 4543 At
2238 4511 2337 4543 non
2353 4532 2366 4554 ,
2390 4505 2445 4545 ut
2463 4496 2547 4546 ille
2567 4533 2583 4558 ,
2605 4497 2821 4546 moribus
2845 4499 2952 4546 vita!
2975 4498 3180 4564 probos,

2145 4578 2345 4627 Vultum
2369 4579 2579 4629 colentes
2603 4579 2769 4629 matris
2795 4581 2945 4629 instar
2979 4581 3205 4631 numinis.

2146 4660 2276 4723 Quid
2305 4662 2448 4710 inane
2473 4671 2666 4727 torques
2685 4673 2864 4723 temet,
2887 4673 2936 4712 et
2971 4664 3147 4712 frustra
3181 4663 3329 4728 gemis
3345 4667 3368 4712 ξ’

2145 4747 2335 4808 vorago
2361 4753 2556 4794 cunctos
2581 4760 2676 4793 una
2715 4746 2941 4794 mortales
2970 4756 3145 4795 manet.

2741 4849 2857 4896 336.
2895 4863 3115 4904 nen-rx,

2447 4934 2508 4984 de
2529 4955 2585 4985 eo
2614 4939 2695 5004 qui
2720 4949 2834 4987 onte
2857 4949 3052 4988 mortem
3071 4957 3122 4986 se
3145 4937 3406 5006 sepelierat.

2151 5029 2433 5092 Paupertate
2457 5032 2586 5094 gravi
2604 5066 2618 5087 ,
2643 5031 2957 5097 gravibusque
2981 5031 3172 5082 attritus
3193 5031 3256 5080 ab
3279 5031 3416 5080 annis
3433 5067 3448 5092 ,
