3829 5747
367 229 504 292 xxiv
723 287 735 302 ,
1715 220 2223 284 CORRIGENDA.

375 365 598 456 βαίκχῳ
629 375 702 432 et
729 359 990 456 ἄκρητον
1016 365 1232 454 νέκταρ
1254 367 1339 426 λε
1357 354 1532 425 ίὸων
1591 359 1718 425 ἀπὸ
1763 349 2090 425 στολίδων.
2125 357 2279 423 Imo
2317 365 2528 449 poeta
2584 365 2807 421 vestes
2837 350 3020 421 adeo
3050 349 3370 421 madidas
3396 350 3570 420 vino

369 485 606 582 fingit,
672 499 754 554 ut
804 508 1020 553 manu
1065 479 1291 552 sicubi
1336 504 1453 549 eas
1492 479 1800 575 tetigerit
1848 483 2219 548 Anacreon
2266 475 2596 573 imposita
2616 529 2634 565 ,
2688 475 3115 573 exprimeret
3166 488 3413 545 nectar
3454 473 3570 543 vel

373 607 637 677 faceret
671 619 750 676 ut
788 619 1032 675 nectar
1058 601 1446 673 destillaret
1468 656 1487 691 ,
1521 601 1726 672 sicuti
1758 600 1899 671 mel
1939 598 2245 670 destillat
2284 622 2369 668 ex
2414 599 2637 692 κηρίοις
2674 594 3062 690 θλιὸομένοις.
3111 599 3286 664 Nam
3326 609 3572 690 aperte

369 729 746 826 respicitur
780 727 901 823 (de
943 750 1090 822 quo
1132 723 1670 795 admonendum
1713 722 1892 818 erat)
1920 722 2274 793 Thracum
2314 745 2469 790 mos
2499 717 2871 813 singularis
2892 771 2911 808 ,
2952 741 3167 814 quem
3194 717 3305 812 his
3330 717 3573 787 verbis

373 851 603 946 tetigit
643 850 842 920 Plato
888 875 906 916 t
949 853 1174 918 Σκύθαι
1206 850 1308 917 καὶ
1350 855 1574 943 Θρᾷκες
1606 847 1920 941 ἀκράτῳ
1970 846 2332 914 παντάπασι
2373 848 2708 939 χρώμενοι,
2756 847 3034 938 γυναῖκές
3089 869 3162 910 τε
3203 842 3305 910 καὶ
3354 843 3525 911 αὐτοὶ
3548 893 3568 927 ,

376 976 480 1044 καὶ
544 973 751 1042 κατὰ
805 983 953 1041 τῶν
1023 973 1354 1065 ἱματίων
1405 973 1987 1063 καταχεόμενοι
2051 970 2237 1037 καλὸν
2280 969 2389 1036 καὶ
2448 963 2730 1061 εὔδαιμον
2773 961 3155 1060 ἐπιτήδευμα
3200 959 3575 1040 ἐπιτηδεύειν

374 1099 770 1190 νενομίκασιν.
824 1099 906 1164 ln
943 1119 1020 1163 re
1055 1092 1315 1165 Graecis
1361 1092 1696 1163 omnibus
1737 1106 1906 1162 nota
1954 1089 2365 1188 Xenophon
2406 1088 2680 1185 (Anah.
2738 1092 2888 1178 Vll,
2930 1086 3001 1176 3,
3042 1091 3080 1181 ᾖ
3125 1085 3258 1183 32)
3294 1114 3309 1155 :
3356 1095 3389 1156 ὁ
3426 1092 3577 1156 Σεύ-

375 1223 478 1300 θης
516 1219 821 1302 συνεξέπιε
865 1219 971 1286 καὶ
1023 1208 1409 1286 κατεσκεδ
1428 1218 1667 1284 σίσατο
1736 1212 1892 1308 μετὰ
1934 1227 2116 1282 τοῦτο
2153 1217 2229 1282 τὸ
2261 1218 2455 1307 κέρας.
2486 1211 2698 1298 Quod
2733 1213 2833 1282 sic
2879 1209 3186 1307 explicat
3221 1210 3515 1280 Photius
3554 1237 3568 1278 z

375 1347 505 1423 ἔθος
541 1343 613 1418 ἦν
661 1344 917 1437 Θρᾴκιον
946 1345 1005 1408 ἐν
1042 1339 1168 1419 τοῖς
1208 1340 1557 1433 συμποσίοις
1595 1342 1733 1427 ἵνα,
1769 1342 1936 1406 ’ὅταν
1965 1340 2153 1407 πίωσι
2180 1351 2290 1406 τοῦ
2312 1338 2470 1406 οἴνου
2502 1341 2561 1404 οἱ
2594 1337 2898 1430 συμπόται
2947 1341 3080 1403 ὅσον
3124 1329 3414 1403 δύνανται
3438 1387 3456 1422 ,
3499 1337 3575 1401 τὸ

374 1469 595 1535 λοιπὸν
631 1479 740 1534 τοῦ
783 1468 945 1533 οἴνου
994 1469 1344 1557 καταχέωσι
1395 1462 1557 1532 κατὰ
1599 1474 1721 1531 τῶν
1790 1463 2051 1556 ἱματίων
2081 1475 2203 1532 τῶν
2244 1472 2598 1558 συμποτῶν·
2646 1467 2789 1555 ὅπερ
2836 1463 3041 1556 ἔλεγον
3075 1487 3426 1528 κατασκε
3448 1456 3488 1526 δ
3508 1459 3579 1525 οἱ·

376 1585 549 1669 ζειν.
578 1585 853 1658 Deinde
887 1601 1407 1656 commemorat
1439 1585 1637 1656 locos
1673 1583 2171 1680 Xenophontis
2199 1599 2270 1655 et
2302 1582 2648 1673 PlatoniS‚
2681 1587 2843 1676 Leg.
2883 1584 2946 1670 Ι,
2986 1605 3060 1677 p.
3101 1579 3271 1675 637,
3314 1585 3395 1649 E.

472 1707 809 1803 Ejusdem
854 1707 1106 1803 capitis
1143 1708 1365 1803 epigr.
1411 1710 1501 1792 42
1537 1706 1629 1776 de
1657 1730 1862 1776 versu
1894 1721 2153 1802 quarto
2185 1707 2486 1778 Meinek.
2525 1705 2599 1775 in
2634 1703 2905 1774 Callim.
2946 1729 3021 1799 p.
3062 1707 3247 1772 XXII
3286 1730 3301 1771 :
3344 1733 3377 1766 (ε
3415 1707 3583 1772 Non

377 1829 596 1900 credo
633 1829 1122 1927 turpissimum
1171 1828 1452 1899 hiatum
1487 1827 1852 1900 admisisse
1889 1829 2355 1927 perelegantis
2402 1830 2737 1900 carminis
2780 1841 3143 1897 auctorem
3167 1881 3185 1915 ,
3236 1828 3361 1924 qui
3410 1831 3585 1898 scri-

379 1955 521 2052 psit
543 2007 562 2042 ,
595 1953 881 2050 opinor,
915 1954 1074 2047 οἱμφὶ
1111 1954 1240 2020 καὶ
1273 1954 1603 2033 ἀθανάτους
1627 2006 1644 2041 ,
1677 1954 1837 2047 ἀμφὶ
1874 1954 2002 2022 καὶ
2026 1958 2323 2047 ἡμιθέους.
2360 1989 2383 2012 ιν
2555 2029 2560 2034 ,

475 2081 557 2146 In
607 2075 990 2145 Plziloclemi
1041 2075 1152 2146 vel
1193 2081 1596 2169 Argentarii
1638 2078 2181 2173 epigrammate,
2222 2080 2341 2162 VI,
2384 2099 2498 2173 ep.
2548 2073 2721 2164 246,
2769 2099 2838 2145 v,
2891 2100 2967 2164 2,
3006 2073 3155 2168 jam
3196 2072 3345 2144 haec
3392 2074 3581 2146 habe

381 2199 848 2270 Lobeckianis
882 2199 1212 2270 certiora.
1275 2203 1526 2269 Narrat
1567 2201 1904 2288 Conzius,
1956 2203 2151 2269 Reise
2180 2199 2325 2294 aus
2332 2199 2463 2269 den
2492 2201 2719 2269 Inseln
2762 2199 2882 2268 des
2927 2199 3351 2269 tlzrakischen
3389 2205 3579 2269 Mee-

386 2349 498 2394 res
532 2321 940 2419 (HannOV.,
995 2322 1262 2419 1860),
1299 2349 1371 2422 p.
1415 2323 1502 2394 28
1543 2351 1558 2394 z
1604 2355 1638 2389 «
1681 2329 1841 2410 Quo
1885 2323 2197 2394 vehebar
2240 2323 2474 2394 mulus
2522 2323 2803 2394 sacculo
2852 2322 3191 2394 coriaceo‘
3225 2322 3581 2393 inclusum

383 2446 674 2517 dentem
705 2445 848 2516 suis
884 2444 988 2514 vel
1025 2447 1181 2543 apri
1228 2447 1303 2516 in
1340 2446 1575 2518 fronte
1613 2446 1966 2543 gestabat3
2016 2448 2337 2541 agagiota
2370 2462 2607 2516 autem
2640 2472 2839 2518 meus
2879 2447 3030 2517 sine
3078 2447 3217 2517 hoc
3266 2447 3585 2518 amuleto

387 2570 820 2640 moriturum
864 2592 1012 2638 esse
1039 2569 1446 2664 jumentum
1477 2572 1663 2641 serio
1707 2571 2107 2641 affirmabat
2137 2569 2365 2666 (χῶρις
2391 2575 2538 2640 αὐτὸ
2586 2573 2901 2675 ἀπεθαίνει.
2934 2573 3002 2639 τὸ
3027 2569 3355 2674 χαϊὲοίνι);
3408 2571 3585 2641 tales

388 2689 710 2762 sacculos
755 2690 934 2760 mala
973 2709 1524 2764 averruncantes
1569 2693 1724 2764 fieri
1775 2694 2396 2793 Constantinopoli
2432 2709 2501 2764 et
2544 2696 2619 2764 in
2656 2693 2827 2772 alias
2871 2699 3210 2789 regiones.
3240 2695 3409 2765 inde
3458 2719 3581 2764 ex-

384 2815 685 2913 portari.
742 2819 913 2902 Quae
949 2813 1372 2914 'superstitio
1413 2815 1609 2888 haud
1647 2817 1866 2888 dubie
1901 2819 2195 2915 antiqua
2250 2843 2541 2916 prorsus
2578 2817 2795 2888 refert
2840 2815 3097 2889 illum’
3068 2811 3133 2887 εν
3166 2811 3429 2915 στέρνοις
3468 2825 3581 2889 κό-

385 2966 538 3033 σμον
583 2932 1128 3035 ὀδοντοφόρον,
1171 2939 1262 3009 de
1312 2966 1458 3036 quo
1514 2940 1867 3011 videndus
1897 2946 2070 3013 Otto
2116 2943 2301 3013 Jahn
2344 2943 2425 3013 in
2482 2942 2841 3012 Beraeclzten
2875 2941 3001 3011 der
3028 2944 3269 3025 soeclesz
3318 2946 3581 3013 Gesell-

382 3060 632 3152 schafi.
671 3060 797 3129 der
831 3065 958 3127 W
931 3087 1046 3132 iss
1081 3086 1174 3131 zu
1204 3066 1514 3157 Leipzig,
1567 3060 1772 3152 1855,
1813 3088 1884 3161 p.
1926 3069 2044 3154 42,
2085 3080 2237 3137 not.
2284 3066 2402 3151 [18.
2442 3094 2476 3129 >2

482 3182 819 3277 Ejusdem
861 3206 1022 3280 cap.
1061 3187 1153 3254 VI
1181 3185 1690 3281 epigrammate
1740 3212 1898 3277 120,
1930 3214 1999 3259 v.
2057 3189 2128 3278 8,
2167 3188 2365 3285 quod
2410 3187 2647 3259 Codex
2684 3187 2953 3284 praebet
2992 3192 3305 3260 αὐλοθετεῖ
3342 3206 3585 3263 tuetur

385 3310 861 3391 Hermannu8‚
897 3305 1172 3375 collatis
1204 3302 1552 3388 ἀοιδοθέτης
1588 3323 1658 3378 et
1689 3314 2038 3404 ὑμνοθέτης,
2078 3336 2312 3407 neque
2340 3312 2732 3381 Minervam
2763 3310 3045 3379 musicis
3072 3313 3585 3385 certaminibus

385 3426 762 3524 praesidere
795 3441 868 3499 et
894 3431 1280 3520 ἀθλοθετεῒν,
1313 3429 1438 3499 sed
1475 3430 1902 3527 Apollinem.
1939 3434 2137 3506 Idem
2176 3438 2622 3504 Hermannus
2658 3433 2734 3502 in
2773 3433 3022 3529 capitis
3063 3436 3119 3501 V
3158 3435 3379 3531 epigr.
3417 3436 3585 3530 206,

386 3578 458 3624 v.
505 3578 568 3643 1,
611 3567 804 3623 recte
837 3553 1241 3626 observavit
1266 3563 1604 3637 τανῆλικας
1634 3582 1780 3628 esse
1793 3576 2151 3655 provectas
2170 3574 2399 3643 oetate,
2428 3583 2575 3629 non
2612 3587 2646 3621 <t
2670 3582 3004 3654 proceras
3031 3583 3335 3657 corpore
3372 3591 3404 3625 2>
3434 3616 3451 3651 ,
3482 3563 3587 3633 uti

387 3672 763 3746 vertebant
792 3674 1073 3746 Jacobs.
1113 3692 1186 3747 et
1220 3679 1740 3751 Boissonadius.

483 3798 744 3894 Capitis
769 3804 980 3893 primi
1015 3800 1091 3869 in
1130 3802 1351 3897 epigr.
1399 3827 1480 3897 71
1527 3802 1986 3877 scribendum
2012 3819 2119 3875 est
2162 3830 2329 3875 cum
2357 3803 2679 3873 Heckero
2712 3828 2788 3900 p.
2834 3828 2857 3869 ῐ
2880 3802 2964 3873 16
3001 3832 3015 3873 ε
3052 3813 3219 3897 Εὐχή
3262 3802 3587 3875 Ἐλισσαίου

390 3918 786 4014 Σωμανίδι
827 3918 1125 4017 δὶς“πορεν
1161 3926 1313 4012 υἱόν,
1347 3949 1482 4021 pro
1527 3928 1853 3997 vocativo
1882 3926 2067 3997 male
2104 3941 2439 4024 correpto
2478 3928 2805 4021 Σωμανίτι.

488 4044 662 4111 Sero
710 4043 1020 4113 vidimus
1054 4069 1212 4140 quae
1249 4070 1460 4142 supra
1498 4072 1572 4144 p.
1615 4052 1858 4137 XVIII,
1905 4047 1979 4138 b,
2023 4049 2115 4119 de
2156 4054 2478 4143 Diogenis
2520 4054 2774 4119 Laertii
2811 4051 3400 4147 epigrammatum
3439 4052 3585 4147 syl-

391 4162 552 4258 loge
580 4164 769 4235 dicta
806 4181 975 4237 sunt
994 4168 1142 4263 jam
1168 4182 1484 4239 correcta
1515 4170 1724 4241 fuisse
1763 4196 1806 4240 a
1845 4171 2277 4243 Benndorfio
2316 4172 2460 4267 (De
2490 4171 2933 4267 Anthologioe
2964 4199 3067 4267 gr.
3112 4176 3585 4273 epigramma-

393 4288 484 4358 tis
511 4288 601 4357 ad
633 4303 818 4359 artes
856 4291 1376 4388 spectantibus)
1409 4318 1482 4389 p.
1522 4292 1639 4383 34,
1670 4292 1789 4365 35.
1824 4298 2094 4365 Omnes
2130 4296 2481 4393 siquidem
2510 4297 2968 4391 neglexerant
2994 4300 3213 4397 ipsius
3250 4300 3587 4393 Diogenis

394 4408 610 4480 verba
648 4415 703 4498 1,
743 4409 938 4508 §39,
959 4420 1261 4508 primum
1299 4415 1519 4485 modo
1557 4416 1803 4485 librum
1841 4419 2078 4514 operis
2108 4430 2230 4504 τῶν
2272 4423 2786 4515 ἐπιγραμμάτων,
2822 4428 2889 4490 in
2918 4447 3050 4517 quo
3080 4422 3255 4492 libro
3294 4430 3439 4519 ipse
3476 4424 3585 4491 lo-

394 4540 631 4630 quitur
655 4532 872 4629 (ibid.
911 4536 948 4627 §
986 4535 1122 4632 63)
1153 4548 1189 4614 ἡ
1234 4540 1607 4634 Πάμμετρος
1635 4541 2059 4638 inscriptum
2094 4540 2304 4611 fuisse
2340 4544 2689 4616 testantis.
2728 4544 2952 4615 Unde·
2964 4545 3125 4639 jure
3162 4570 3295 4616 suo
3354 4545 3593 4617 effecit

395 4656 872 4728 Benndorfius
924 4688 957 4723 t<
1004 4659 1076 4729 in
1115 4661 1406 4758 reliquis
1454 4662 1651 4735 libris
1701 4666 1994 4735 aliorum
2048 4664 2342 4736 infuisse
2390 4681 2763 4763 poetarum
2803 4669 3308 4765 epigrammata
3358 4694 3593 4765 neque

397 4776 541 4849 ulla
578 4779 912 4873 Diogenis
948 4779 1198 4876 ipsius.
1239 4814 1271 4847 ³>
1303 4790 1452 4855 Jam
1476 4812 1698 4883 quum
1726 4803 1983 4883 praeter
2020 4812 2097 4857 ea
2138 4788 2397 4883 quaein
2436 4790 2628 4859 Vitas
2668 4789 3261 4887 philosophorum
3299 4814 3589 4887 recepe-

393 4912 504 4968 rat
551 4923 712 4991 sua,
765 4924 1122 4997 perpauca
1173 4904 1676 5001 epigrammata
1737 4909 2179 5005 Anthologiae
2226 4926 2483 4981 sonent
2535 4912 2968 5009 Diogenem,
3023 4911 3254 4983 videri
3312 4926 3595 5009 poterat

394 5019 733 5118 Cephalas
779 5022 1096 5094 Vitarum
1137 5051 1355 5122 opere
1398 5029 1551 5101 solo
1581 5057 1731 5103 esse
1772 5058 1971 5121 usttS,
2005 5033 2199 5131 quod
2249 5058 2441 5105 nunc
2479 5059 2627 5105 non
2662 5048 2920 5131 potest.
