<?xml version="1.0" encoding="UTF-8"?>
<!DOCTYPE html PUBLIC "-//W3C//DTD XHTML 1.0 Transitional//EN"
    "http://www.w3.org/TR/xhtml1/DTD/xhtml1-transitional.dtd">
<html xmlns="http://www.w3.org/1999/xhtml" xml:lang="en" lang="en">
 <head>
  <title>
</title>
<meta http-equiv="Content-Type" content="text/html;charset=utf-8" />
  <meta name='ocr-system' content='tesseract 3.04.00' />
  <meta name='ocr-capabilities' content='ocr_page ocr_carea ocr_par ocr_line ocrx_word'/>
</head>
<body>
  <div class='ocr_page' id='page_1' title='image "./epigrammatumant00unkngoog_0312.png"; bbox 0 0 3829 5747; ppageno 0'>
   <div class='ocr_carea' id='block_1_1' title="bbox 462 209 2516 282">
    <p class='ocr_par' dir='ltr' id='par_1_1' title="bbox 462 209 2516 282">
     <span class='ocr_line' id='line_1_1' title="bbox 462 209 2516 282; baseline 0.001 -14"><span class='ocrx_word' id='word_1_1' title='bbox 462 210 581 282; x_wconf 64' lang='lat'><strong>278</strong></span> <span class='ocrx_word' id='word_1_2' title='bbox 1564 209 2070 271; x_wconf 85' lang='lat' dir='ltr'><strong>ANTHOLOGIAE</strong></span> <span class='ocrx_word' id='word_1_3' title='bbox 2115 209 2516 272; x_wconf 81' lang='lat' dir='ltr'><strong>PALATINAE</strong></span> 
     </span>
    </p>
   </div>
   <div class='ocr_carea' id='block_1_2' title="bbox 692 341 1757 401">
    <p class='ocr_par' dir='ltr' id='par_1_2' title="bbox 692 341 1757 401">
     <span class='ocr_line' id='line_1_2' title="bbox 692 341 1757 401; baseline 0.002 -2"><span class='ocrx_word' id='word_1_4' title='bbox 692 350 784 399; x_wconf 82' lang='grc'><strong>23.</strong></span> <span class='ocrx_word' id='word_1_5' title='bbox 828 341 1324 400; x_wconf 85' lang='grc' dir='ltr'>ΑΝΤΙΠΑΤΡΟΥ</span> <span class='ocrx_word' id='word_1_6' title='bbox 1374 341 1757 401; x_wconf 82' lang='grc' dir='ltr'>ΣΙΔΩΝῙΟΥ.</span> 
     </span>
    </p>
   </div>
   <div class='ocr_carea' id='block_1_3' title="bbox 452 487 1990 568">
    <p class='ocr_par' dir='ltr' id='par_1_3' title="bbox 452 487 1990 568">
     <span class='ocr_line' id='line_1_3' title="bbox 452 487 1990 568; baseline 0 -19"><span class='ocrx_word' id='word_1_7' title='bbox 452 491 655 549; x_wconf 79' lang='grc' dir='ltr'>Θάλλοι</span> <span class='ocrx_word' id='word_1_8' title='bbox 681 488 1129 566; x_wconf 71' lang='grc' dir='ltr'>τετρακόρυμὸος,</span> <span class='ocrx_word' id='word_1_9' title='bbox 1168 487 1472 566; x_wconf 80' lang='grc' dir='ltr'>Ἀνάκρεον,</span> <span class='ocrx_word' id='word_1_10' title='bbox 1505 490 1643 568; x_wconf 79' lang='grc' dir='ltr'>ἀμφὶ</span> <span class='ocrx_word' id='word_1_11' title='bbox 1684 487 1739 558; x_wconf 77' lang='grc' dir='ltr'>σὲ</span> <span class='ocrx_word' id='word_1_12' title='bbox 1774 490 1951 557; x_wconf 84' lang='grc' dir='ltr'>κισσὸς</span> <span class='ocrx_word' id='word_1_13' title='bbox 1973 534 1990 566; x_wconf 88' lang='grc'>,</span> 
     </span>
    </p>
   </div>
   <div class='ocr_carea' id='block_1_4' title="bbox 446 576 1876 1181">
    <p class='ocr_par' dir='ltr' id='par_1_4' title="bbox 530 576 1639 656">
     <span class='ocr_line' id='line_1_4' title="bbox 530 576 1639 656; baseline -0.002 -20"><span class='ocrx_word' id='word_1_14' title='bbox 530 577 668 653; x_wconf 77' lang='grc' dir='ltr'>ἇὸρά</span> <span class='ocrx_word' id='word_1_15' title='bbox 693 600 748 634; x_wconf 86' lang='grc' dir='ltr'><strong>τε</strong></span> <span class='ocrx_word' id='word_1_16' title='bbox 777 576 1043 652; x_wconf 79' lang='grc' dir='ltr'>λειμώνων</span> <span class='ocrx_word' id='word_1_17' title='bbox 1072 577 1372 656; x_wconf 74' lang='grc' dir='ltr'>πορφυρέων</span> <span class='ocrx_word' id='word_1_18' title='bbox 1402 576 1606 637; x_wconf 81' lang='grc' dir='ltr'>πέταλα</span> <span class='ocrx_word' id='word_1_19' title='bbox 1625 600 1639 614; x_wconf 90' lang='grc'><em>·</em></span> 
     </span>
    </p>

    <p class='ocr_par' dir='ltr' id='par_1_5' title="bbox 450 663 1750 830">
     <span class='ocr_line' id='line_1_5' title="bbox 450 663 1750 742; baseline 0.002 -22"><span class='ocrx_word' id='word_1_20' title='bbox 450 666 616 740; x_wconf 76' lang='grc' dir='ltr'>πηγαὶ</span> <span class='ocrx_word' id='word_1_21' title='bbox 652 666 696 720; x_wconf 90' lang='grc' dir='ltr'><strong>δ’</strong></span> <span class='ocrx_word' id='word_1_22' title='bbox 727 663 1049 742; x_wconf 84' lang='grc' dir='ltr'>ἀργινόεντος</span> <span class='ocrx_word' id='word_1_23' title='bbox 1078 664 1439 723; x_wconf 77' lang='grc' dir='ltr'>ἀναθλίὸοιντο</span> <span class='ocrx_word' id='word_1_24' title='bbox 1456 667 1715 740; x_wconf 77' lang='grc' dir='ltr'>γάλακτος</span> <span class='ocrx_word' id='word_1_25' title='bbox 1733 711 1750 740; x_wconf 82' lang='grc'>,</span> 
     </span>
     <span class='ocr_line' id='line_1_6' title="bbox 531 751 1553 830; baseline 0 -20"><span class='ocrx_word' id='word_1_26' title='bbox 531 753 713 817; x_wconf 85' lang='grc' dir='ltr'>εὐῶδες</span> <span class='ocrx_word' id='word_1_27' title='bbox 744 752 791 808; x_wconf 81' lang='grc' dir='ltr'><strong>δ’</strong></span> <span class='ocrx_word' id='word_1_28' title='bbox 820 752 925 816; x_wconf 81' lang='grc' dir='ltr'>ἀπὸ</span> <span class='ocrx_word' id='word_1_29' title='bbox 947 752 1161 829; x_wconf 54' lang='lat' dir='ltr'><strong>fig-affl</strong></span> <span class='ocrx_word' id='word_1_30' title='bbox 1189 751 1365 830; x_wconf 83' lang='grc' dir='ltr'>χέοιτο</span> <span class='ocrx_word' id='word_1_31' title='bbox 1392 751 1519 829; x_wconf 85' lang='grc' dir='ltr'>μέθυ</span> <span class='ocrx_word' id='word_1_32' title='bbox 1536 796 1553 825; x_wconf 93' lang='grc'>,</span> 
     </span>
    </p>

    <p class='ocr_par' dir='ltr' id='par_1_6' title="bbox 448 835 1847 1004">
     <span class='ocr_line' id='line_1_7' title="bbox 448 835 1847 918; baseline 0.001 -24"><span class='ocrx_word' id='word_1_33' title='bbox 448 837 581 917; x_wconf 75' lang='grc' dir='ltr'>ὄφρα</span> <span class='ocrx_word' id='word_1_34' title='bbox 608 837 667 896; x_wconf 83' lang='grc' dir='ltr'><strong>κέ</strong></span> <span class='ocrx_word' id='word_1_35' title='bbox 693 839 772 896; x_wconf 77' lang='grc' dir='ltr'><strong>τοὶ</strong></span> <span class='ocrx_word' id='word_1_36' title='bbox 802 838 994 909; x_wconf 81' lang='grc' dir='ltr'>σποδιή</span> <span class='ocrx_word' id='word_1_37' title='bbox 1022 861 1077 896; x_wconf 84' lang='grc' dir='ltr'><strong>τε</strong></span> <span class='ocrx_word' id='word_1_38' title='bbox 1118 837 1205 897; x_wconf 78' lang='grc' dir='ltr'>καὶ</span> <span class='ocrx_word' id='word_1_39' title='bbox 1233 838 1390 897; x_wconf 82' lang='grc' dir='ltr'>ὀστέα</span> <span class='ocrx_word' id='word_1_40' title='bbox 1415 835 1593 918; x_wconf 72' lang='grc' dir='ltr'>τέρψιν</span> <span class='ocrx_word' id='word_1_41' title='bbox 1624 838 1847 916; x_wconf 85' lang='grc' dir='ltr'>ἄρηται,</span> 
     </span>
     <span class='ocr_line' id='line_1_8' title="bbox 528 926 1754 1004; baseline -0.001 -20"><span class='ocrx_word' id='word_1_42' title='bbox 528 929 573 984; x_wconf 84' lang='grc' dir='ltr'>εἶ</span> <span class='ocrx_word' id='word_1_43' title='bbox 602 928 665 996; x_wconf 81' lang='grc' dir='ltr'><strong>δή</strong></span> <span class='ocrx_word' id='word_1_44' title='bbox 695 949 771 993; x_wconf 85' lang='grc' dir='ltr'><strong>τις</strong></span> <span class='ocrx_word' id='word_1_45' title='bbox 799 926 1061 1004; x_wconf 79' lang='grc' dir='ltr'>φθιμένοις</span> <span class='ocrx_word' id='word_1_46' title='bbox 1092 926 1412 1003; x_wconf 80' lang='grc' dir='ltr'>χρίμπτεται</span> <span class='ocrx_word' id='word_1_47' title='bbox 1442 927 1754 1004; x_wconf 75' lang='grc' dir='ltr'>εὐφροσύνα,</span> 
     </span>
    </p>

    <p class='ocr_par' dir='ltr' id='par_1_7' title="bbox 446 1001 1876 1181">
     <span class='ocr_line' id='line_1_9' title="bbox 446 1001 1876 1094; baseline 0.003 -26"><span class='ocrx_word' id='word_1_48' title='bbox 446 1001 490 1080; x_wconf 71' lang='grc' dir='ltr'><em>ὦ</em></span> <span class='ocrx_word' id='word_1_49' title='bbox 520 1013 579 1071; x_wconf 83' lang='grc' dir='ltr'>τὸ</span> <span class='ocrx_word' id='word_1_50' title='bbox 606 1014 751 1094; x_wconf 81' lang='grc' dir='ltr'>φίλον</span> <span class='ocrx_word' id='word_1_51' title='bbox 774 1010 1019 1092; x_wconf 77' lang='grc' dir='ltr'>στέρξας,</span> <span class='ocrx_word' id='word_1_52' title='bbox 1050 1015 1192 1094; x_wconf 73' lang='grc' dir='ltr'>φίλε,</span> <span class='ocrx_word' id='word_1_53' title='bbox 1223 1012 1497 1094; x_wconf 74' lang='grc' dir='ltr'>βάρὸιτον,</span> <span class='ocrx_word' id='word_1_54' title='bbox 1526 1005 1571 1072; x_wconf 71' lang='grc' dir='ltr'>ὦ</span> <span class='ocrx_word' id='word_1_55' title='bbox 1602 1013 1695 1080; x_wconf 78' lang='grc' dir='ltr'><strong>σὺν</strong></span> <span class='ocrx_word' id='word_1_56' title='bbox 1724 1015 1876 1094; x_wconf 75' lang='grc' dir='ltr'>ἀοιδᾷ</span> 
     </span>
     <span class='ocr_line' id='line_1_10' title="bbox 524 1099 1596 1181; baseline 0.006 -23"><span class='ocrx_word' id='word_1_57' title='bbox 524 1103 696 1160; x_wconf 85' lang='grc' dir='ltr'>πάντα</span> <span class='ocrx_word' id='word_1_58' title='bbox 723 1099 1021 1174; x_wconf 74' lang='grc' dir='ltr'>διεκπλώσας</span> <span class='ocrx_word' id='word_1_59' title='bbox 1047 1103 1136 1161; x_wconf 83' lang='grc' dir='ltr'>καὶ</span> <span class='ocrx_word' id='word_1_60' title='bbox 1166 1102 1259 1161; x_wconf 78' lang='grc' dir='ltr'><strong>σὺν</strong></span> <span class='ocrx_word' id='word_1_61' title='bbox 1290 1102 1444 1181; x_wconf 84' lang='grc' dir='ltr'>ἔρωτι</span> <span class='ocrx_word' id='word_1_62' title='bbox 1468 1103 1596 1181; x_wconf 87' lang='grc' dir='ltr'>βίον.</span> 
     </span>
    </p>
   </div>
   <div class='ocr_carea' id='block_1_5' title="bbox 923 1260 1515 1321">
    <p class='ocr_par' dir='ltr' id='par_1_8' title="bbox 923 1260 1515 1321">
     <span class='ocr_line' id='line_1_11' title="bbox 923 1260 1515 1321; baseline 0.002 -4"><span class='ocrx_word' id='word_1_63' title='bbox 923 1268 1021 1318; x_wconf 81' lang='lat'><strong>24.</strong></span> <span class='ocrx_word' id='word_1_64' title='bbox 1077 1260 1515 1321; x_wconf 83' lang='grc' dir='ltr'>ΣΙΜΩΝΙΔΟΥ.</span> 
     </span>
    </p>
   </div>
   <div class='ocr_carea' id='block_1_6' title="bbox 424 1411 1909 2282">
    <p class='ocr_par' dir='ltr' id='par_1_9' title="bbox 446 1411 1909 1580">
     <span class='ocr_line' id='line_1_12' title="bbox 446 1411 1909 1494; baseline 0.001 -24"><span class='ocrx_word' id='word_1_65' title='bbox 446 1412 641 1494; x_wconf 65' lang='grc' dir='ltr'><strong>ςΗμερὶ</strong></span> <span class='ocrx_word' id='word_1_66' title='bbox 662 1415 1079 1492; x_wconf 80' lang='grc' dir='ltr'>πανθέλκτειρα,·</span> <span class='ocrx_word' id='word_1_67' title='bbox 1117 1411 1436 1492; x_wconf 81' lang='grc' dir='ltr'>μιθυτρόφε,</span> <span class='ocrx_word' id='word_1_68' title='bbox 1467 1415 1635 1492; x_wconf 78' lang='grc' dir='ltr'>μῆτερ</span> <span class='ocrx_word' id='word_1_69' title='bbox 1668 1412 1909 1493; x_wconf 76' lang='grc' dir='ltr'>ὀπώρας,</span> 
     </span>
     <span class='ocr_line' id='line_1_13' title="bbox 526 1499 1598 1580; baseline 0 -21"><span class='ocrx_word' id='word_1_70' title='bbox 526 1503 680 1573; x_wconf 82' lang='grc' dir='ltr'>οὔλης</span> <span class='ocrx_word' id='word_1_71' title='bbox 700 1501 735 1572; x_wconf 71' lang='grc' dir='ltr'>ἢ</span> <span class='ocrx_word' id='word_1_72' title='bbox 764 1501 967 1562; x_wconf 76' lang='grc' dir='ltr'>σκολιὸν</span> <span class='ocrx_word' id='word_1_73' title='bbox 984 1499 1207 1579; x_wconf 31' lang='grc' dir='ltr'>,πλέγμα</span> <span class='ocrx_word' id='word_1_74' title='bbox 1231 1499 1373 1580; x_wconf 78' lang='grc' dir='ltr'>φύεις</span> <span class='ocrx_word' id='word_1_75' title='bbox 1400 1499 1598 1572; x_wconf 77' lang='grc' dir='ltr'>ἕλικος,</span> 
     </span>
    </p>

    <p class='ocr_par' dir='ltr' id='par_1_10' title="bbox 444 1586 1628 1755">
     <span class='ocr_line' id='line_1_14' title="bbox 444 1586 1551 1666; baseline -0.001 -20"><span class='ocrx_word' id='word_1_76' title='bbox 444 1586 610 1658; x_wconf 77' lang='grc' dir='ltr'>Τηΐου</span> <span class='ocrx_word' id='word_1_77' title='bbox 636 1586 889 1659; x_wconf 75' lang='grc' dir='ltr'>ἡὸήσειας</span> <span class='ocrx_word' id='word_1_78' title='bbox 912 1587 1287 1665; x_wconf 79' lang='grc' dir='ltr'>Ἀνακρείοντος</span> <span class='ocrx_word' id='word_1_79' title='bbox 1308 1586 1389 1645; x_wconf 79' lang='grc' dir='ltr'>ἐπ’</span> <span class='ocrx_word' id='word_1_80' title='bbox 1414 1588 1551 1666; x_wconf 83' lang='grc' dir='ltr'>ἄκρῃ</span> 
     </span>
     <span class='ocr_line' id='line_1_15' title="bbox 524 1674 1628 1755; baseline 0.002 -24"><span class='ocrx_word' id='word_1_81' title='bbox 524 1675 689 1753; x_wconf 83' lang='grc' dir='ltr'>στήλῃ</span> <span class='ocrx_word' id='word_1_82' title='bbox 712 1674 800 1733; x_wconf 81' lang='grc' dir='ltr'>καὶ</span> <span class='ocrx_word' id='word_1_83' title='bbox 822 1677 997 1755; x_wconf 77' lang='grc' dir='ltr'>λεπτῷ</span> <span class='ocrx_word' id='word_1_84' title='bbox 1024 1675 1235 1754; x_wconf 81' lang='grc' dir='ltr'>χώματι</span> <span class='ocrx_word' id='word_1_85' title='bbox 1256 1677 1401 1732; x_wconf 81' lang='grc' dir='ltr'>τοῦδε</span> <span class='ocrx_word' id='word_1_86' title='bbox 1430 1675 1593 1753; x_wconf 84' lang='grc' dir='ltr'>τάφου</span> <span class='ocrx_word' id='word_1_87' title='bbox 1613 1721 1628 1750; x_wconf 89' lang='grc'>,</span> 
     </span>
    </p>

    <p class='ocr_par' dir='ltr' id='par_1_11' title="bbox 442 1761 1714 1931">
     <span class='ocr_line' id='line_1_16' title="bbox 442 1761 1714 1844; baseline -0.001 -24"><span class='ocrx_word' id='word_1_88' title='bbox 442 1763 513 1830; x_wconf 81' lang='grc' dir='ltr'><strong>ὡς</strong></span> <span class='ocrx_word' id='word_1_89' title='bbox 530 1766 557 1821; x_wconf 80' lang='grc' dir='ltr'><strong>ὃ</strong></span> <span class='ocrx_word' id='word_1_90' title='bbox 582 1763 895 1844; x_wconf 83' lang='grc' dir='ltr'>φιλάκρητός</span> <span class='ocrx_word' id='word_1_91' title='bbox 911 1787 967 1822; x_wconf 87' lang='grc' dir='ltr'><strong>τε</strong></span> <span class='ocrx_word' id='word_1_92' title='bbox 994 1763 1084 1821; x_wconf 86' lang='grc' dir='ltr'>καὶ</span> <span class='ocrx_word' id='word_1_93' title='bbox 1104 1761 1375 1841; x_wconf 77' lang='grc' dir='ltr'>σῖνοβαρὴς</span> <span class='ocrx_word' id='word_1_94' title='bbox 1398 1762 1714 1842; x_wconf 81' lang='grc' dir='ltr'>φιλοκώμοις</span> 
     </span>
     <span class='ocr_line' id='line_1_17' title="bbox 522 1851 1694 1931; baseline -0.002 -22"><span class='ocrx_word' id='word_1_95' title='bbox 522 1852 826 1931; x_wconf 79' lang='grc' dir='ltr'>παννυχίσιν</span> <span class='ocrx_word' id='word_1_96' title='bbox 851 1851 1053 1930; x_wconf 74' lang='grc' dir='ltr'>κρούων,</span> <span class='ocrx_word' id='word_1_97' title='bbox 1079 1851 1172 1921; x_wconf 74' lang='grc' dir='ltr'><strong>τὴν</strong></span> <span class='ocrx_word' id='word_1_98' title='bbox 1194 1851 1479 1928; x_wconf 65' lang='grc' dir='ltr'>φιλόπαιδα</span> <span class='ocrx_word' id='word_1_99' title='bbox 1502 1851 1660 1929; x_wconf 79' lang='grc' dir='ltr'>χέλυν</span> <span class='ocrx_word' id='word_1_100' title='bbox 1680 1895 1694 1920; x_wconf 91' lang='grc'>,</span> 
     </span>
    </p>

    <p class='ocr_par' dir='ltr' id='par_1_12' title="bbox 442 1937 1796 2020">
     <span class='ocr_line' id='line_1_18' title="bbox 442 1937 1796 2020; baseline -0.004 -21"><span class='ocrx_word' id='word_1_101' title='bbox 442 1944 537 2011; x_wconf 78' lang='grc' dir='ltr'><strong>κήν</strong></span> <span class='ocrx_word' id='word_1_102' title='bbox 566 1941 716 2018; x_wconf 79' lang='grc' dir='ltr'>χθονὶ</span> <span class='ocrx_word' id='word_1_103' title='bbox 746 1939 1021 2014; x_wconf 78' lang='grc' dir='ltr'>πεπτηὼς,</span> <span class='ocrx_word' id='word_1_104' title='bbox 1050 1941 1278 2018; x_wconf 69' lang='grc' dir='ltr'>κεφαλῆς</span> <span class='ocrx_word' id='word_1_105' title='bbox 1309 1939 1555 2018; x_wconf 75' lang='grc' dir='ltr'>ἐφύπερθε</span> <span class='ocrx_word' id='word_1_106' title='bbox 1591 1937 1796 2020; x_wconf 83' lang='grc' dir='ltr'>φέροιτο</span> 
     </span>
    </p>

    <p class='ocr_par' dir='ltr' id='par_1_13' title="bbox 424 2028 1637 2108">
     <span class='ocr_line' id='line_1_19' title="bbox 424 2028 1637 2108; baseline -0.002 -22"><span class='ocrx_word' id='word_1_107' title='bbox 424 2053 429 2060; x_wconf 95' lang='grc'><em>·</em></span> <span class='ocrx_word' id='word_1_108' title='bbox 522 2029 714 2108; x_wconf 79' lang='grc' dir='ltr'>ἀγλαὸν</span> <span class='ocrx_word' id='word_1_109' title='bbox 741 2029 947 2108; x_wconf 83' lang='grc' dir='ltr'>ὡραίων</span> <span class='ocrx_word' id='word_1_110' title='bbox 974 2030 1160 2107; x_wconf 85' lang='grc' dir='ltr'>βότρυν</span> <span class='ocrx_word' id='word_1_111' title='bbox 1188 2029 1285 2085; x_wconf 74' lang='grc' dir='ltr'>ἀπ’</span> <span class='ocrx_word' id='word_1_112' title='bbox 1306 2028 1605 2106; x_wconf 79' lang='grc' dir='ltr'>ἀκρεμόνων</span> <span class='ocrx_word' id='word_1_113' title='bbox 1623 2074 1637 2099; x_wconf 84' lang='grc'>,</span> 
     </span>
    </p>

    <p class='ocr_par' dir='ltr' id='par_1_14' title="bbox 442 2107 1757 2282">
     <span class='ocr_line' id='line_1_20' title="bbox 442 2107 1757 2194; baseline -0.003 -19"><span class='ocrx_word' id='word_1_114' title='bbox 442 2115 533 2175; x_wconf 86' lang='grc' dir='ltr'>καί</span> <span class='ocrx_word' id='word_1_115' title='bbox 562 2139 648 2192; x_wconf 90' lang='grc' dir='ltr'><strong>μιν</strong></span> <span class='ocrx_word' id='word_1_116' title='bbox 677 2117 759 2174; x_wconf 77' lang='grc' dir='ltr'>ἀεὶ</span> <span class='ocrx_word' id='word_1_117' title='bbox 786 2115 959 2193; x_wconf 83' lang='grc' dir='ltr'>τέγγοι</span> <span class='ocrx_word' id='word_1_118' title='bbox 986 2113 1167 2193; x_wconf 81' lang='grc' dir='ltr'>νοτερὴ</span> <span class='ocrx_word' id='word_1_119' title='bbox 1194 2113 1402 2194; x_wconf 83' lang='grc' dir='ltr'>δρόσος,</span> <span class='ocrx_word' id='word_1_120' title='bbox 1423 2107 1485 2185; x_wconf 66' lang='grc' dir='ltr'><strong>ἧς</strong></span> <span class='ocrx_word' id='word_1_121' title='bbox 1504 2119 1530 2172; x_wconf 84' lang='grc' dir='ltr'>ὃ</span> <span class='ocrx_word' id='word_1_122' title='bbox 1553 2115 1757 2193; x_wconf 70' lang='grc' dir='ltr'>γεραιὸς</span> 
     </span>
     <span class='ocr_line' id='line_1_21' title="bbox 520 2201 1710 2282; baseline -0.001 -21"><span class='ocrx_word' id='word_1_123' title='bbox 520 2205 799 2282; x_wconf 85' lang='grc' dir='ltr'>λαρότερον</span> <span class='ocrx_word' id='word_1_124' title='bbox 829 2205 1084 2279; x_wconf 83' lang='grc' dir='ltr'>μαλακῶν</span> <span class='ocrx_word' id='word_1_125' title='bbox 1114 2201 1291 2260; x_wconf 83' lang='grc' dir='ltr'>ἔπνεεν</span> <span class='ocrx_word' id='word_1_126' title='bbox 1330 2205 1389 2259; x_wconf 80' lang='grc' dir='ltr'><strong>ἐκ</strong></span> <span class='ocrx_word' id='word_1_127' title='bbox 1414 2202 1710 2277; x_wconf 82' lang='grc' dir='ltr'>στομάτων.</span> 
     </span>
    </p>
   </div>
   <div class='ocr_carea' id='block_1_7' title="bbox 949 2366 1456 2415">
    <p class='ocr_par' dir='ltr' id='par_1_15' title="bbox 949 2366 1456 2415">
     <span class='ocr_line' id='line_1_22' title="bbox 949 2366 1456 2415; baseline -0.006 0"><span class='ocrx_word' id='word_1_128' title='bbox 949 2366 1037 2415; x_wconf 80' lang='lat'><strong>25.</strong></span> <span class='ocrx_word' id='word_1_129' title='bbox 1084 2368 1203 2412; x_wconf 82' lang='grc' dir='ltr'><strong>ΤΟΥ</strong></span> <span class='ocrx_word' id='word_1_130' title='bbox 1241 2367 1456 2412; x_wconf 71' lang='grc' dir='ltr'>ΑΥΤΟΥ.</span> 
     </span>
    </p>
   </div>
   <div class='ocr_carea' id='block_1_8' title="bbox 442 2495 1918 3370">
    <p class='ocr_par' dir='ltr' id='par_1_16' title="bbox 444 2495 1881 2665">
     <span class='ocr_line' id='line_1_23' title="bbox 444 2495 1881 2578; baseline -0.004 -16"><span class='ocrx_word' id='word_1_131' title='bbox 444 2495 608 2570; x_wconf 70' lang='grc' dir='ltr'>Οὗτος</span> <span class='ocrx_word' id='word_1_132' title='bbox 638 2499 995 2578; x_wconf 74' lang='grc' dir='ltr'>Ἀνακρείοντα</span> <span class='ocrx_word' id='word_1_133' title='bbox 1014 2545 1031 2572; x_wconf 92' lang='grc'>,</span> <span class='ocrx_word' id='word_1_134' title='bbox 1058 2499 1147 2557; x_wconf 83' lang='grc' dir='ltr'><strong>τὸν</strong></span> <span class='ocrx_word' id='word_1_135' title='bbox 1185 2499 1394 2578; x_wconf 78' lang='grc' dir='ltr'>ἄφθιτον</span> <span class='ocrx_word' id='word_1_136' title='bbox 1422 2497 1591 2557; x_wconf 72' lang='grc' dir='ltr'>εἵνεκα</span> <span class='ocrx_word' id='word_1_137' title='bbox 1622 2498 1881 2563; x_wconf 81' lang='grc' dir='ltr'>Μουσέων,</span> 
     </span>
     <span class='ocr_line' id='line_1_24' title="bbox 522 2586 1673 2665; baseline -0.003 -19"><span class='ocrx_word' id='word_1_138' title='bbox 522 2589 837 2665; x_wconf 83' lang='grc' dir='ltr'>ὖμνοπόλον,</span> <span class='ocrx_word' id='word_1_139' title='bbox 863 2589 1069 2665; x_wconf 77' lang='grc' dir='ltr'>πάτρης</span> <span class='ocrx_word' id='word_1_140' title='bbox 1100 2586 1295 2664; x_wconf 74' lang='grc' dir='ltr'>τύμὸος</span> <span class='ocrx_word' id='word_1_141' title='bbox 1322 2587 1507 2658; x_wconf 27' lang='grc' dir='ltr'>ἔδεκτο,</span> <span class='ocrx_word' id='word_1_142' title='bbox 1528 2586 1673 2659; x_wconf 87' lang='grc' dir='ltr'>Τέω,</span> 
     </span>
    </p>

    <p class='ocr_par' dir='ltr' id='par_1_17' title="bbox 442 2674 1870 2844">
     <span class='ocr_line' id='line_1_25' title="bbox 442 2674 1870 2759; baseline -0.005 -22"><span class='ocrx_word' id='word_1_143' title='bbox 442 2679 495 2746; x_wconf 75' lang='grc' dir='ltr'><strong>ὃς</strong></span> <span class='ocrx_word' id='word_1_144' title='bbox 521 2679 769 2759; x_wconf 82' lang='grc' dir='ltr'>Χαρίτων</span> <span class='ocrx_word' id='word_1_145' title='bbox 801 2675 1040 2735; x_wconf 89' lang='grc' dir='ltr'>πνείοντα</span> <span class='ocrx_word' id='word_1_146' title='bbox 1072 2678 1203 2751; x_wconf 88' lang='grc' dir='ltr'>μέλη</span> <span class='ocrx_word' id='word_1_147' title='bbox 1221 2722 1236 2748; x_wconf 83' lang='grc'>,</span> <span class='ocrx_word' id='word_1_148' title='bbox 1254 2675 1495 2736; x_wconf 87' lang='grc' dir='ltr'>πνείοντα</span> <span class='ocrx_word' id='word_1_149' title='bbox 1517 2677 1563 2732; x_wconf 81' lang='grc' dir='ltr'><strong>δ’</strong></span> <span class='ocrx_word' id='word_1_150' title='bbox 1588 2674 1833 2754; x_wconf 83' lang='grc' dir='ltr'>Ἐρώτων</span> <span class='ocrx_word' id='word_1_151' title='bbox 1856 2721 1870 2747; x_wconf 87' lang='grc'>,</span> 
     </span>
     <span class='ocr_line' id='line_1_26' title="bbox 519 2763 1659 2844; baseline -0.004 -20"><span class='ocrx_word' id='word_1_152' title='bbox 519 2767 605 2825; x_wconf 84' lang='grc' dir='ltr'><strong>τὸν</strong></span> <span class='ocrx_word' id='word_1_153' title='bbox 636 2765 827 2844; x_wconf 79' lang='grc' dir='ltr'>γλυκὺν</span> <span class='ocrx_word' id='word_1_154' title='bbox 857 2767 906 2830; x_wconf 84' lang='grc' dir='ltr'><strong>ἐς</strong></span> <span class='ocrx_word' id='word_1_155' title='bbox 930 2764 1130 2824; x_wconf 87' lang='grc' dir='ltr'>παίδων</span> <span class='ocrx_word' id='word_1_156' title='bbox 1160 2763 1339 2842; x_wconf 77' lang='grc' dir='ltr'>ἵμερον</span> <span class='ocrx_word' id='word_1_157' title='bbox 1366 2765 1659 2842; x_wconf 79' lang='grc' dir='ltr'>ἡρμόσατο.</span> 
     </span>
    </p>

    <p class='ocr_par' dir='ltr' id='par_1_18' title="bbox 442 2850 1918 3019">
     <span class='ocr_line' id='line_1_27' title="bbox 442 2850 1918 2932; baseline -0.003 -16"><span class='ocrx_word' id='word_1_158' title='bbox 442 2857 647 2916; x_wconf 77' lang='grc' dir='ltr'>Μοῢνον</span> <span class='ocrx_word' id='word_1_159' title='bbox 676 2854 723 2913; x_wconf 89' lang='grc' dir='ltr'><strong>δ’</strong></span> <span class='ocrx_word' id='word_1_160' title='bbox 748 2858 821 2913; x_wconf 81' lang='grc' dir='ltr'><strong>εἶν</strong></span> <span class='ocrx_word' id='word_1_161' title='bbox 844 2853 1107 2931; x_wconf 80' lang='grc' dir='ltr'>Ἀχέροντι</span> <span class='ocrx_word' id='word_1_162' title='bbox 1139 2852 1450 2932; x_wconf 78' lang='grc' dir='ltr'>βαρύνεται,</span> <span class='ocrx_word' id='word_1_163' title='bbox 1490 2853 1587 2931; x_wconf 75' lang='grc' dir='ltr'><strong>οὐχ</strong></span> <span class='ocrx_word' id='word_1_164' title='bbox 1612 2850 1694 2911; x_wconf 80' lang='grc' dir='ltr'><strong>ὅτι</strong></span> <span class='ocrx_word' id='word_1_165' title='bbox 1718 2852 1918 2915; x_wconf 81' lang='grc' dir='ltr'>λείπων,</span> 
     </span>
     <span class='ocr_line' id='line_1_28' title="bbox 520 2940 1556 3019; baseline -0.002 -19"><span class='ocrx_word' id='word_1_166' title='bbox 520 2943 719 3015; x_wconf 72' lang='grc' dir='ltr'>ἠέλιον,</span> <span class='ocrx_word' id='word_1_167' title='bbox 740 2942 916 3012; x_wconf 81' lang='grc' dir='ltr'>Λήθης</span> <span class='ocrx_word' id='word_1_168' title='bbox 942 2940 1109 2999; x_wconf 77' lang='grc' dir='ltr'>ἐνθάδ’</span> <span class='ocrx_word' id='word_1_169' title='bbox 1138 2941 1323 3019; x_wconf 83' lang='grc' dir='ltr'>ἔκυρσε</span> <span class='ocrx_word' id='word_1_170' title='bbox 1351 2941 1523 3017; x_wconf 85' lang='grc' dir='ltr'>δόμων</span> <span class='ocrx_word' id='word_1_171' title='bbox 1542 2963 1556 2978; x_wconf 88' lang='grc'><em>·</em></span> 
     </span>
    </p>

    <p class='ocr_par' dir='ltr' id='par_1_19' title="bbox 444 3028 1779 3193">
     <span class='ocr_line' id='line_1_29' title="bbox 444 3028 1779 3109; baseline 0 -22"><span class='ocrx_word' id='word_1_172' title='bbox 444 3031 563 3087; x_wconf 81' lang='grc' dir='ltr'>ἀλλ’</span> <span class='ocrx_word' id='word_1_173' title='bbox 593 3028 674 3087; x_wconf 83' lang='grc' dir='ltr'><strong>ὅτι</strong></span> <span class='ocrx_word' id='word_1_174' title='bbox 696 3029 784 3087; x_wconf 81' lang='grc' dir='ltr'><strong>τὸν</strong></span> <span class='ocrx_word' id='word_1_175' title='bbox 809 3029 1062 3109; x_wconf 74' lang='grc' dir='ltr'>χαρίεντα</span> <span class='ocrx_word' id='word_1_176' title='bbox 1090 3028 1202 3104; x_wconf 85' lang='grc' dir='ltr'>μετ’</span> <span class='ocrx_word' id='word_1_177' title='bbox 1230 3031 1452 3099; x_wconf 82' lang='grc' dir='ltr'>ἠϊθέοισι</span> <span class='ocrx_word' id='word_1_178' title='bbox 1481 3030 1779 3107; x_wconf 79' lang='grc' dir='ltr'>Μεγιστέα,</span> 
     </span>
     <span class='ocr_line' id='line_1_30' title="bbox 521 3114 1671 3193; baseline 0 -18"><span class='ocrx_word' id='word_1_179' title='bbox 521 3116 610 3175; x_wconf 75' lang='grc' dir='ltr'>καὶ</span> <span class='ocrx_word' id='word_1_180' title='bbox 637 3117 724 3175; x_wconf 80' lang='grc' dir='ltr'><strong>τὸν</strong></span> <span class='ocrx_word' id='word_1_181' title='bbox 754 3116 1033 3193; x_wconf 72' lang='grc' dir='ltr'>Σμερδίεω</span> <span class='ocrx_word' id='word_1_182' title='bbox 1048 3118 1239 3193; x_wconf 79' lang='grc' dir='ltr'>Θρῇκα</span> <span class='ocrx_word' id='word_1_183' title='bbox 1261 3114 1471 3173; x_wconf 87' lang='grc' dir='ltr'>λέλοιπε</span> <span class='ocrx_word' id='word_1_184' title='bbox 1494 3117 1671 3175; x_wconf 84' lang='grc' dir='ltr'>πόθον.</span> 
     </span>
    </p>

    <p class='ocr_par' dir='ltr' id='par_1_20' title="bbox 442 3201 1833 3370">
     <span class='ocr_line' id='line_1_31' title="bbox 442 3201 1833 3281; baseline -0.004 -17"><span class='ocrx_word' id='word_1_185' title='bbox 442 3206 666 3272; x_wconf 81' lang='grc' dir='ltr'>Μολπῆς</span> <span class='ocrx_word' id='word_1_186' title='bbox 692 3204 734 3261; x_wconf 81' lang='grc' dir='ltr'><strong>δ’</strong></span> <span class='ocrx_word' id='word_1_187' title='bbox 762 3206 819 3261; x_wconf 82' lang='grc' dir='ltr'><strong>οὐ</strong></span> <span class='ocrx_word' id='word_1_188' title='bbox 836 3202 987 3279; x_wconf 80' lang='grc' dir='ltr'>λήγει</span> <span class='ocrx_word' id='word_1_189' title='bbox 1013 3201 1345 3281; x_wconf 82' lang='grc' dir='ltr'>μελιτερπέος</span> <span class='ocrx_word' id='word_1_190' title='bbox 1363 3249 1385 3280; x_wconf 68' lang='grc'>,</span> <span class='ocrx_word' id='word_1_191' title='bbox 1402 3202 1520 3261; x_wconf 86' lang='grc' dir='ltr'>ἀλλ’</span> <span class='ocrx_word' id='word_1_192' title='bbox 1538 3202 1611 3262; x_wconf 84' lang='grc' dir='ltr'>ἔτ’</span> <span class='ocrx_word' id='word_1_193' title='bbox 1640 3208 1833 3263; x_wconf 80' lang='grc' dir='ltr'>ἐκεῖνον</span> 
     </span>
     <span class='ocr_line' id='line_1_32' title="bbox 526 3287 1631 3370; baseline 0.003 -23"><span class='ocrx_word' id='word_1_194' title='bbox 526 3289 768 3370; x_wconf 76' lang='grc' dir='ltr'>βάρὸιτον</span> <span class='ocrx_word' id='word_1_195' title='bbox 790 3289 905 3349; x_wconf 79' lang='grc' dir='ltr'>οὐδὲ</span> <span class='ocrx_word' id='word_1_196' title='bbox 939 3289 1103 3346; x_wconf 81' lang='grc' dir='ltr'>θανὼν</span> <span class='ocrx_word' id='word_1_197' title='bbox 1128 3287 1340 3360; x_wconf 51' lang='grc' dir='ltr'>εὔνασεν</span> <span class='ocrx_word' id='word_1_198' title='bbox 1363 3294 1437 3348; x_wconf 79' lang='grc' dir='ltr'><strong>εἰν</strong></span> <span class='ocrx_word' id='word_1_199' title='bbox 1466 3290 1631 3368; x_wconf 75' lang='grc' dir='ltr'>Ἀΐδῃ.</span> 
     </span>
    </p>
   </div>
   <div class='ocr_carea' id='block_1_9' title="bbox 462 3430 731 3443">
    <p class='ocr_par' dir='ltr' id='par_1_21' title="bbox 462 3430 731 3443">
     <span class='ocr_line' id='line_1_33' title="bbox 462 3430 731 3443; baseline 0 2304"><span class='ocrx_word' id='word_1_200' title='bbox 462 3430 731 3443; x_wconf 95' lang='lat' dir='ltr'><strong> </strong></span> 
     </span>
    </p>
   </div>
   <div class='ocr_carea' id='block_1_10' title="bbox 904 3512 1531 3691">
    <p class='ocr_par' dir='ltr' id='par_1_22' title="bbox 904 3512 1531 3691">
     <span class='ocr_line' id='line_1_34' title="bbox 904 3512 1531 3569; baseline -0.002 -13"><span class='ocrx_word' id='word_1_201' title='bbox 904 3512 984 3563; x_wconf 69' lang='lat'><strong>23„</strong></span> <span class='ocrx_word' id='word_1_202' title='bbox 1022 3525 1286 3557; x_wconf 67' lang='lat' dir='ltr'><strong>annea-rat</strong></span> <span class='ocrx_word' id='word_1_203' title='bbox 1317 3526 1531 3569; x_wconf 71' lang='lat' dir='ltr'><strong>amomi,</strong></span> 
     </span>
     <span class='ocr_line' id='line_1_35' title="bbox 1012 3632 1415 3691; baseline 0.002 -8"><span class='ocrx_word' id='word_1_204' title='bbox 1012 3632 1072 3691; x_wconf 78' lang='lat' dir='ltr'><strong>de</strong></span> <span class='ocrx_word' id='word_1_205' title='bbox 1095 3640 1415 3689; x_wconf 77' lang='lat' dir='ltr'><em>Anacreonte.</em></span> 
     </span>
    </p>
   </div>
   <div class='ocr_carea' id='block_1_11' title="bbox 441 3760 1867 4400">
    <p class='ocr_par' dir='ltr' id='par_1_23' title="bbox 441 3760 1867 4400">
     <span class='ocr_line' id='line_1_36' title="bbox 443 3760 1867 3829; baseline 0.001 -19"><span class='ocrx_word' id='word_1_206' title='bbox 443 3761 640 3824; x_wconf 76' lang='lat' dir='ltr'><strong>cingat,</strong></span> <span class='ocrx_word' id='word_1_207' title='bbox 672 3760 939 3809; x_wconf 75' lang='lat' dir='ltr'><strong>Aiiacreion</strong></span> <span class='ocrx_word' id='word_1_208' title='bbox 958 3796 973 3821; x_wconf 87' lang='lat'>,</span> <span class='ocrx_word' id='word_1_209' title='bbox 998 3761 1291 3828; x_wconf 77' lang='lat' dir='ltr'><strong>quadruplex</strong></span> <span class='ocrx_word' id='word_1_210' title='bbox 1318 3770 1397 3810; x_wconf 85' lang='lat' dir='ltr'><strong>tua</strong></span> <span class='ocrx_word' id='word_1_211' title='bbox 1424 3760 1562 3810; x_wconf 84' lang='lat' dir='ltr'><strong>busta</strong></span> <span class='ocrx_word' id='word_1_212' title='bbox 1581 3762 1833 3827; x_wconf 79' lang='lat' dir='ltr'><strong>corymbus</strong></span> <span class='ocrx_word' id='word_1_213' title='bbox 1844 3799 1867 3829; x_wconf 75' lang='lat'><strong>².</strong></span> 
     </span>
     <span class='ocr_line' id='line_1_37' title="bbox 510 3844 1564 3910; baseline 0.003 -18"><span class='ocrx_word' id='word_1_214' title='bbox 510 3848 569 3893; x_wconf 84' lang='lat' dir='ltr'><strong>Et</strong></span> <span class='ocrx_word' id='word_1_215' title='bbox 603 3859 707 3907; x_wconf 67' lang='lat' dir='ltr'><strong>qum</strong></span> <span class='ocrx_word' id='word_1_216' title='bbox 734 3852 986 3892; x_wconf 70' lang='lat' dir='ltr'><strong>vernantes</strong></span> <span class='ocrx_word' id='word_1_217' title='bbox 1003 3860 1217 3910; x_wconf 62' lang='lat' dir='ltr'><strong>purpura</strong></span> <span class='ocrx_word' id='word_1_218' title='bbox 1244 3844 1383 3898; x_wconf 71' lang='lat' dir='ltr'><strong>veatit</strong></span> <span class='ocrx_word' id='word_1_219' title='bbox 1411 3860 1564 3907; x_wconf 81' lang='lat' dir='ltr'><strong>agros.</strong></span> 
     </span>
     <span class='ocr_line' id='line_1_38' title="bbox 442 3926 1533 3992; baseline -0.001 -16"><span class='ocrx_word' id='word_1_220' title='bbox 442 3926 671 3977; x_wconf 75' lang='lat' dir='ltr'>Fontibus</span> <span class='ocrx_word' id='word_1_221' title='bbox 694 3936 883 3975; x_wconf 81' lang='lat' dir='ltr'><strong>emanet</strong></span> <span class='ocrx_word' id='word_1_222' title='bbox 912 3928 1045 3985; x_wconf 65' lang='lat' dir='ltr'><strong>nivei.</strong></span> <span class='ocrx_word' id='word_1_223' title='bbox 1064 3926 1189 3976; x_wconf 85' lang='lat' dir='ltr'><strong>bona</strong></span> <span class='ocrx_word' id='word_1_224' title='bbox 1210 3926 1345 3992; x_wconf 87' lang='lat' dir='ltr'><strong>copia</strong></span> <span class='ocrx_word' id='word_1_225' title='bbox 1370 3928 1533 3987; x_wconf 84' lang='lat' dir='ltr'><strong>lactis,</strong></span> 
     </span>
     <span class='ocr_line' id='line_1_39' title="bbox 506 4007 1412 4074; baseline -0.001 -17"><span class='ocrx_word' id='word_1_226' title='bbox 506 4008 695 4057; x_wconf 77' lang='lat' dir='ltr'><strong>Fundat</strong></span> <span class='ocrx_word' id='word_1_227' title='bbox 714 4007 898 4059; x_wconf 75' lang='lat' dir='ltr'><strong>odorati</strong></span> <span class='ocrx_word' id='word_1_228' title='bbox 916 4008 1085 4074; x_wconf 84' lang='lat' dir='ltr'><strong>pocula</strong></span> <span class='ocrx_word' id='word_1_229' title='bbox 1111 4018 1239 4063; x_wconf 68' lang='lat' dir='ltr'><strong>tetra</strong></span> <span class='ocrx_word' id='word_1_230' title='bbox 1266 4009 1412 4067; x_wconf 82' lang='lat' dir='ltr'><strong>meti,</strong></span> 
     </span>
     <span class='ocr_line' id='line_1_40' title="bbox 441 4089 1617 4156; baseline 0.002 -17"><span class='ocrx_word' id='word_1_231' title='bbox 441 4094 507 4139; x_wconf 87' lang='lat' dir='ltr'><strong>Ut</strong></span> <span class='ocrx_word' id='word_1_232' title='bbox 532 4090 713 4142; x_wconf 80' lang='lat' dir='ltr'><strong>cineres</strong></span> <span class='ocrx_word' id='word_1_233' title='bbox 735 4089 945 4143; x_wconf 76' lang='lat' dir='ltr'><strong>habeant</strong></span> <span class='ocrx_word' id='word_1_234' title='bbox 970 4107 1073 4156; x_wconf 75' lang='lat' dir='ltr'><strong>quo,</strong></span> <span class='ocrx_word' id='word_1_235' title='bbox 1090 4091 1407 4152; x_wconf 83' lang='lat' dir='ltr'><strong>delectentur,</strong></span> <span class='ocrx_word' id='word_1_236' title='bbox 1434 4102 1483 4141; x_wconf 89' lang='lat' dir='ltr'><strong>et</strong></span> <span class='ocrx_word' id='word_1_237' title='bbox 1513 4106 1617 4140; x_wconf 81' lang='lat' dir='ltr'><strong>ossa</strong></span> 
     </span>
     <span class='ocr_line' id='line_1_41' title="bbox 508 4171 1600 4238; baseline 0.003 -19"><span class='ocrx_word' id='word_1_238' title='bbox 508 4171 555 4220; x_wconf 83' lang='lat' dir='ltr'><strong>si</strong></span> <span class='ocrx_word' id='word_1_239' title='bbox 581 4171 695 4236; x_wconf 87' lang='lat' dir='ltr'><strong>quid</strong></span> <span class='ocrx_word' id='word_1_240' title='bbox 719 4172 857 4221; x_wconf 83' lang='lat' dir='ltr'><strong>dulce</strong></span> <span class='ocrx_word' id='word_1_241' title='bbox 878 4181 1043 4223; x_wconf 87' lang='lat' dir='ltr'><strong>tamen.</strong></span> <span class='ocrx_word' id='word_1_242' title='bbox 1063 4172 1287 4222; x_wconf 83' lang='lat' dir='ltr'>Manibus</span> <span class='ocrx_word' id='word_1_243' title='bbox 1309 4188 1407 4221; x_wconf 81' lang='lat' dir='ltr'><strong>esse</strong></span> <span class='ocrx_word' id='word_1_244' title='bbox 1430 4182 1600 4238; x_wconf 83' lang='lat' dir='ltr'><strong>potest.</strong></span> 
     </span>
     <span class='ocr_line' id='line_1_42' title="bbox 443 4252 1639 4321; baseline 0.003 -20"><span class='ocrx_word' id='word_1_245' title='bbox 443 4258 487 4310; x_wconf 82' lang='lat'>0</span> <span class='ocrx_word' id='word_1_246' title='bbox 514 4254 589 4302; x_wconf 88' lang='lat' dir='ltr'><strong>cui</strong></span> <span class='ocrx_word' id='word_1_247' title='bbox 614 4269 721 4301; x_wconf 80' lang='lat' dir='ltr'><strong>cara</strong></span> <span class='ocrx_word' id='word_1_248' title='bbox 746 4252 837 4302; x_wconf 72' lang='lat' dir='ltr'><strong>fuit</strong></span> <span class='ocrx_word' id='word_1_249' title='bbox 858 4272 1045 4321; x_wconf 74' lang='lat' dir='ltr'><strong>semper</strong></span> <span class='ocrx_word' id='word_1_250' title='bbox 1068 4256 1169 4321; x_wconf 76' lang='lat' dir='ltr'><strong>lyra</strong></span> <span class='ocrx_word' id='word_1_251' title='bbox 1187 4291 1204 4315; x_wconf 87' lang='lat'>,</span> <span class='ocrx_word' id='word_1_252' title='bbox 1230 4255 1422 4319; x_wconf 82' lang='lat' dir='ltr'><strong>vitaque</strong></span> <span class='ocrx_word' id='word_1_253' title='bbox 1447 4272 1639 4313; x_wconf 77' lang='lat' dir='ltr'><strong>amores,</strong></span> 
     </span>
     <span class='ocr_line' id='line_1_43' title="bbox 510 4337 1374 4400; baseline 0.001 -16"><span class='ocrx_word' id='word_1_254' title='bbox 510 4340 641 4384; x_wconf 84' lang='lat' dir='ltr'><strong>luter</strong></span> <span class='ocrx_word' id='word_1_255' title='bbox 654 4344 703 4383; x_wconf 80' lang='lat' dir='ltr'><strong>et</strong></span> <span class='ocrx_word' id='word_1_256' title='bbox 719 4346 907 4400; x_wconf 80' lang='lat' dir='ltr'><strong>argutos</strong></span> <span class='ocrx_word' id='word_1_257' title='bbox 924 4337 1155 4387; x_wconf 77' lang='lat' dir='ltr'><strong>velificata</strong></span> <span class='ocrx_word' id='word_1_258' title='bbox 1179 4337 1345 4386; x_wconf 78' lang='lat' dir='ltr'><strong>modos</strong></span> <span class='ocrx_word' id='word_1_259' title='bbox 1363 4340 1374 4384; x_wconf 89' lang='lat'>!</span> 
     </span>
    </p>
   </div>
   <div class='ocr_carea' id='block_1_12' title="bbox 1014 4470 1423 4619">
    <p class='ocr_par' dir='ltr' id='par_1_24' title="bbox 1014 4470 1423 4619">
     <span class='ocr_line' id='line_1_44' title="bbox 1014 4470 1423 4521; baseline -0.005 -12"><span class='ocrx_word' id='word_1_260' title='bbox 1014 4470 1101 4517; x_wconf 65' lang='lat'><strong>24.</strong></span> <span class='ocrx_word' id='word_1_261' title='bbox 1141 4476 1423 4521; x_wconf 60' lang='lat' dir='ltr'><strong>antonina,</strong></span> 
     </span>
     <span class='ocr_line' id='line_1_45' title="bbox 1088 4567 1351 4619; baseline -0.004 -2"><span class='ocrx_word' id='word_1_262' title='bbox 1088 4569 1147 4617; x_wconf 75' lang='lat' dir='ltr'><strong>tle</strong></span> <span class='ocrx_word' id='word_1_263' title='bbox 1173 4567 1351 4619; x_wconf 84' lang='lat' dir='ltr'><strong>eodem.</strong></span> 
     </span>
    </p>
   </div>
   <div class='ocr_carea' id='block_1_13' title="bbox 446 4677 1658 5081">
    <p class='ocr_par' dir='ltr' id='par_1_25' title="bbox 446 4677 1582 4825">
     <span class='ocr_line' id='line_1_46' title="bbox 446 4677 1582 4742; baseline -0.001 -15"><span class='ocrx_word' id='word_1_264' title='bbox 446 4685 569 4728; x_wconf 77' lang='lat' dir='ltr'><strong>Loeta</strong></span> <span class='ocrx_word' id='word_1_265' title='bbox 597 4678 715 4726; x_wconf 87' lang='lat' dir='ltr'><strong>meri</strong></span> <span class='ocrx_word' id='word_1_266' title='bbox 738 4688 889 4726; x_wconf 78' lang='lat' dir='ltr'><strong>maier</strong></span> <span class='ocrx_word' id='word_1_267' title='bbox 910 4694 1015 4742; x_wconf 79' lang='lat' dir='ltr'><strong>quae</strong></span> <span class='ocrx_word' id='word_1_268' title='bbox 1038 4677 1213 4742; x_wconf 78' lang='lat' dir='ltr'><strong>crispas</strong></span> <span class='ocrx_word' id='word_1_269' title='bbox 1233 4677 1444 4727; x_wconf 83' lang='lat' dir='ltr'><strong>molliter</strong></span> <span class='ocrx_word' id='word_1_270' title='bbox 1468 4692 1582 4727; x_wconf 77' lang='lat' dir='ltr'><strong>uvas</strong></span> 
     </span>
     <span class='ocr_line' id='line_1_47' title="bbox 513 4760 1348 4825; baseline -0.001 -15"><span class='ocrx_word' id='word_1_271' title='bbox 513 4761 691 4811; x_wconf 75' lang='lat' dir='ltr'><strong>intexis</strong></span> <span class='ocrx_word' id='word_1_272' title='bbox 714 4761 855 4810; x_wconf 83' lang='lat' dir='ltr'><strong>lentis</strong></span> <span class='ocrx_word' id='word_1_273' title='bbox 876 4760 1009 4809; x_wconf 80' lang='lat' dir='ltr'><strong>ebria</strong></span> <span class='ocrx_word' id='word_1_274' title='bbox 1036 4760 1316 4825; x_wconf 81' lang='lat' dir='ltr'><strong>palmitibus</strong></span> <span class='ocrx_word' id='word_1_275' title='bbox 1333 4796 1348 4821; x_wconf 87' lang='lat'>,</span> 
     </span>
    </p>

    <p class='ocr_par' dir='ltr' id='par_1_26' title="bbox 446 4842 1658 4990">
     <span class='ocr_line' id='line_1_48' title="bbox 446 4842 1517 4894; baseline -0.004 -1"><span class='ocrx_word' id='word_1_276' title='bbox 446 4843 635 4894; x_wconf 78' lang='lat' dir='ltr'><strong>Fronde</strong></span> <span class='ocrx_word' id='word_1_277' title='bbox 655 4851 732 4891; x_wconf 80' lang='lat' dir='ltr'><strong>lua</strong></span> <span class='ocrx_word' id='word_1_278' title='bbox 758 4843 938 4890; x_wconf 75' lang='lat' dir='ltr'><strong>veletur</strong></span> <span class='ocrx_word' id='word_1_279' title='bbox 958 4842 1275 4891; x_wconf 79' lang='lat' dir='ltr'><strong>Anacreionta</strong></span> <span class='ocrx_word' id='word_1_280' title='bbox 1298 4842 1517 4891; x_wconf 87' lang='lat' dir='ltr'><strong>columna</strong></span> 
     </span>
     <span class='ocr_line' id='line_1_49' title="bbox 513 4924 1658 4990; baseline 0.001 -17"><span class='ocrx_word' id='word_1_281' title='bbox 513 4930 633 4989; x_wconf 74' lang='lat' dir='ltr'><strong>Qum</strong></span> <span class='ocrx_word' id='word_1_282' title='bbox 654 4933 810 4979; x_wconf 80' lang='lat' dir='ltr'><strong>notat.</strong></span> <span class='ocrx_word' id='word_1_283' title='bbox 832 4930 880 4973; x_wconf 87' lang='lat' dir='ltr'><strong>et</strong></span> <span class='ocrx_word' id='word_1_284' title='bbox 900 4926 1053 4973; x_wconf 82' lang='lat' dir='ltr'><strong>tenuis</strong></span> <span class='ocrx_word' id='word_1_285' title='bbox 1071 4942 1163 4989; x_wconf 84' lang='lat' dir='ltr'><strong>qua</strong></span> <span class='ocrx_word' id='word_1_286' title='bbox 1192 4924 1418 4990; x_wconf 81' lang='lat' dir='ltr'><strong>sepelitur</strong></span> <span class='ocrx_word' id='word_1_287' title='bbox 1438 4924 1612 4973; x_wconf 87' lang='lat' dir='ltr'><strong>humus</strong></span> <span class='ocrx_word' id='word_1_288' title='bbox 1645 4940 1658 4974; x_wconf 74' lang='grc' dir='ltr'>ε</span> 
     </span>
    </p>

    <p class='ocr_par' dir='ltr' id='par_1_27' title="bbox 450 5008 1599 5081">
     <span class='ocr_line' id='line_1_50' title="bbox 450 5008 1599 5081; baseline -0.002 -23"><span class='ocrx_word' id='word_1_289' title='bbox 450 5014 515 5073; x_wconf 63' lang='lat' dir='ltr'><strong>Ut</strong></span> <span class='ocrx_word' id='word_1_290' title='bbox 534 5009 703 5072; x_wconf 60' lang='lat' dir='ltr'><strong>sitiens,</strong></span> <span class='ocrx_word' id='word_1_291' title='bbox 724 5008 819 5069; x_wconf 74' lang='lat' dir='ltr'><strong>vini</strong></span> <span class='ocrx_word' id='word_1_292' title='bbox 848 5018 1271 5073; x_wconf 74' lang='lat' dir='ltr'><strong>commessatorque</strong></span> <span class='ocrx_word' id='word_1_293' title='bbox 1298 5025 1383 5081; x_wconf 88' lang='lat' dir='ltr'><strong>per</strong></span> <span class='ocrx_word' id='word_1_294' title='bbox 1410 5024 1599 5057; x_wconf 88' lang='lat' dir='ltr'><strong>omnem</strong></span> 
     </span>
    </p>
   </div>
   <div class='ocr_carea' id='block_1_14' title="bbox 2505 369 3226 419">
    <p class='ocr_par' dir='ltr' id='par_1_28' title="bbox 2505 369 3226 419">
     <span class='ocr_line' id='line_1_51' title="bbox 2505 369 3226 419; baseline -0.003 -1"><span class='ocrx_word' id='word_1_295' title='bbox 2505 373 2581 418; x_wconf 81' lang='lat'><strong>23.</strong></span> <span class='ocrx_word' id='word_1_296' title='bbox 2615 369 2945 418; x_wconf 78' lang='lat' dir='ltr'><strong>ANTIPATR!</strong></span> <span class='ocrx_word' id='word_1_297' title='bbox 2979 371 3226 419; x_wconf 75' lang='lat' dir='ltr'><strong>smolm.</strong></span> 
     </span>
    </p>
   </div>
   <div class='ocr_carea' id='block_1_15' title="bbox 2089 507 3648 1180">
    <p class='ocr_par' dir='ltr' id='par_1_29' title="bbox 2091 507 3645 659">
     <span class='ocr_line' id='line_1_52' title="bbox 2091 507 3645 572; baseline 0.001 -14"><span class='ocrx_word' id='word_1_298' title='bbox 2091 509 2282 558; x_wconf 78' lang='lat' dir='ltr'><strong>Floreat</strong></span> <span class='ocrx_word' id='word_1_299' title='bbox 2298 508 2834 572; x_wconf 76' lang='lat' dir='ltr'><strong>quaternis-corymbis,</strong></span> <span class='ocrx_word' id='word_1_300' title='bbox 2857 513 3107 558; x_wconf 79' lang='lat' dir='ltr'><strong>Anacreon</strong></span> <span class='ocrx_word' id='word_1_301' title='bbox 3121 547 3134 570; x_wconf 91' lang='lat'>‚</span> <span class='ocrx_word' id='word_1_302' title='bbox 3151 509 3338 558; x_wconf 85' lang='lat' dir='ltr'><strong>circum</strong></span> <span class='ocrx_word' id='word_1_303' title='bbox 3363 511 3415 561; x_wconf 81' lang='lat' dir='ltr'><strong>te</strong></span> <span class='ocrx_word' id='word_1_304' title='bbox 3439 507 3645 567; x_wconf 74' lang='lat' dir='ltr'><strong>hedera,</strong></span> 
     </span>
     <span class='ocr_line' id='line_1_53' title="bbox 2153 574 3212 659; baseline -0.001 -13"><span class='ocrx_word' id='word_1_305' title='bbox 2153 600 2203 646; x_wconf 84' lang='lat' dir='ltr'><strong>et</strong></span> <span class='ocrx_word' id='word_1_306' title='bbox 2231 599 2398 646; x_wconf 83' lang='lat' dir='ltr'><strong>tenera</strong></span> <span class='ocrx_word' id='word_1_307' title='bbox 2420 599 2672 659; x_wconf 79' lang='lat' dir='ltr'><strong>pratorum</strong></span> <span class='ocrx_word' id='word_1_308' title='bbox 2691 608 3047 658; x_wconf 85' lang='lat' dir='ltr'><strong>purpureorum</strong></span> <span class='ocrx_word' id='word_1_309' title='bbox 3073 574 3212 654; x_wconf 64' lang='lat' dir='ltr'><strong>foliiu</strong></span> 
     </span>
    </p>

    <p class='ocr_par' dir='ltr' id='par_1_30' title="bbox 2090 679 3440 836">
     <span class='ocr_line' id='line_1_54' title="bbox 2090 679 3296 744; baseline 0.002 -14"><span class='ocrx_word' id='word_1_310' title='bbox 2090 681 2259 731; x_wconf 81' lang='lat' dir='ltr'><strong>sontes·</strong></span> <span class='ocrx_word' id='word_1_311' title='bbox 2271 684 2438 730; x_wconf 86' lang='lat' dir='ltr'><strong>autem</strong></span> <span class='ocrx_word' id='word_1_312' title='bbox 2461 679 2653 730; x_wconf 87' lang='lat' dir='ltr'><strong>candidi</strong></span> <span class='ocrx_word' id='word_1_313' title='bbox 2681 682 3010 744; x_wconf 80' lang='lat' dir='ltr'><strong>exprimantur</strong></span> <span class='ocrx_word' id='word_1_314' title='bbox 3027 683 3166 734; x_wconf 84' lang='lat' dir='ltr'><strong>lactis</strong></span> <span class='ocrx_word' id='word_1_315' title='bbox 3185 722 3198 744; x_wconf 88' lang='lat'>,</span> <span class='ocrx_word' id='word_1_316' title='bbox 3291 711 3296 714; x_wconf 97' lang='lat'>-</span> 
     </span>
     <span class='ocr_line' id='line_1_55' title="bbox 2151 768 3440 836; baseline 0.001 -16"><span class='ocrx_word' id='word_1_317' title='bbox 2151 772 2201 820; x_wconf 86' lang='lat' dir='ltr'><strong>et</strong></span> <span class='ocrx_word' id='word_1_318' title='bbox 2231 768 2511 819; x_wconf 85' lang='lat' dir='ltr'><strong>bene-olens</strong></span> <span class='ocrx_word' id='word_1_319' title='bbox 2527 781 2557 818; x_wconf 89' lang='lat' dir='ltr'><strong>e</strong></span> <span class='ocrx_word' id='word_1_320' title='bbox 2577 773 2708 820; x_wconf 83' lang='lat' dir='ltr'><strong>terra</strong></span> <span class='ocrx_word' id='word_1_321' title='bbox 2737 770 2884 820; x_wconf 83' lang='lat' dir='ltr'><strong>dulce</strong></span> <span class='ocrx_word' id='word_1_322' title='bbox 2912 771 3146 822; x_wconf 79' lang='lat' dir='ltr'><strong>fundatur</strong></span> <span class='ocrx_word' id='word_1_323' title='bbox 3163 775 3400 822; x_wconf 81' lang='lat' dir='ltr'><strong>temetum</strong></span> <span class='ocrx_word' id='word_1_324' title='bbox 3420 811 3440 836; x_wconf 27' lang='grc'>,-</span> 
     </span>
    </p>

    <p class='ocr_par' dir='ltr' id='par_1_31' title="bbox 2093 854 3494 1007">
     <span class='ocr_line' id='line_1_56' title="bbox 2093 854 3017 918; baseline 0.001 -14"><span class='ocrx_word' id='word_1_325' title='bbox 2093 857 2148 904; x_wconf 86' lang='lat' dir='ltr'><strong>ut</strong></span> <span class='ocrx_word' id='word_1_326' title='bbox 2175 854 2264 904; x_wconf 85' lang='lat' dir='ltr'><strong>tibi</strong></span> <span class='ocrx_word' id='word_1_327' title='bbox 2292 855 2455 918; x_wconf 80' lang='lat' dir='ltr'><strong>pulvis</strong></span> <span class='ocrx_word' id='word_1_328' title='bbox 2483 858 2534 906; x_wconf 89' lang='lat' dir='ltr'><strong>et</strong></span> <span class='ocrx_word' id='word_1_329' title='bbox 2557 869 2670 916; x_wconf 83' lang='lat' dir='ltr'><strong>ossa</strong></span> <span class='ocrx_word' id='word_1_330' title='bbox 2695 855 3017 917; x_wconf 84' lang='lat' dir='ltr'><strong>delectentur,</strong></span> 
     </span>
     <span class='ocr_line' id='line_1_57' title="bbox 2153 942 3494 1007; baseline 0.003 -16"><span class='ocrx_word' id='word_1_331' title='bbox 2153 942 2194 991; x_wconf 88' lang='lat' dir='ltr'><strong>si</strong></span> <span class='ocrx_word' id='word_1_332' title='bbox 2212 942 2412 1004; x_wconf 81' lang='lat' dir='ltr'><strong>quidem</strong></span> <span class='ocrx_word' id='word_1_333' title='bbox 2445 943 2608 1005; x_wconf 76' lang='lat' dir='ltr'><strong>aliqua</strong></span> <span class='ocrx_word' id='word_1_334' title='bbox 2646 942 2894 1000; x_wconf 76' lang='lat' dir='ltr'><strong>defunctis</strong></span> <span class='ocrx_word' id='word_1_335' title='bbox 2925 944 3282 1007; x_wconf 78' lang='lat' dir='ltr'><strong>appropinquat</strong></span> <span class='ocrx_word' id='word_1_336' title='bbox 3301 945 3494 1006; x_wconf 80' lang='lat' dir='ltr'><strong>laetitia,</strong></span> 
     </span>
    </p>

    <p class='ocr_par' dir='ltr' id='par_1_32' title="bbox 2089 1031 3648 1180">
     <span class='ocr_line' id='line_1_58' title="bbox 2089 1031 3648 1104; baseline 0.002 -26"><span class='ocrx_word' id='word_1_337' title='bbox 2089 1043 2120 1078; x_wconf 92' lang='lat' dir='ltr'><strong>o</strong></span> <span class='ocrx_word' id='word_1_338' title='bbox 2142 1031 2296 1092; x_wconf 74' lang='lat' dir='ltr'><strong>amice</strong></span> <span class='ocrx_word' id='word_1_339' title='bbox 2312 1067 2326 1091; x_wconf 95' lang='lat'>‚</span> <span class='ocrx_word' id='word_1_340' title='bbox 2347 1031 2434 1093; x_wconf 90' lang='lat' dir='ltr'><strong>qui</strong></span> <span class='ocrx_word' id='word_1_341' title='bbox 2459 1031 2673 1082; x_wconf 86' lang='lat' dir='ltr'><strong>amicum</strong></span> <span class='ocrx_word' id='word_1_342' title='bbox 2702 1031 2902 1081; x_wconf 81' lang='lat' dir='ltr'><strong>fovebas</strong></span> <span class='ocrx_word' id='word_1_343' title='bbox 2925 1031 3174 1091; x_wconf 78' lang='lat' dir='ltr'><strong>barbiton!</strong></span> <span class='ocrx_word' id='word_1_344' title='bbox 3202 1048 3234 1082; x_wconf 91' lang='lat' dir='ltr'><strong>o</strong></span> <span class='ocrx_word' id='word_1_345' title='bbox 3251 1032 3476 1104; x_wconf 83' lang='lat' dir='ltr'><strong>quicum</strong></span> <span class='ocrx_word' id='word_1_346' title='bbox 3501 1041 3648 1083; x_wconf 81' lang='lat' dir='ltr'><strong>cautu</strong></span> 
     </span>
     <span class='ocr_line' id='line_1_59' title="bbox 2152 1121 3220 1180; baseline 0.003 -11"><span class='ocrx_word' id='word_1_347' title='bbox 2152 1134 2345 1178; x_wconf 80' lang='lat' dir='ltr'><strong>omnem</strong></span> <span class='ocrx_word' id='word_1_348' title='bbox 2367 1121 2620 1176; x_wconf 81' lang='lat' dir='ltr'><strong>tranatasti</strong></span> <span class='ocrx_word' id='word_1_349' title='bbox 2641 1124 2691 1172; x_wconf 86' lang='lat' dir='ltr'><strong>et</strong></span> <span class='ocrx_word' id='word_1_350' title='bbox 2714 1135 2832 1171; x_wconf 87' lang='lat' dir='ltr'><strong>cum</strong></span> <span class='ocrx_word' id='word_1_351' title='bbox 2852 1135 3020 1172; x_wconf 88' lang='lat' dir='ltr'><strong>amore</strong></span> <span class='ocrx_word' id='word_1_352' title='bbox 3042 1122 3220 1180; x_wconf 78' lang='lat' dir='ltr'><strong>vitam!</strong></span> 
     </span>
    </p>
   </div>
   <div class='ocr_carea' id='block_1_16' title="bbox 2642 1279 3086 1327">
    <p class='ocr_par' dir='ltr' id='par_1_33' title="bbox 2642 1279 3086 1327">
     <span class='ocr_line' id='line_1_60' title="bbox 2642 1279 3086 1327; baseline 0.002 -1"><span class='ocrx_word' id='word_1_353' title='bbox 2642 1283 2717 1326; x_wconf 72' lang='lat'><strong>24.</strong></span> <span class='ocrx_word' id='word_1_354' title='bbox 2754 1279 3086 1327; x_wconf 80' lang='lat' dir='ltr'><strong>SIMONIDIS.</strong></span> 
     </span>
    </p>
   </div>
   <div class='ocr_carea' id='block_1_17' title="bbox 2089 1416 3668 2268">
    <p class='ocr_par' dir='ltr' id='par_1_34' title="bbox 2090 1416 3508 1572">
     <span class='ocr_line' id='line_1_61' title="bbox 2090 1416 3508 1478; baseline 0.003 -12"><span class='ocrx_word' id='word_1_355' title='bbox 2090 1416 2218 1470; x_wconf 77' lang='lat' dir='ltr'><strong>Vitis</strong></span> <span class='ocrx_word' id='word_1_356' title='bbox 2253 1416 2683 1478; x_wconf 83' lang='lat' dir='ltr'><strong>omnia-mulcens,</strong></span> <span class='ocrx_word' id='word_1_357' title='bbox 2715 1417 3019 1478; x_wconf 73' lang='lat' dir='ltr'><strong>vini-nutrix,</strong></span> <span class='ocrx_word' id='word_1_358' title='bbox 3035 1421 3192 1470; x_wconf 85' lang='lat' dir='ltr'><strong>mater</strong></span> <span class='ocrx_word' id='word_1_359' title='bbox 3214 1418 3480 1470; x_wconf 74' lang='lat' dir='ltr'><strong>vindemiae</strong></span> <span class='ocrx_word' id='word_1_360' title='bbox 3494 1459 3508 1476; x_wconf 80' lang='grc'>,</span> 
     </span>
     <span class='ocr_line' id='line_1_62' title="bbox 2151 1506 3446 1572; baseline 0.002 -16"><span class='ocrx_word' id='word_1_361' title='bbox 2151 1506 2325 1570; x_wconf 63' lang='lat' dir='ltr'><strong>crispze</strong></span> <span class='ocrx_word' id='word_1_362' title='bbox 2355 1521 2468 1570; x_wconf 80' lang='lat' dir='ltr'><strong>quae</strong></span> <span class='ocrx_word' id='word_1_363' title='bbox 2499 1520 2703 1555; x_wconf 82' lang='lat' dir='ltr'><strong>curvum</strong></span> <span class='ocrx_word' id='word_1_364' title='bbox 2731 1507 2925 1570; x_wconf 81' lang='lat' dir='ltr'><strong>plexum</strong></span> <span class='ocrx_word' id='word_1_365' title='bbox 2944 1521 3146 1570; x_wconf 83' lang='lat' dir='ltr'><strong>generas</strong></span> <span class='ocrx_word' id='word_1_366' title='bbox 3163 1509 3446 1572; x_wconf 61' lang='lat' dir='ltr'><strong>claviculae,</strong></span> 
     </span>
    </p>

    <p class='ocr_par' dir='ltr' id='par_1_35' title="bbox 2089 1581 3214 1746">
     <span class='ocr_line' id='line_1_63' title="bbox 2089 1581 3048 1658; baseline 0.001 -14"><span class='ocrx_word' id='word_1_367' title='bbox 2089 1594 2195 1644; x_wconf 85' lang='lat' dir='ltr'><strong>Teii</strong></span> <span class='ocrx_word' id='word_1_368' title='bbox 2210 1607 2402 1644; x_wconf 78' lang='lat' dir='ltr'><strong>crescas</strong></span> <span class='ocrx_word' id='word_1_369' title='bbox 2430 1595 2744 1649; x_wconf 70' lang='lat' dir='ltr'><strong>Anacreontis</strong></span> <span class='ocrx_word' id='word_1_370' title='bbox 2763 1595 2812 1643; x_wconf 90' lang='lat' dir='ltr'><strong>in</strong></span> <span class='ocrx_word' id='word_1_371' title='bbox 2839 1581 3048 1658; x_wconf 62' lang='lat' dir='ltr'><strong>summa⁴</strong></span> 
     </span>
     <span class='ocr_line' id='line_1_64' title="bbox 2149 1681 3214 1746; baseline 0.002 -16"><span class='ocrx_word' id='word_1_372' title='bbox 2149 1682 2378 1731; x_wconf 87' lang='lat' dir='ltr'><strong>columna</strong></span> <span class='ocrx_word' id='word_1_373' title='bbox 2407 1685 2456 1732; x_wconf 85' lang='lat' dir='ltr'><strong>et</strong></span> <span class='ocrx_word' id='word_1_374' title='bbox 2486 1696 2636 1745; x_wconf 86' lang='lat' dir='ltr'><strong>parvo</strong></span> <span class='ocrx_word' id='word_1_375' title='bbox 2657 1682 2779 1732; x_wconf 85' lang='lat' dir='ltr'><strong>colle</strong></span> <span class='ocrx_word' id='word_1_376' title='bbox 2805 1681 2950 1746; x_wconf 85' lang='lat' dir='ltr'><strong>hujus</strong></span> <span class='ocrx_word' id='word_1_377' title='bbox 2975 1683 3214 1745; x_wconf 82' lang='lat' dir='ltr'><strong>sepulcri,</strong></span> 
     </span>
    </p>

    <p class='ocr_par' dir='ltr' id='par_1_36' title="bbox 2089 1770 3334 1922">
     <span class='ocr_line' id='line_1_65' title="bbox 2089 1770 3334 1833; baseline 0.002 -15"><span class='ocrx_word' id='word_1_378' title='bbox 2089 1771 2146 1830; x_wconf 79' lang='lat' dir='ltr'><strong>ut</strong></span> <span class='ocrx_word' id='word_1_379' title='bbox 2170 1770 2486 1820; x_wconf 86' lang='lat' dir='ltr'><strong>meri-amans</strong></span> <span class='ocrx_word' id='word_1_380' title='bbox 2501 1772 2551 1819; x_wconf 88' lang='lat' dir='ltr'><strong>et</strong></span> <span class='ocrx_word' id='word_1_381' title='bbox 2574 1770 2865 1833; x_wconf 78' lang='lat' dir='ltr'><strong>vino-gravis</strong></span> <span class='ocrx_word' id='word_1_382' title='bbox 2880 1770 3334 1822; x_wconf 80' lang='lat' dir='ltr'><strong>in-comissabundis</strong></span> 
     </span>
     <span class='ocr_line' id='line_1_66' title="bbox 2149 1857 3304 1922; baseline 0.003 -18"><span class='ocrx_word' id='word_1_383' title='bbox 2149 1857 2410 1920; x_wconf 76' lang='lat' dir='ltr'><strong>pervigiliis</strong></span> <span class='ocrx_word' id='word_1_384' title='bbox 2428 1859 2628 1921; x_wconf 85' lang='lat' dir='ltr'><strong>pulsans</strong></span> <span class='ocrx_word' id='word_1_385' title='bbox 2645 1858 3110 1919; x_wconf 78' lang='lat' dir='ltr'><strong>juvenes-amantem</strong></span> <span class='ocrx_word' id='word_1_386' title='bbox 3124 1859 3278 1922; x_wconf 82' lang='lat' dir='ltr'><strong>lyram</strong></span> <span class='ocrx_word' id='word_1_387' title='bbox 3291 1899 3304 1921; x_wconf 86' lang='lat'>‚</span> 
     </span>
    </p>

    <p class='ocr_par' dir='ltr' id='par_1_37' title="bbox 2089 1943 3245 2096">
     <span class='ocr_line' id='line_1_67' title="bbox 2089 1943 3245 2008; baseline 0.001 -14"><span class='ocrx_word' id='word_1_388' title='bbox 2089 1944 2234 1994; x_wconf 89' lang='lat' dir='ltr'><strong>etiam</strong></span> <span class='ocrx_word' id='word_1_389' title='bbox 2260 1943 2400 1993; x_wconf 87' lang='lat' dir='ltr'><strong>humi</strong></span> <span class='ocrx_word' id='word_1_390' title='bbox 2418 1945 2610 2008; x_wconf 65' lang='lat' dir='ltr'><strong>jacens),</strong></span> <span class='ocrx_word' id='word_1_391' title='bbox 2641 1959 2788 2008; x_wconf 85' lang='lat' dir='ltr'><strong>super</strong></span> <span class='ocrx_word' id='word_1_392' title='bbox 2815 1946 2972 2008; x_wconf 87' lang='lat' dir='ltr'><strong>capite</strong></span> <span class='ocrx_word' id='word_1_393' title='bbox 2999 1946 3245 1996; x_wconf 65' lang='lat' dir='ltr'><strong>suo-ierat</strong></span> 
     </span>
     <span class='ocr_line' id='line_1_68' title="bbox 2149 2032 3145 2096; baseline 0.001 -16"><span class='ocrx_word' id='word_1_394' title='bbox 2149 2032 2428 2096; x_wconf 66' lang='lat' dir='ltr'><strong>praeclaram</strong></span> <span class='ocrx_word' id='word_1_395' title='bbox 2455 2045 2600 2082; x_wconf 81' lang='lat' dir='ltr'><strong>uvam</strong></span> <span class='ocrx_word' id='word_1_396' title='bbox 2625 2032 2831 2082; x_wconf 87' lang='lat' dir='ltr'><strong>maturis</strong></span> <span class='ocrx_word' id='word_1_397' title='bbox 2860 2046 2890 2082; x_wconf 90' lang='lat' dir='ltr'><strong>a</strong></span> <span class='ocrx_word' id='word_1_398' title='bbox 2908 2034 3145 2092; x_wconf 82' lang='lat' dir='ltr'><strong>racemis;</strong></span> 
     </span>
    </p>

    <p class='ocr_par' dir='ltr' id='par_1_38' title="bbox 2089 2119 3668 2268">
     <span class='ocr_line' id='line_1_69' title="bbox 2089 2119 3668 2184; baseline 0.001 -12"><span class='ocrx_word' id='word_1_399' title='bbox 2089 2121 2139 2172; x_wconf 85' lang='lat' dir='ltr'><strong>et</strong></span> <span class='ocrx_word' id='word_1_400' title='bbox 2163 2132 2354 2182; x_wconf 83' lang='lat' dir='ltr'><strong>semper</strong></span> <span class='ocrx_word' id='word_1_401' title='bbox 2377 2119 2531 2182; x_wconf 80' lang='lat' dir='ltr'><strong>tingat</strong></span> <span class='ocrx_word' id='word_1_402' title='bbox 2559 2120 2696 2168; x_wconf 87' lang='lat' dir='ltr'><strong>illum</strong></span> <span class='ocrx_word' id='word_1_403' title='bbox 2735 2122 2843 2168; x_wconf 74' lang='lat' dir='ltr'><strong>vini</strong></span> <span class='ocrx_word' id='word_1_404' title='bbox 2886 2133 2968 2169; x_wconf 86' lang='lat' dir='ltr'><strong>ros</strong></span> <span class='ocrx_word' id='word_1_405' title='bbox 2993 2119 3252 2178; x_wconf 85' lang='lat' dir='ltr'><strong>humidum</strong></span> <span class='ocrx_word' id='word_1_406' title='bbox 3271 2159 3284 2183; x_wconf 91' lang='lat'>‚</span> <span class='ocrx_word' id='word_1_407' title='bbox 3318 2135 3420 2184; x_wconf 84' lang='lat' dir='ltr'><strong>quo</strong></span> <span class='ocrx_word' id='word_1_408' title='bbox 3445 2127 3668 2180; x_wconf 70' lang='lat' dir='ltr'><strong>vetulus</strong></span> 
     </span>
     <span class='ocr_line' id='line_1_70' title="bbox 2151 2206 3028 2268; baseline -0.001 -12"><span class='ocrx_word' id='word_1_409' title='bbox 2151 2207 2376 2256; x_wconf 82' lang='lat' dir='ltr'><strong>suaviora</strong></span> <span class='ocrx_word' id='word_1_410' title='bbox 2399 2209 2568 2256; x_wconf 81' lang='lat' dir='ltr'><strong>tenero</strong></span> <span class='ocrx_word' id='word_1_411' title='bbox 2599 2206 2814 2268; x_wconf 82' lang='lat' dir='ltr'><strong>spirabat</strong></span> <span class='ocrx_word' id='word_1_412' title='bbox 2837 2221 2900 2256; x_wconf 78' lang='lat' dir='ltr'><strong>ex</strong></span> <span class='ocrx_word' id='word_1_413' title='bbox 2925 2220 3028 2257; x_wconf 86' lang='lat' dir='ltr'><strong>ore.</strong></span> 
     </span>
    </p>
   </div>
   <div class='ocr_carea' id='block_1_18' title="bbox 2645 2363 3080 2420">
    <p class='ocr_par' dir='ltr' id='par_1_39' title="bbox 2645 2363 3080 2420">
     <span class='ocr_line' id='line_1_71' title="bbox 2645 2363 3080 2420; baseline 0.002 -14"><span class='ocrx_word' id='word_1_414' title='bbox 2645 2363 2720 2406; x_wconf 82' lang='lat'><strong>25.</strong></span> <span class='ocrx_word' id='word_1_415' title='bbox 2777 2367 3080 2420; x_wconf 70' lang='lat' dir='ltr'><strong>musaeu.</strong></span> 
     </span>
    </p>
   </div>
   <div class='ocr_carea' id='block_1_19' title="bbox 2083 2507 3676 3367">
    <p class='ocr_par' dir='ltr' id='par_1_40' title="bbox 2087 2507 3252 2660">
     <span class='ocr_line' id='line_1_72' title="bbox 2087 2507 3252 2570; baseline 0.003 -14"><span class='ocrx_word' id='word_1_416' title='bbox 2087 2509 2192 2564; x_wconf 78' lang='lat' dir='ltr'><strong>Hoc</strong></span> <span class='ocrx_word' id='word_1_417' title='bbox 2221 2509 2594 2568; x_wconf 68' lang='lat' dir='ltr'><strong>Ammontem,</strong></span> <span class='ocrx_word' id='word_1_418' title='bbox 2611 2507 2934 2557; x_wconf 86' lang='lat' dir='ltr'><strong>immortalem</strong></span> <span class='ocrx_word' id='word_1_419' title='bbox 2963 2519 3049 2570; x_wconf 89' lang='lat' dir='ltr'><strong>per</strong></span> <span class='ocrx_word' id='word_1_420' title='bbox 3073 2510 3252 2560; x_wconf 72' lang='lat' dir='ltr'><strong>Musas</strong></span> 
     </span>
     <span class='ocr_line' id='line_1_73' title="bbox 2147 2595 3210 2660; baseline 0.005 -17"><span class='ocrx_word' id='word_1_421' title='bbox 2147 2597 2338 2656; x_wconf 86' lang='lat' dir='ltr'><strong>poetam</strong></span> <span class='ocrx_word' id='word_1_422' title='bbox 2354 2633 2368 2656; x_wconf 84' lang='lat'>‚</span> <span class='ocrx_word' id='word_1_423' title='bbox 2398 2595 2568 2658; x_wconf 76' lang='lat' dir='ltr'><strong>patriae</strong></span> <span class='ocrx_word' id='word_1_424' title='bbox 2587 2597 2868 2658; x_wconf 86' lang='lat' dir='ltr'><strong>sepulcrum</strong></span> <span class='ocrx_word' id='word_1_425' title='bbox 2885 2597 3069 2660; x_wconf 84' lang='lat' dir='ltr'><strong>recepit</strong></span> <span class='ocrx_word' id='word_1_426' title='bbox 3093 2598 3182 2648; x_wconf 87' lang='lat' dir='ltr'><strong>Tei</strong></span> <span class='ocrx_word' id='word_1_427' title='bbox 3196 2637 3210 2660; x_wconf 90' lang='lat'>‚</span> 
     </span>
    </p>

    <p class='ocr_par' dir='ltr' id='par_1_41' title="bbox 2085 2681 3462 2835">
     <span class='ocr_line' id='line_1_74' title="bbox 2085 2681 3462 2748; baseline 0.006 -19"><span class='ocrx_word' id='word_1_428' title='bbox 2085 2682 2172 2744; x_wconf 89' lang='lat' dir='ltr'><strong>qui</strong></span> <span class='ocrx_word' id='word_1_429' title='bbox 2203 2682 2394 2731; x_wconf 85' lang='lat' dir='ltr'><strong>Gratias</strong></span> <span class='ocrx_word' id='word_1_430' title='bbox 2421 2681 2652 2746; x_wconf 83' lang='lat' dir='ltr'><strong>spirantia</strong></span> <span class='ocrx_word' id='word_1_431' title='bbox 2669 2683 2881 2732; x_wconf 87' lang='lat' dir='ltr'><strong>carmina</strong></span> <span class='ocrx_word' id='word_1_432' title='bbox 2905 2687 2955 2734; x_wconf 84' lang='lat' dir='ltr'><strong>et</strong></span> <span class='ocrx_word' id='word_1_433' title='bbox 2974 2685 3208 2748; x_wconf 78' lang='lat' dir='ltr'><strong>spirantia</strong></span> <span class='ocrx_word' id='word_1_434' title='bbox 3231 2694 3462 2748; x_wconf 70' lang='lat' dir='ltr'><strong>Amor-ea,</strong></span> 
     </span>
     <span class='ocr_line' id='line_1_75' title="bbox 2147 2773 3334 2835; baseline 0.005 -14"><span class='ocrx_word' id='word_1_435' title='bbox 2147 2773 2372 2822; x_wconf 75' lang='lat' dir='ltr'><strong>insuave</strong></span> <span class='ocrx_word' id='word_1_436' title='bbox 2396 2786 2661 2835; x_wconf 87' lang='lat' dir='ltr'><strong>puerorum</strong></span> <span class='ocrx_word' id='word_1_437' title='bbox 2690 2773 2984 2824; x_wconf 86' lang='lat' dir='ltr'><strong>desiderium</strong></span> <span class='ocrx_word' id='word_1_438' title='bbox 3011 2776 3334 2827; x_wconf 74' lang='lat' dir='ltr'><strong>concinnavit.</strong></span> 
     </span>
    </p>

    <p class='ocr_par' dir='ltr' id='par_1_42' title="bbox 2085 2861 3676 3013">
     <span class='ocr_line' id='line_1_76' title="bbox 2085 2861 3676 2931; baseline 0.006 -20"><span class='ocrx_word' id='word_1_439' title='bbox 2085 2862 2194 2911; x_wconf 88' lang='lat' dir='ltr'><strong>Uno</strong></span> <span class='ocrx_word' id='word_1_440' title='bbox 2212 2863 2376 2911; x_wconf 87' lang='lat' dir='ltr'><strong>autem</strong></span> <span class='ocrx_word' id='word_1_441' title='bbox 2403 2864 2632 2924; x_wconf 81' lang='lat' dir='ltr'><strong>gravatur</strong></span> <span class='ocrx_word' id='word_1_442' title='bbox 2655 2861 2705 2911; x_wconf 89' lang='lat' dir='ltr'><strong>in</strong></span> <span class='ocrx_word' id='word_1_443' title='bbox 2729 2863 3003 2913; x_wconf 79' lang='lat' dir='ltr'><strong>Acheronte</strong></span> <span class='ocrx_word' id='word_1_444' title='bbox 3019 2903 3032 2923; x_wconf 89' lang='lat'>‚</span> <span class='ocrx_word' id='word_1_445' title='bbox 3053 2878 3150 2913; x_wconf 88' lang='lat' dir='ltr'><strong>non</strong></span> <span class='ocrx_word' id='word_1_446' title='bbox 3171 2864 3394 2929; x_wconf 80' lang='lat' dir='ltr'><strong>eo-quod</strong></span> <span class='ocrx_word' id='word_1_447' title='bbox 3419 2866 3676 2931; x_wconf 78' lang='lat' dir='ltr'><strong>linquens</strong></span> 
     </span>
     <span class='ocr_line' id='line_1_77' title="bbox 2145 2948 3303 3013; baseline 0.003 -14"><span class='ocrx_word' id='word_1_448' title='bbox 2145 2949 2328 3009; x_wconf 81' lang='lat' dir='ltr'><strong>solem,</strong></span> <span class='ocrx_word' id='word_1_449' title='bbox 2356 2948 2626 2999; x_wconf 75' lang='lat' dir='ltr'><strong>oblivionis</strong></span> <span class='ocrx_word' id='word_1_450' title='bbox 2647 2949 2745 2999; x_wconf 88' lang='lat' dir='ltr'><strong>illic</strong></span> <span class='ocrx_word' id='word_1_451' title='bbox 2769 2951 2974 3013; x_wconf 85' lang='lat' dir='ltr'><strong>adeptus</strong></span> <span class='ocrx_word' id='word_1_452' title='bbox 3003 2955 3077 3001; x_wconf 85' lang='lat' dir='ltr'><strong>est</strong></span> <span class='ocrx_word' id='word_1_453' title='bbox 3105 2951 3303 3013; x_wconf 71' lang='lat' dir='ltr'><strong>domos,</strong></span> 
     </span>
    </p>

    <p class='ocr_par' dir='ltr' id='par_1_43' title="bbox 2085 3037 3352 3189">
     <span class='ocr_line' id='line_1_78' title="bbox 2085 3037 3352 3105; baseline 0.005 -19"><span class='ocrx_word' id='word_1_454' title='bbox 2085 3037 2172 3087; x_wconf 81' lang='lat' dir='ltr'><strong>sed</strong></span> <span class='ocrx_word' id='word_1_455' title='bbox 2209 3038 2340 3099; x_wconf 92' lang='lat' dir='ltr'><strong>quod</strong></span> <span class='ocrx_word' id='word_1_456' title='bbox 2368 3038 2624 3087; x_wconf 88' lang='lat' dir='ltr'><strong>amabilem</strong></span> <span class='ocrx_word' id='word_1_457' title='bbox 2655 3038 2782 3089; x_wconf 86' lang='lat' dir='ltr'><strong>inter</strong></span> <span class='ocrx_word' id='word_1_458' title='bbox 2797 3040 3006 3103; x_wconf 80' lang='lat' dir='ltr'><strong>juvenes</strong></span> <span class='ocrx_word' id='word_1_459' title='bbox 3032 3041 3321 3103; x_wconf 79' lang='lat' dir='ltr'><strong>Megisteum</strong></span> <span class='ocrx_word' id='word_1_460' title='bbox 3337 3081 3352 3105; x_wconf 85' lang='lat'>‚</span> 
     </span>
     <span class='ocr_line' id='line_1_79' title="bbox 2145 3124 3270 3189; baseline 0.004 -15"><span class='ocrx_word' id='word_1_461' title='bbox 2145 3128 2196 3174; x_wconf 88' lang='lat' dir='ltr'><strong>et</strong></span> <span class='ocrx_word' id='word_1_462' title='bbox 2227 3124 2456 3174; x_wconf 75' lang='lat' dir='ltr'><strong>Smerdiae</strong></span> <span class='ocrx_word' id='word_1_463' title='bbox 2481 3125 2772 3175; x_wconf 85' lang='lat' dir='ltr'><strong>Thracicum</strong></span> <span class='ocrx_word' id='word_1_464' title='bbox 2813 3126 3009 3189; x_wconf 83' lang='lat' dir='ltr'><strong>reliquit</strong></span> <span class='ocrx_word' id='word_1_465' title='bbox 3037 3140 3270 3179; x_wconf 87' lang='lat' dir='ltr'><strong>amorem.</strong></span> 
     </span>
    </p>

    <p class='ocr_par' dir='ltr' id='par_1_44' title="bbox 2083 3213 3607 3367">
     <span class='ocr_line' id='line_1_80' title="bbox 2083 3213 3607 3278; baseline 0.006 -15"><span class='ocrx_word' id='word_1_466' title='bbox 2083 3215 2295 3263; x_wconf 81' lang='lat' dir='ltr'><strong>cantum</strong></span> <span class='ocrx_word' id='word_1_467' title='bbox 2321 3226 2439 3262; x_wconf 77' lang='lat' dir='ltr'><strong>vero</strong></span> <span class='ocrx_word' id='word_1_468' title='bbox 2470 3227 2566 3261; x_wconf 89' lang='lat' dir='ltr'><strong>nou</strong></span> <span class='ocrx_word' id='word_1_469' title='bbox 2594 3213 2771 3263; x_wconf 77' lang='lat' dir='ltr'><strong>desirut</strong></span> <span class='ocrx_word' id='word_1_470' title='bbox 2795 3214 3052 3277; x_wconf 81' lang='lat' dir='ltr'><strong>mellitum,</strong></span> <span class='ocrx_word' id='word_1_471' title='bbox 3071 3229 3231 3278; x_wconf 85' lang='lat' dir='ltr'><strong>neque</strong></span> <span class='ocrx_word' id='word_1_472' title='bbox 3265 3216 3431 3268; x_wconf 83' lang='lat' dir='ltr'><strong>adhuc</strong></span> <span class='ocrx_word' id='word_1_473' title='bbox 3457 3219 3607 3272; x_wconf 86' lang='lat' dir='ltr'><strong>illud</strong></span> 
     </span>
     <span class='ocr_line' id='line_1_81' title="bbox 2147 3300 3427 3367; baseline 0.005 -17"><span class='ocrx_word' id='word_1_474' title='bbox 2147 3300 2394 3361; x_wconf 88' lang='lat' dir='ltr'><strong>barbiton,</strong></span> <span class='ocrx_word' id='word_1_475' title='bbox 2419 3315 2482 3351; x_wconf 89' lang='lat' dir='ltr'><strong>ne</strong></span> <span class='ocrx_word' id='word_1_476' title='bbox 2505 3304 2732 3352; x_wconf 83' lang='lat' dir='ltr'><strong>mortuus</strong></span> <span class='ocrx_word' id='word_1_477' title='bbox 2766 3302 2982 3365; x_wconf 85' lang='lat' dir='ltr'><strong>quidem,</strong></span> <span class='ocrx_word' id='word_1_478' title='bbox 3009 3304 3186 3367; x_wconf 75' lang='lat' dir='ltr'><strong>sopivit</strong></span> <span class='ocrx_word' id='word_1_479' title='bbox 3207 3304 3258 3354; x_wconf 89' lang='lat' dir='ltr'><strong>in</strong></span> <span class='ocrx_word' id='word_1_480' title='bbox 3280 3308 3427 3356; x_wconf 86' lang='lat' dir='ltr'><strong>Orco.</strong></span> 
     </span>
    </p>
   </div>
   <div class='ocr_carea' id='block_1_20' title="bbox 2081 3512 3304 3904">
    <p class='ocr_par' dir='ltr' id='par_1_45' title="bbox 2081 3512 3304 3904">
     <span class='ocr_line' id='line_1_82' title="bbox 2147 3512 3158 3580; baseline 0.002 -19"><span class='ocrx_word' id='word_1_481' title='bbox 2147 3514 2350 3561; x_wconf 85' lang='lat' dir='ltr'><strong>Noctem</strong></span> <span class='ocrx_word' id='word_1_482' title='bbox 2371 3512 2431 3560; x_wconf 87' lang='lat' dir='ltr'><strong>de</strong></span> <span class='ocrx_word' id='word_1_483' title='bbox 2451 3512 2586 3576; x_wconf 89' lang='lat' dir='ltr'><strong>pueri</strong></span> <span class='ocrx_word' id='word_1_484' title='bbox 2607 3512 2762 3576; x_wconf 84' lang='lat' dir='ltr'><strong>pulset</strong></span> <span class='ocrx_word' id='word_1_485' title='bbox 2783 3528 2948 3562; x_wconf 87' lang='lat' dir='ltr'><strong>amore</strong></span> <span class='ocrx_word' id='word_1_486' title='bbox 2965 3513 3158 3580; x_wconf 79' lang='lat' dir='ltr'><strong>chelyn.</strong></span> 
     </span>
     <span class='ocr_line' id='line_1_83' title="bbox 2083 3594 3304 3659; baseline 0.003 -16"><span class='ocrx_word' id='word_1_487' title='bbox 2083 3597 2224 3643; x_wconf 83' lang='lat' dir='ltr'><strong>Nunc</strong></span> <span class='ocrx_word' id='word_1_488' title='bbox 2246 3594 2486 3658; x_wconf 76' lang='lat' dir='ltr'><strong>etiamque</strong></span> <span class='ocrx_word' id='word_1_489' title='bbox 2511 3603 2637 3657; x_wconf 81' lang='lat' dir='ltr'><strong>tegat</strong></span> <span class='ocrx_word' id='word_1_490' title='bbox 2653 3595 2712 3643; x_wconf 88' lang='lat' dir='ltr'><strong>de</strong></span> <span class='ocrx_word' id='word_1_491' title='bbox 2735 3595 2950 3659; x_wconf 83' lang='lat' dir='ltr'><strong>pulchris</strong></span> <span class='ocrx_word' id='word_1_492' title='bbox 2969 3596 3088 3646; x_wconf 74' lang='lat' dir='ltr'><strong>facta</strong></span> <span class='ocrx_word' id='word_1_493' title='bbox 3106 3598 3304 3648; x_wconf 77' lang='lat' dir='ltr'><strong>racemis</strong></span> 
     </span>
     <span class='ocr_line' id='line_1_84' title="bbox 2149 3675 3049 3743; baseline 0.003 -20"><span class='ocrx_word' id='word_1_494' title='bbox 2149 3679 2204 3723; x_wconf 91' lang='lat' dir='ltr'><strong>In</strong></span> <span class='ocrx_word' id='word_1_495' title='bbox 2229 3684 2380 3723; x_wconf 84' lang='lat' dir='ltr'><strong>terras</strong></span> <span class='ocrx_word' id='word_1_496' title='bbox 2403 3675 2520 3739; x_wconf 85' lang='lat' dir='ltr'><strong>lapsi</strong></span> <span class='ocrx_word' id='word_1_497' title='bbox 2546 3675 2661 3724; x_wconf 81' lang='lat' dir='ltr'><strong>festa</strong></span> <span class='ocrx_word' id='word_1_498' title='bbox 2685 3692 2862 3725; x_wconf 86' lang='lat' dir='ltr'><strong>corona</strong></span> <span class='ocrx_word' id='word_1_499' title='bbox 2884 3688 3049 3743; x_wconf 82' lang='lat' dir='ltr'><strong>caput,</strong></span> 
     </span>
     <span class='ocr_line' id='line_1_85' title="bbox 2081 3756 3254 3827; baseline 0.004 -22"><span class='ocrx_word' id='word_1_500' title='bbox 2081 3759 2184 3806; x_wconf 84' lang='lat' dir='ltr'><strong>Nec</strong></span> <span class='ocrx_word' id='word_1_501' title='bbox 2208 3756 2384 3809; x_wconf 72' lang='lat' dir='ltr'><strong>Bromii</strong></span> <span class='ocrx_word' id='word_1_502' title='bbox 2413 3756 2474 3811; x_wconf 76' lang='lat' dir='ltr'><strong>sit</strong></span> <span class='ocrx_word' id='word_1_503' title='bbox 2494 3757 2615 3806; x_wconf 81' lang='lat' dir='ltr'><strong>roris</strong></span> <span class='ocrx_word' id='word_1_504' title='bbox 2637 3774 2776 3823; x_wconf 82' lang='lat' dir='ltr'><strong>egens</strong></span> <span class='ocrx_word' id='word_1_505' title='bbox 2792 3797 2812 3821; x_wconf 26' lang='grc' dir='ltr'>,Ι</span> <span class='ocrx_word' id='word_1_506' title='bbox 2831 3776 2928 3824; x_wconf 90' lang='lat' dir='ltr'><strong>quo</strong></span> <span class='ocrx_word' id='word_1_507' title='bbox 2952 3760 3134 3809; x_wconf 82' lang='lat' dir='ltr'><strong>dulcius</strong></span> <span class='ocrx_word' id='word_1_508' title='bbox 3153 3760 3254 3827; x_wconf 69' lang='lat' dir='ltr'><strong>ipm</strong></span> 
     </span>
     <span class='ocr_line' id='line_1_86' title="bbox 2146 3837 3136 3904; baseline 0.005 -17"><span class='ocrx_word' id='word_1_509' title='bbox 2146 3837 2352 3903; x_wconf 85' lang='lat' dir='ltr'><strong>Spiravit</strong></span> <span class='ocrx_word' id='word_1_510' title='bbox 2376 3838 2532 3904; x_wconf 81' lang='lat' dir='ltr'><strong>lepido</strong></span> <span class='ocrx_word' id='word_1_511' title='bbox 2558 3855 2749 3887; x_wconf 87' lang='lat' dir='ltr'><strong>carmen</strong></span> <span class='ocrx_word' id='word_1_512' title='bbox 2781 3840 2842 3888; x_wconf 84' lang='lat' dir='ltr'><strong>ab</strong></span> <span class='ocrx_word' id='word_1_513' title='bbox 2867 3857 2951 3889; x_wconf 88' lang='lat' dir='ltr'><strong>ore</strong></span> <span class='ocrx_word' id='word_1_514' title='bbox 2975 3858 3136 3892; x_wconf 78' lang='lat' dir='ltr'><strong>senex.</strong></span> 
     </span>
    </p>
   </div>
   <div class='ocr_carea' id='block_1_21' title="bbox 2671 3997 3038 4183">
    <p class='ocr_par' dir='ltr' id='par_1_46' title="bbox 2671 3997 3038 4183">
     <span class='ocr_line' id='line_1_87' title="bbox 2671 3997 3038 4061; baseline 0.008 -18"><span class='ocrx_word' id='word_1_515' title='bbox 2671 3997 2751 4046; x_wconf 77' lang='lat'><strong>25.</strong></span> <span class='ocrx_word' id='word_1_516' title='bbox 2791 4012 3006 4046; x_wconf 69' lang='lat' dir='ltr'><strong>musana</strong></span> <span class='ocrx_word' id='word_1_517' title='bbox 3021 4035 3038 4061; x_wconf 90' lang='lat'><em>,</em></span> 
     </span>
     <span class='ocr_line' id='line_1_88' title="bbox 2725 4130 2982 4183; baseline 0.016 -4"><span class='ocrx_word' id='word_1_518' title='bbox 2725 4130 2785 4180; x_wconf 83' lang='lat' dir='ltr'><strong>de</strong></span> <span class='ocrx_word' id='word_1_519' title='bbox 2802 4131 2982 4183; x_wconf 84' lang='lat' dir='ltr'><strong>eodem.</strong></span> 
     </span>
    </p>
   </div>
   <div class='ocr_carea' id='block_1_22' title="bbox 2081 4261 3389 5069">
    <p class='ocr_par' dir='ltr' id='par_1_47' title="bbox 2081 4261 3370 4412">
     <span class='ocr_line' id='line_1_89' title="bbox 2081 4261 3370 4325; baseline 0.005 -15"><span class='ocrx_word' id='word_1_520' title='bbox 2081 4261 2358 4323; x_wconf 71' lang='lat' dir='ltr'><strong>victurum,</strong></span> <span class='ocrx_word' id='word_1_521' title='bbox 2395 4264 2513 4314; x_wconf 85' lang='lat' dir='ltr'><strong>dum.</strong></span> <span class='ocrx_word' id='word_1_522' title='bbox 2533 4264 2765 4325; x_wconf 67' lang='lat' dir='ltr'><strong>mundata,</strong></span> <span class='ocrx_word' id='word_1_523' title='bbox 2787 4265 3108 4315; x_wconf 77' lang='lat' dir='ltr'><strong>Anacreiouia</strong></span> <span class='ocrx_word' id='word_1_524' title='bbox 3135 4268 3370 4317; x_wconf 77' lang='lat' dir='ltr'><strong>Camoeme</strong></span> 
     </span>
     <span class='ocr_line' id='line_1_90' title="bbox 2147 4345 3121 4412; baseline 0.006 -20"><span class='ocrx_word' id='word_1_525' title='bbox 2147 4345 2427 4393; x_wconf 79' lang='lat' dir='ltr'><strong>Muneribus</strong></span> <span class='ocrx_word' id='word_1_526' title='bbox 2449 4347 2612 4395; x_wconf 77' lang='lat' dir='ltr'><strong>condit</strong></span> <span class='ocrx_word' id='word_1_527' title='bbox 2643 4347 2798 4412; x_wconf 86' lang='lat' dir='ltr'><strong>patria</strong></span> <span class='ocrx_word' id='word_1_528' title='bbox 2817 4356 2946 4396; x_wconf 73' lang='lat' dir='ltr'><strong>terra</strong></span> <span class='ocrx_word' id='word_1_529' title='bbox 2961 4352 3082 4397; x_wconf 87' lang='lat' dir='ltr'><strong>Teos</strong></span> <span class='ocrx_word' id='word_1_530' title='bbox 3107 4362 3121 4399; x_wconf 69' lang='grc' dir='ltr'>ε</span> 
     </span>
    </p>

    <p class='ocr_par' dir='ltr' id='par_1_48' title="bbox 2085 4428 3267 4577">
     <span class='ocr_line' id='line_1_91' title="bbox 2085 4428 3267 4494; baseline 0.004 -18"><span class='ocrx_word' id='word_1_531' title='bbox 2085 4428 2229 4493; x_wconf 79' lang='lat' dir='ltr'><strong>Cujus</strong></span> <span class='ocrx_word' id='word_1_532' title='bbox 2253 4429 2582 4493; x_wconf 74' lang='lat' dir='ltr'><strong>amoma-&#39;jocos</strong></span> <span class='ocrx_word' id='word_1_533' title='bbox 2599 4430 2780 4494; x_wconf 86' lang='lat' dir='ltr'><strong>spirant</strong></span> <span class='ocrx_word' id='word_1_534' title='bbox 2805 4439 2854 4478; x_wconf 89' lang='lat' dir='ltr'><strong>et</strong></span> <span class='ocrx_word' id='word_1_535' title='bbox 2875 4440 3040 4479; x_wconf 86' lang='lat' dir='ltr'><strong>nectar</strong></span> <span class='ocrx_word' id='word_1_536' title='bbox 3057 4447 3267 4481; x_wconf 79' lang='lat' dir='ltr'><strong>amonim</strong></span> 
     </span>
     <span class='ocr_line' id='line_1_92' title="bbox 2152 4509 3102 4577; baseline 0.003 -17"><span class='ocrx_word' id='word_1_537' title='bbox 2152 4510 2355 4560; x_wconf 84' lang='lat' dir='ltr'><strong>Condita</strong></span> <span class='ocrx_word' id='word_1_538' title='bbox 2378 4509 2594 4561; x_wconf 85' lang='lat' dir='ltr'><strong>formosis</strong></span> <span class='ocrx_word' id='word_1_539' title='bbox 2622 4512 2830 4561; x_wconf 87' lang='lat' dir='ltr'><strong>carmina</strong></span> <span class='ocrx_word' id='word_1_540' title='bbox 2850 4512 2908 4561; x_wconf 87' lang='lat' dir='ltr'><strong>de</strong></span> <span class='ocrx_word' id='word_1_541' title='bbox 2928 4513 3102 4577; x_wconf 82' lang='lat' dir='ltr'><strong>pueris.</strong></span> 
     </span>
    </p>

    <p class='ocr_par' dir='ltr' id='par_1_49' title="bbox 2085 4593 3386 4744">
     <span class='ocr_line' id='line_1_93' title="bbox 2085 4593 3386 4663; baseline 0.005 -20"><span class='ocrx_word' id='word_1_542' title='bbox 2085 4597 2226 4644; x_wconf 88' lang='lat' dir='ltr'><strong>Nunc</strong></span> <span class='ocrx_word' id='word_1_543' title='bbox 2251 4593 2521 4643; x_wconf 80' lang='lat' dir='ltr'><strong>Acheronta</strong></span> <span class='ocrx_word' id='word_1_544' title='bbox 2547 4595 2680 4643; x_wconf 87' lang='lat' dir='ltr'><strong>dolet</strong></span> <span class='ocrx_word' id='word_1_545' title='bbox 2699 4596 2826 4643; x_wconf 83' lang='lat' dir='ltr'><strong>solus</strong></span> <span class='ocrx_word' id='word_1_546' title='bbox 2858 4596 2973 4652; x_wconf 90' lang='lat' dir='ltr'><strong>sibi,</strong></span> <span class='ocrx_word' id='word_1_547' title='bbox 3006 4614 3104 4646; x_wconf 89' lang='lat' dir='ltr'><strong>non</strong></span> <span class='ocrx_word' id='word_1_548' title='bbox 3121 4598 3229 4663; x_wconf 84' lang='lat' dir='ltr'><strong>quia</strong></span> <span class='ocrx_word' id='word_1_549' title='bbox 3251 4599 3386 4662; x_wconf 75' lang='lat' dir='ltr'><strong>regui</strong></span> 
     </span>
     <span class='ocr_line' id='line_1_94' title="bbox 2151 4680 3096 4744; baseline 0 -15"><span class='ocrx_word' id='word_1_550' title='bbox 2151 4684 2329 4744; x_wconf 77' lang='lat' dir='ltr'><strong>Raptus</strong></span> <span class='ocrx_word' id='word_1_551' title='bbox 2351 4680 2410 4728; x_wconf 89' lang='lat' dir='ltr'><strong>ad</strong></span> <span class='ocrx_word' id='word_1_552' title='bbox 2434 4680 2609 4729; x_wconf 85' lang='lat' dir='ltr'><strong>inferni</strong></span> <span class='ocrx_word' id='word_1_553' title='bbox 2631 4681 2795 4731; x_wconf 87' lang='lat' dir='ltr'><strong>nubila</strong></span> <span class='ocrx_word' id='word_1_554' title='bbox 2819 4682 2918 4729; x_wconf 77' lang='lat' dir='ltr'><strong>sole</strong></span> <span class='ocrx_word' id='word_1_555' title='bbox 2941 4692 3096 4737; x_wconf 84' lang='lat' dir='ltr'><strong>caret,</strong></span> 
     </span>
    </p>

    <p class='ocr_par' dir='ltr' id='par_1_50' title="bbox 2085 4761 3389 4905">
     <span class='ocr_line' id='line_1_95' title="bbox 2085 4761 3389 4826; baseline 0.002 -18"><span class='ocrx_word' id='word_1_556' title='bbox 2085 4762 2174 4809; x_wconf 88' lang='lat' dir='ltr'><strong>Sed</strong></span> <span class='ocrx_word' id='word_1_557' title='bbox 2194 4761 2304 4825; x_wconf 81' lang='lat' dir='ltr'><strong>quia</strong></span> <span class='ocrx_word' id='word_1_558' title='bbox 2333 4777 2462 4809; x_wconf 89' lang='lat' dir='ltr'><strong>nunc</strong></span> <span class='ocrx_word' id='word_1_559' title='bbox 2483 4763 2713 4826; x_wconf 75' lang='lat' dir='ltr'><strong>juvenum</strong></span> <span class='ocrx_word' id='word_1_560' title='bbox 2737 4762 2940 4811; x_wconf 86' lang='lat' dir='ltr'><strong>delectat</strong></span> <span class='ocrx_word' id='word_1_561' title='bbox 2963 4762 3104 4810; x_wconf 88' lang='lat' dir='ltr'><strong>corda</strong></span> <span class='ocrx_word' id='word_1_562' title='bbox 3131 4762 3389 4825; x_wconf 78' lang='lat' dir='ltr'><strong>Megisleus</strong></span> 
     </span>
     <span class='ocr_line' id='line_1_96' title="bbox 2151 4842 3231 4905; baseline 0.001 -14"><span class='ocrx_word' id='word_1_563' title='bbox 2151 4842 2342 4905; x_wconf 86' lang='lat' dir='ltr'><strong>Dulcis,</strong></span> <span class='ocrx_word' id='word_1_564' title='bbox 2362 4852 2411 4891; x_wconf 85' lang='lat' dir='ltr'><strong>et</strong></span> <span class='ocrx_word' id='word_1_565' title='bbox 2433 4842 2642 4891; x_wconf 88' lang='lat' dir='ltr'><strong>incendit</strong></span> <span class='ocrx_word' id='word_1_566' title='bbox 2665 4844 2876 4893; x_wconf 86' lang='lat' dir='ltr'><strong>Smerdia</strong></span> <span class='ocrx_word' id='word_1_567' title='bbox 2909 4842 3068 4891; x_wconf 81' lang='lat' dir='ltr'><strong>Thrax</strong></span> <span class='ocrx_word' id='word_1_568' title='bbox 3100 4844 3231 4893; x_wconf 76' lang='lat' dir='ltr'><strong>alios,</strong></span> 
     </span>
    </p>

    <p class='ocr_par' dir='ltr' id='par_1_51' title="bbox 2086 4925 3171 5069">
     <span class='ocr_line' id='line_1_97' title="bbox 2086 4925 3171 4975; baseline 0.001 -3"><span class='ocrx_word' id='word_1_569' title='bbox 2086 4925 2230 4973; x_wconf 85' lang='lat' dir='ltr'><strong>Nulla</strong></span> <span class='ocrx_word' id='word_1_570' title='bbox 2250 4933 2410 4973; x_wconf 86' lang='lat' dir='ltr'><strong>tamen</strong></span> <span class='ocrx_word' id='word_1_571' title='bbox 2439 4936 2604 4975; x_wconf 78' lang='lat' dir='ltr'><strong>cantus</strong></span> <span class='ocrx_word' id='word_1_572' title='bbox 2622 4926 2798 4974; x_wconf 73' lang='lat' dir='ltr'><strong>oblivia</strong></span> <span class='ocrx_word' id='word_1_573' title='bbox 2827 4943 2838 4975; x_wconf 79' lang='lat' dir='ltr'><strong><em>z</em></strong></span> <span class='ocrx_word' id='word_1_574' title='bbox 2866 4926 3079 4974; x_wconf 82' lang='lat' dir='ltr'><strong>barbitos</strong></span> <span class='ocrx_word' id='word_1_575' title='bbox 3104 4926 3171 4973; x_wconf 89' lang='lat' dir='ltr'><strong>illi</strong></span> 
     </span>
     <span class='ocr_line' id='line_1_98' title="bbox 2157 4998 3166 5069; baseline 0.002 -14"><span class='ocrx_word' id='word_1_576' title='bbox 2157 5006 2333 5057; x_wconf 79' lang='lat' dir='ltr'><strong>Blanda</strong></span> <span class='ocrx_word' id='word_1_577' title='bbox 2362 5008 2522 5057; x_wconf 85' lang='lat' dir='ltr'><strong>necin</strong></span> <span class='ocrx_word' id='word_1_578' title='bbox 2551 4998 2671 5057; x_wconf 77' lang='lat' dir='ltr'><strong>Ditis</strong></span> <span class='ocrx_word' id='word_1_579' title='bbox 2705 5010 2813 5059; x_wconf 82' lang='lat' dir='ltr'><strong>sede</strong></span> <span class='ocrx_word' id='word_1_580' title='bbox 2845 5009 3012 5065; x_wconf 81' lang='lat' dir='ltr'><strong>silente</strong></span> <span class='ocrx_word' id='word_1_581' title='bbox 3035 5010 3166 5069; x_wconf 71' lang='lat' dir='ltr'><strong>silei.</strong></span> 
     </span>
    </p>
   </div>
   <div class='ocr_carea' id='block_1_23' title="bbox 3770 487 3776 1068">
    <p class='ocr_par' dir='ltr' id='par_1_52' title="bbox 3770 487 3776 1068">
     <span class='ocr_line' id='line_1_99' title="bbox 3770 487 3776 1068; baseline 0 0"><span class='ocrx_word' id='word_1_582' title='bbox 3770 487 3776 1068; x_wconf 95' lang='lat' dir='ltr'><strong> </strong></span> 
     </span>
    </p>
   </div>
  </div>
 </body>
</html>
