3829 5747
333 189 449 247 380
1434 186 1940 249 ANTHOLOGIAE
1986 186 2383 247 PALATINAE

468 329 603 380 554.
651 321 1035 381 ominum·
1075 320 1738 379 ΘΕΣΣΑΛΟΝΙΚΕΩΣ.

327 457 570 525 Λατύπος
599 458 897 539 Ἀρχιτέλης
921 456 1226 537 Ἀγαθάνορι
1248 460 1396 518 παιδὶ
1423 458 1627 518 θανόντι

405 547 582 626 χερσὶν
609 548 831 623 ὀΐζυραῒς
856 546 1186 625 ἡρμολόγησε
1217 547 1399 627 τάφον,

329 634 474 704 αἰαῖ,
501 634 690 711 πέτρον
717 636 932 711 ἐκεῖνον,
956 634 1012 693 ὃν
1043 638 1136 693 οὐκ
1165 633 1386 715 ἐκόλαψε
1415 636 1652 714 σίδηρος,

407 723 524 780 ἀλλ’
552 721 712 793 ἐτάκη
736 726 967 789 πυκινοῖς
996 722 1213 801 δάκρυσι
1236 722 1558 802 τεγγόμενος.

328 808 445 866 «beu
465 853 480 877 ,
509 806 674 879 στήλη
699 809 929 888 φθιμένῳ
956 808 1120 888 κούφη
1146 805 1268 884 μένε
1284 853 1300 881 ,
1321 817 1485 875 κεῖνος
1505 808 1574 866 ἵν’
1599 807 1742 887 εἴπῃ·

405 921 430 945 κ
460 891 668 963 Ὄντως
693 893 912 975 πατρῴη
933 895 1048 975 χεὶρ
1075 894 1294 967 ἐπέθηκε
1323 895 1462 955 λίθον
1491 924 1535 954 ιο.

629 1046 765 1097 555.
811 1038 1158 1099 ΙΩΑΝΝΟΥ
1198 1038 1566 1099 ΠΟΙΗΤΟΥ.

325 1176 415 1243 Ἐς
441 1176 592 1236 πόσιν
619 1176 894 1255 ἀθρήσασα
921 1178 1050 1257 παρ’
1072 1178 1323 1257 ἕσχατίης
1349 1177 1466 1237 λίνα
1495 1175 1677 1257 μοίρης

400 1264 562 1344 ᾔνεσα
591 1264 679 1324 καὶ
707 1266 972 1343 χθονίους,
995 1265 1156 1345 ᾔνεσα
1189 1266 1276 1324 καὶ
1305 1265 1502 1342 ζυγίους
1521 1284 1536 1299 ·

325 1350 440 1419 τοὺς
470 1352 564 1427 μὲν
582 1397 598 1426 ,
629 1349 710 1411 ὅτι
738 1346 1044 1420 ζωὸνλίπον
1073 1351 1260 1431 ἀνέρα·
1292 1351 1407 1418 τοὺς
1435 1352 1477 1409 δ’
1481 1397 1500 1423 ,
1525 1350 1601 1408 ὅτι
1630 1360 1787 1409 τοῖον.

403 1439 558 1498 Ἀλλὰ
581 1437 758 1517 πατὴρ
780 1438 959 1515 μίμνοι
981 1439 1160 1497 παισὶν
1183 1438 1258 1518 ἐφ’
1279 1436 1572 1515 ἡμετέροις.
1595 1470 1674 1483 —

320 1530 492 1587 Τοῦτο
521 1527 874 1607 σαοφροσύνας
903 1526 1140 1595 ἀντάξιον
1171 1526 1345 1604 εὕρεο,
1377 1526 1600 1587 Νοστώ·

401 1614 602 1695 δάκρυά
628 1637 708 1674 σοι
733 1614 966 1691 γαμέτας
994 1622 1172 1673 σπεῖσε
1199 1614 1579 1692 καταφθιμένᾳ.

440 1770 576 1821 556.
619 1760 1028 1820 ΘΕΟΔΩΡΟΥ
1070 1757 1222 1819 ΤΟΥ
1261 1760 1746 1820 ᾺΝΘΥΠΑΤΟΥ.

320 1895 545 1968 Νηλειὴς
563 1892 732 1967 Ἀΐδης
748 1919 762 1933 ·
787 1895 870 1955 ἐπὶ
897 1896 980 1955 σοὶ
1010 1896 1054 1954 δ’
1075 1893 1326 1971 ἐγέλασσε
1352 1896 1554 1954 θανόντι
1571 1943 1586 1968 ,

395 1985 614 2063 Τίτυρε,
644 1984 734 2043 καὶ
761 1984 951 2043 νεκύων
980 1981 1106 2054 θῆκέ
1133 2006 1190 2042 σε
1223 1984 1528 2061 μιμολόγον.

673 2134 807 2186 557.
858 2126 1109 2185 ΚΥΡΟΥ
1155 2126 1512 2186 ΠΟΙΗἸὈΥ.

317 2268 471 2346 Τρεῖς
498 2266 651 2325 ἐτέων
681 2266 914 2337 δεκάδες,
937 2263 1116 2334 Μαίης
1136 2265 1314 2343 χρόνος
1330 2289 1342 2301 ·
1369 2268 1418 2331 ἐς
1441 2265 1558 2343 τρία
1586 2267 1630 2323 δ’
1655 2266 1788 2323 ἄλλοι

395 2353 625 2432 ἔτρεχεν,
649 2351 762 2410 ἀλλ’
788 2351 956 2422 Ἀΐδης
977 2351 1160 2430 πικρὸν
1189 2350 1392 2431 ἔπεμψε
1419 2351 1586 2429 βέλος·

315 2439 600 2521 θηλυτέρην
629 2441 673 2497 δ’
693 2439 891 2517 ἥρπαξε
923 2439 1084 2521 ῥόδων
1113 2437 1426 2497 καλύκεσσιν
1455 2438 1666 2513 ὁμοίην,

394 2528 548 2586 πάντ’
572 2524 983 2604 ἀπομαξαμένην
1011 2526 1138 2607 ἔργα
1166 2525 1233 2584 τὰ
1263 2524 1592 2598 Πηνελόπης.

810 2681 934 2731 558.
971 2682 1363 2731 ΑΔΕΣΠΟΤΟΝ.

313 2808 483 2896 “ᾼδης
511 2807 604 2886 μὲν
630 2807 851 2880 σύλησεν
878 2809 1006 2886 ἐμῆς
1027 2806 1265 2880 νεότητος
1293 2808 1526 2887 ὀπώρην,

394 2895 558 2976 κρύψε
585 2896 638 2954 δὲ
667 2895 918 2976 παππῴῳ
948 2897 1181 2973 μνήματι
1205 2898 1337 2976 τῷδε
1363 2898 1520 2963 λίθος.

313 2983 528 3061 Οὔνομα
553 2983 820 3062 Ῥουφῖνος
849 2985 1097 3060 γενόμην,
1122 2986 1244 3051 πάϊς
1274 2986 1545 3065 Αἷθερίοιο,

391 3071 584 3150 μητρὸς
605 3073 649 3128 δ’
670 3071 721 3138 ἐξ
743 3074 964 3148 ἀγαθῆς·
989 3072 1122 3130 ἀλλὰ
1147 3073 1317 3148 μάτην
1342 3072 1584 3149 γενόμην.

313 3157 406 3222 Ἐς
432 3157 533 3236 γὰρ
561 3157 719 3234 ἄκρον
749 3158 945 3230 μούσης
971 3181 1026 3216 τε
1057 3159 1146 3217 καὶ
1174 3159 1304 3230 ἥὸης
1331 3151 1458 3230 ἧκον
1490 3159 1739 3228 ἐλάσσας,

390 3249 514 3323 φεῦ,
541 3245 693 3323 σοφὸς
721 3248 790 3310 εἷς
820 3243 1001 3320 ἀΐδην,
1033 3247 1124 3304 καὶ
1150 3247 1259 3312 νέος
1288 3249 1356 3313 εἷς
1385 3245 1579 3325 ἔρεὸος.

313 3331 500 3391 Κώκυε
527 3330 614 3388 καὶ
642 3330 704 3387 σὺ
737 3330 942 3404 βλέπων
962 3332 1086 3390 τάδε
1108 3335 1394 3410 γράμματα
1425 3333 1623 3415 μακρὸν
1640 3378 1655 3405 ,
1681 3334 1826 3391 ὁδῗτα
1844 3357 1857 3371 ·

388 3417 452 3488 δὴ
480 3418 581 3495 γὰρ
601 3417 719 3497 ἔφυς
747 3422 889 3486 ζωῶν
916 3416 950 3488 ἢ
977 3419 1098 3485 πάϊς
1128 3419 1190 3490 ἠὲ
1217 3420 1412 3496 πατήρ.

637 3585 752 3640 554.
795 3601 1012 3632 tutan-1⁸1
1055 3601 1522 3636 τιιεεειιωιτιοειιειε.

310 3674 579 3726 Architeles
605 3675 806 3740 lapicida
829 3676 993 3726 dolens
1009 3675 1300 3740 Agathanori
1325 3687 1438 3726 nato

375 3762 487 3808 Hoec
512 3767 747 3807 exstructa
767 3773 850 3806 sua
875 3759 955 3806 dat
975 3767 1283 3807 monumenta
1298 3775 1461 3808 manu.

307 3837 388 3888 Ah
407 3839 524 3905 lapis
547 3839 710 3888 infelix
725 3875 739 3901 ,
769 3855 910 3904 quem
934 3856 1030 3888 non
1053 3840 1118 3889 vis
1139 3839 1334 3889 horrida
1353 3839 1489 3900 ferri,

373 3922 461 3972 Sed
482 3923 696 3987 lacrymm
721 3922 872 3971 moesti
899 3923 1047 3987 patris
1069 3921 1131 3970 ab
1161 3939 1246 3971 ore
1268 3933 1456 3972 cavant.

308 4002 382 4053 Sis
408 4002 525 4052 levis
545 4039 560 4064 ,
591 4012 642 4052 ut
661 4001 785 4052 dicat
799 4003 925 4070 jacet
944 4003 1024 4052 hic
1044 4003 1126 4069 qui
1145 4012 1360 4053 mortuus
1388 4021 1400 4054 :
1423 4004 1561 4053 istum

374 4087 492 4148 Quae
519 4086 705 4151 posuit,
735 4101 845 4134 vere
861 4086 1030 4135 dextra
1049 4094 1246 4152 paterna
1273 4086 1379 4137 ruit.

883 4175 997 4224 555.
1035 4191 1270 4223 sommus
1284 4212 1295 4234 ‚

819 4281 985 4313 roam
1021 4281 1338 4313 sansucium.

309 4349 583 4416 Respiciens
609 4353 796 4401 dulcem
807 4353 905 4418 jam
920 4354 1020 4418 jam
1049 4352 1279 4402 moritura
1305 4353 1526 4402 maritum

374 4433 580 4481 laudavi
603 4434 770 4483 mortis
789 4434 1086 4498 conjugiique
1114 4435 1261 4484 deos:

308 4515 446 4575 Illos,
472 4516 598 4580 quod
623 4526 730 4582 post
753 4532 832 4565 me
854 4517 932 4565 vir
951 4517 1157 4579 viveret,
1179 4517 1266 4566 hos
1280 4554 1295 4579 ,
1315 4517 1426 4582 quiin
1454 4518 1577 4568 talis.

371 4593 451 4644 Ali
477 4606 664 4646 ninneat
689 4599 860 4647 nostris
883 4597 1112 4664 partubus
1130 4599 1211 4648 ille
1226 4603 1382 4664 pater!

963 4714 1200 4758 ausuum,

962 4777 1021 4826 de
1057 4777 1235 4829 eodem.

307 4869 448 4916 Sume
463 4865 700 4931 pudicitiae
719 4869 922 4932 pretium
941 4869 1236 4933 miserabile,
1258 4873 1407 4920 Nosto
1444 4888 1455 4920 :

377 4949 483 4998 Non
511 4949 670 4998 vinum
693 4949 813 5001 libat
835 4952 906 5000 vir
927 4951 1040 5013 tibi,
1066 4953 1146 5002 sed
1165 4953 1412 5020 lacrymas.

2206 323 2311 370 554.
2346 320 2623 369 PfflLn’Pl
2656 321 3288 371 THESSALONICENCIS.

1964 460 2188 523 Lapicida
2208 460 2471 511 Architeles
2500 460 2786 524 Agathanori
2806 476 2957 525 puero
2980 464 3173 512 mortuo

2024 548 2251 598 manibus
2275 548 2564 598 miserandis
2590 550 2865 599 construxit
2889 551 3153 611 tumulum,

1962 634 2061 685 heu
2075 675 2088 697 ,
2118 634 2217 685 heu
2232 674 2245 697 ‚
2270 635 2482 699 lapidem
2503 636 2642 686 illurn
2661 674 2673 696 ‚
2693 650 2841 699 quem
2858 652 2952 687 non
2980 638 3184 701 sculpsit
3208 638 3441 687 serrum
3466 674 3483 695 ‚

2026 722 2115 773 sed
2140 726 2229 787 qut·
2256 722 2415 773 tabuit
2439 722 2621 773 crebris
2642 724 2853 773 lacrimis
2880 726 3121 787 perfusus.

1964 810 2100 867 Heu,
2121 808 2277 871 cippo,
2304 810 2497 858 mortuo
2514 808 2637 858 levis
2662 822 2803 858 mane
2819 847 2832 870 ,
2852 809 2934 859 ille
2958 813 3016 861 ut
3039 810 3202 861 dicat:

2030 913 2055 937 a
2087 896 2275 945 Revera
2295 897 2495 958 paterna
2520 908 2694 945 manns
2714 897 2847 945 mihi
2868 896 3101 960 imposuit
3129 897 3383 962 lapidem.
3440 917 3473 937 ν

2400 1040 2506 1084 555.
2541 1035 2569 1082 J
2574 1036 2797 1083 OANNIS
2830 1036 3064 1084 POETA-2.

1966 1174 2022 1221 ln
2055 1171 2213 1221 virum
2241 1172 2683 1235 conjiciens-oeulos
2705 1172 2843 1234 iuxta
2868 1174 3067 1226 extremi
3096 1174 3179 1224 iila
3204 1176 3301 1226 sati

2024 1259 2219 1309 laudavi
2239 1262 2289 1308 et
2311 1260 2650 1310 subterraneos
2672 1260 2809 1321 deos,
2830 1261 3025 1311 laudavi
3043 1264 3093 1312 et
3104 1262 3301 1326 jugales
3330 1284 3347 1311 2

1961 1348 2093 1409 illos,
2117 1346 2248 1409 quod
2272 1347 2439 1396 vivum
2463 1347 2649 1410 liquere
2675 1348 2862 1409 virum3
2892 1348 3003 1410 hos,
3032 1349 3165 1412 quod
3188 1350 3377 1400 talem-

2022 1434 2119 1484 Sed
2142 1437 2281 1498 pater
2302 1437 2493 1485 maneat
2519 1434 2862 1498 superstitibus
2892 1436 3057 1486 liberis
3082 1438 3282 1487 nostris,
3310 1466 3397 1475 —

1964 1525 2100 1571 Hanc
2126 1522 2379 1571 modestia>
2406 1522 2893 1587 mercedem-dignam
2918 1524 3141 1575 invenisti
3157 1562 3169 1585 ‚
3198 1528 3371 1576 Nesto
3406 1546 3423 1572 :

2022 1610 2245 1661 lacrimas
2262 1609 2351 1659 tibi
2374 1610 2545 1673 oonJux
2568 1609 2737 1660 libavit
2761 1614 2982 1661 morture.
3146 1644 3173 1663 s

2266 1770 2371 1813 556.
2408 1764 2731 1812 THEODORI
2763 1764 3201 1816 PROCONSULIS.

1964 1904 2168 1954 Immitis
2186 1907 2257 1953 est
2278 1904 2421 1954 Pluto
2438 1922 2452 1964 ς
2472 1904 2523 1953 in
2546 1907 2595 1954 te
2617 1906 2784 1953 autem
2806 1903 2913 1954 risit
2933 1906 3128 1954 mortuo
3144 1942 3157 1966 ,

2020 1991 2183 2053 Tityre
2200 2028 2213 2051 ,
2236 1994 2287 2041 et
2306 1991 2649 2041 defunctorum
2664 1990 2831 2053 posuit
2851 1994 2902 2041 te
2928 1990 3153 2043 mimum.

2452 2144 2557 2190 557.
2589 2142 2741 2190 cYm
2774 2142 3009 2191 POETAE.

1958 2280 2077 2327 Tres
2096 2289 2331 2325 annorum
2348 2274 2554 2325 deoetdes
2570 2315 2583 2337 ‚
2609 2278 2750 2326 Maeae
2766 2280 2913 2337 aetas3
2934 2276 2995 2327 ad
3015 2281 3115 2329 tres
3130 2280 3307 2329 nutem
3326 2280 3489 2330 alios

2018 2362 2245 2414 currebat
2262 2400 2274 2423 ‚
2300 2362 2387 2413 sed
2410 2365 2554 2413 Pluto
2579 2364 2809 2414 acerbum
2831 2365 2963 2415 misit
2984 2367 3154 2428 telum,

1960 2451 2284 2512 feminamque
2303 2450 2463 2513 rapuit
2485 2463 2708 2499 rosarum
2724 2451 2954 2502 calicibus
2972 2452 3175 2503 similem
3194 2493 3207 2515 ,

2018 2540 2193 2587 cuneta
2208 2536 2587 2599 quae-referebat
2607 2550 2754 2600 opera
2776 2537 3053 2602 Penelopes.

2467 2676 2572 2722 558.
2603 2682 2991 2726 ANONYMUM.

1955 2810 2098 2859 Pluto
2119 2810 2315 2872 quidem
2334 2809 2533 2873 diripuit
2551 2824 2674 2861 meoe
2685 2811 2897 2873 iuventae
2920 2811 3111 2863 fructus
3127 2850 3141 2878 ,

2014 2899 2201 2949 abdidit
2219 2913 2303 2949 eos
2326 2902 2489 2949 autem
2512 2900 2642 2950 avito
2661 2903 2973 2950 monumento
2992 2901 3087 2951 hoc
3104 2902 3243 2966 lapis.

1952 2987 2155 3036 Nomine
2172 2985 2377 3037 Rufinus
2398 2986 2484 3048 mi,
2508 2986 2638 3036 tilius
2654 2986 2855 3037 AEtherii
2870 3027 2883 3050 ,

2012 3077 2260 3136 matreque
2283 3088 2340 3123 ex
2368 3074 2493 3124 bona
2523 3067 2641 3124 :sed
2670 3075 2849 3126 frustra
2866 3077 3169 3125 natus-sum.

1950 3160 2025 3210 Ad
2058 3175 2305 3211 summum
2340 3162 2469 3211 enim
2500 3175 2753 3225 musaequo
2778 3167 2827 3212 et
2847 3164 3119 3226 juventutis
3135 3164 3309 3214 enisus
3328 3203 3343 3224 ,
3380 3181 3531 3218 vem

2012 3246 2109 3297 heu
2127 3287 2139 3308 ‚
2164 3248 2355 3311 sapiens
2384 3248 2434 3297 in
2457 3262 2623 3298 orcum
2646 3253 2695 3299 et
2712 3250 2907 3313 juvenis
2930 3250 2982 3299 in
3004 3249 3233 3300 Erebum.

1953 3336 2218 3400 ingemisce
2236 3339 2286 3385 et
2306 3338 2363 3386 tu
2383 3349 2585 3386 cernens
2608 3335 2699 3386 has
2719 3337 2883 3388 literas
2903 3338 3101 3402 longum
3113 3377 3127 3400 ,
3146 3338 3311 3388 viator
3338 3361 3353 3388 :

2012 3427 2142 3473 certe
2164 3423 2294 3473 enirn
2316 3436 2371 3472 es
2391 3423 2659 3473 viventium
2676 3426 2765 3474 aut
2792 3423 2925 3474 silius
2948 3428 3033 3476 aut
3050 3427 3203 3488 pater.

2508 3585 2622 3633 556.
2658 3599 2931 3644 τηεοοοιιι,

2614 3661 2675 3711 de
2712 3665 2866 3713 mimo.

1949 3745 2053 3806 Ipse
2079 3741 2198 3790 serus
2224 3741 2351 3802 risit,
2373 3752 2423 3791 te
2453 3743 2549 3791 viso
2568 3779 2583 3802 ‚
2604 3743 2830 3810 Dispiter,
2861 3751 2910 3793 et
2929 3754 2977 3792 te

2012 3821 2214 3870 Infernis
2248 3821 2383 3879 fecit,
2408 3823 2596 3889 Tityre,
2628 3824 2946 3890 planipedem.

2500 3907 2613 3966 557.
2648 3923 2786 3967 cnr,
2809 3917 2985 3973 poetoe.

1948 3987 2056 4032 Post
2082 3984 2235 4032 decies
2264 3993 2423 4034 ternos
2442 3987 2580 4051 Majae
2600 3986 2696 4050 jam
2718 3988 2887 4036 tertius
2920 3987 3021 4042 ibat

2015 4069 2180 4115 Annus
2198 4103 2213 4124 ,
2243 4077 2291 4116 et
2315 4084 2343 4117 a
2366 4084 2488 4118 πονο
2514 4079 2669 4118 morte
2690 4071 2855 4134 sagitta
2878 4071 3028 4122 venit.

1948 4148 2025 4197 Sic
2044 4150 2213 4199 cecidit
2232 4149 2355 4199 foliis
2382 4151 2451 4200 nil
2474 4167 2750 4200 concessura
2770 4167 2984 4202 rosarum

2010 4231 2277 4296 Penelopen
2297 4232 2425 4280 omni
2447 4241 2585 4297 parte
2604 4242 2765 4282 secuta
2783 4249 2947 4284 nurus.

2541 4317 2657 4365 558.
2688 4332 2905 4365 menni.

1944 4394 2189 4460 Praeripuit
2208 4395 2386 4459 frugem
2416 4407 2590 4447 nostrie
2616 4414 2741 4447 mors
2764 4407 2868 4448 atra
2884 4399 3120 4463 juvente:

2008 4479 2073 4524 At
2090 4493 2217 4526 nnnc
2229 4513 2244 4538 ‚
2270 4478 2351 4543 qui
2376 4495 2573 4546 proavos
2586 4517 2598 4538 ‚
2618 4496 2695 4529 me
2712 4480 2827 4544 tegit
2842 4481 2930 4529 iste
2946 4480 3082 4547 lapis.

1942 4557 2089 4606 Filius
2107 4557 2311 4607 AEtherii
2346 4559 2565 4610 Ruffinus
2584 4562 2776 4611 nomine
2798 4597 2814 4624 ,
2844 4571 2999 4611 matre

2006 4641 2074 4686 Ex
2094 4637 2274 4702 Agatha
2293 4655 2305 4689 :
2332 4639 2447 4690 [rust
2456 4657 2505 4690 ra
2524 4641 2605 4691 sed
2623 4652 2873 4707 generatus
2890 4659 3040 4694 eram.

1943 4720 2179 4769 Pieridum
2204 4721 2371 4772 florem
2392 4740 2501 4773 cum
2524 4724 2611 4774 ssos
2631 4739 2764 4774 mens
2784 4723 2941 4790 attigit
2962 4726 3048 4776 oevi
3061 4762 3077 4789 ,

2008 4802 2164 4851 Puber
2180 4819 2265 4867 ego
2290 4803 2351 4853 ad
2374 4805 2595 4855 tenebras
2610 4843 2623 4866 ,
2643 4807 2703 4856 ad
2722 4810 2863 4872 Styga
2879 4807 3046 4856 doetus
3076 4823 3153 4857 eo.

1941 4887 2012 4932 Da
2037 4885 2264 4950 lacrymas
2281 4923 2296 4948 ,
2321 4897 2370 4936 et
2394 4897 2444 4938 tu
2465 4889 2676 4955 quisquis
2693 4889 2807 4954 legis
2828 4891 2913 4941 ista
2936 4926 2951 4951 ,
2972 4890 3127 4939 viator
3148 4907 3161 4940 ε

2006 4969 2075 5015 Tu
2099 4982 2289 5032 quoque
2303 4984 2407 5018 eras
2419 4971 2606 5035 juvenis
2662 4971 2857 5021 forsitan
2874 4981 2921 5021 et
2940 4981 3073 5036 pater
3097 4987 3163 5022 es,
