3829 5747
461 220 585 278 254

459 350 568 405 τοὺς
596 349 780 406 πώλους
797 385 812 410 ,
838 350 916 398 καὶ
948 348 1078 399 ἐνίκα
1109 349 1168 400 δι’
1199 350 1376 400 αὑτῶν.
1414 371 1433 394 ι
1469 353 1584 402 Jac.
1611 379 1672 387 —
1703 357 1732 402 8
1751 353 1833 402 υἷα
1851 351 2034 408 codex.
2063 351 2072 434 Ι

523 487 789 538 ΟΟΧΙᾹΊῙ.
821 489 1001 538 Vetula
1039 489 1270 539 Minervae
1297 489 1417 540 artis
1453 489 1670 540 textoriae
1704 491 2025 541 instrumenta

461 559 729 606 consecrat.
757 557 940 608 Similia
981 559 1330 622 epigrammata
1370 561 1557 623 aliquot
1588 574 1738 623 supra
1768 562 2016 623 leguntur.

458 651 523 660 —
549 630 568 674 1
597 626 902 688 ὀρθριὶ.ά>.ονσι
933 628 1076 689 Cod.‚
1119 631 1329 679 alterum
1367 631 1503 680 Plan.
1535 633 1586 679 et
1611 630 1747 680 Suid.
1777 631 1919 680 Cous.
1940 644 2016 693 ep.

464 700 568 754 174,
603 703 648 746 5-
683 724 746 732 —
787 706 812 747 2
839 700 1074 760 ὶειομίτου
1119 701 1332 764 κάμακος
1373 699 1492 750 cod.
1538 703 1588 750 et
1624 701 1780 769 Suid.,
1811 702 2021 750 alterum

459 766 591 814 Plan.
623 771 769 816 recte.
803 788 826 809 «ι
867 770 1086 830 Κάμακες
1105 807 1119 828 ,
1154 769 1285 832 qnod
1319 770 1526 819 verbum
1555 783 1640 832 per
1673 770 2021 833 appositionem

447 846 572 882 'curn
616 838 826 896 κερκίδας
871 837 1206 901 jungendum,
1253 839 1456 902 pectinis
1509 839 1716 903 perticas
1753 840 2019 903 significat,

1585 219 2090 280 ANTHOLOGIAE
2131 220 2536 284 PALATINAE

2111 353 2241 416 quod
2256 367 2343 418 pro
2364 369 2467 405 var.
2484 355 2595 405 lect.
2618 357 2694 406 est
2718 355 2770 406 iu
2786 371 2885 406 uno
2901 355 3010 408 cod.
3034 357 3215 408 Suidae.
3233 357 3520 411 Emendatio
3536 381 3559 404 a
3574 375 3647 410 ne·

2064 437 2071 484 ξ
2109 425 2321 473 cessaria
2342 446 2365 467 ν»
2401 425 2508 474 visa
2532 425 2751 474 Heckero
2766 463 2780 486 ‚
2812 427 2899 488 qui
2932 441 3163 490 respuere
3198 427 3407 480 debebat
3422 468 3437 490 ‚
3470 445 3531 481 ne
3554 433 3651 494 quis

2109 495 2245 544 ὄλὸον
2272 499 2352 546 τὸν
2379 499 2463 546 σὸν
2489 497 2814 560 conjungeret.
2840 524 2901 535 —
2924 505 2951 547 2
2971 499 3127 547 ὃλὸιον
3150 499 3333 563 aliquot
3348 501 3458 551 libri
3486 504 3647 552 Suidae.

2109 566 2201 614 Τὸν
2236 567 2319 615 σὸν
2352 580 2461 616 esse
2504 570 2671 626 tuum,
2716 567 2809 616 tibi
2842 567 3099 628 deditum,
3125 584 3214 632 pro
3238 572 3350 632 ἐμὲ,
3394 571 3653 622 observavit

2111 637 2313 685 Becker.
2344 637 2591 686 Edebatur
2610 639 2755 687 ὅσσον
2779 637 2875 686 ἀπὸ
2897 655 2955 700 ιφ
2978 676 2993 698 ,
3020 652 3050 688 e
3080 641 3256 690 Reiskii
3283 641 3574 702 conjectura.
3600 671 3653 680 -

2110 709 2139 754 3
2157 706 2184 731 *
2201 712 2409 767 μνιαροῖο
2426 707 2452 731 *
2484 707 2804 770 βαθυρῥαίνοιο
2833 708 2998 758 Codex
3017 747 3030 766 ,
3052 713 3101 759 et
3122 711 3229 760 libri
3254 711 3420 762 Suidae
3448 725 3497 762 v.
3522 718 3650 762 Μνια·

2110 775 2204 838 ρόν.
2231 795 2253 818 «
2298 776 2373 825 Ad
2394 789 2541 838 quem
2574 778 2647 827 vir
2673 778 2722 828 d.
2760 778 2965 846 conjecit
3004 779 3295 844 βαθυῤῥίνοιο
3312 817 3328 842 ,
3374 797 3475 831 non
3506 783 3653 832 addita

2109 845 2517 908 interpretatione.
2544 867 2568 890 ι»
2599 849 2659 896 B.
2686 848 2935 898 liederus
2965 871 2978 898 ι
3010 869 3033 890 α
3064 853 3271 914 Tapetes
3294 855 3477 915 μνιαροὶ
3501 857 3549 902 et
3577 855 3651 915 βπ-

457 904 638 965 quibus
681 907 763 955 fila
823 921 910 956 sen
975 908 1183 958 stamina
1223 909 1526 974 laevigantur.
1579 913 1699 960 Rem
1760 911 2021 972 explicavit
2065 925 2069 970 ι
2110 917 2321 980 θύρῤηνοι
2348 916 2650 980 explicantur
2680 918 2855 968 villosi
2880 919 3103 983 [proprie
3133 927 3371 982 nime-osi,
3400 925 3534 974 molli
3560 923 3653 974 lana

456 973 734 1024 Schneider.
761 977 809 1024 in
837 977 943 1026 lnd.
965 978 1159 1042 Scriptt.
1200 981 1270 1029 rei
1298 983 1420 1030 rust.
1461 995 1508 1029 v,
1543 981 1688 1040 Tela,
1719 995 1764 1044 p.
1797 985 1906 1039 370,
1935 980 2020 1029 ubi
2064 977 2091 1040 Ι,
2111 987 2262 1036 veluti
2294 1001 2467 1036 musco
2507 988 2706 1038 obducti
2728 989 2746 1051 ]
2766 993 2817 1039 et
2840 990 2987 1052 pelle
3014 990 3175 1041 densa
3199 993 3457 1054 instructi,
3486 994 3653 1057 sedbiv

449 1041 599 1092 -docet
627 1047 814 1110 κερκίδα
845 1060 952 1096 esse
970 1048 1212 1110 pectinem
1241 1063 1341 1110 quo
1376 1050 1581 1099 confusa
1609 1049 1818 1100 stamina
1845 1049 2017 1100 discri-
2064 1043 2069 1108 Ι
2110 1057 2172 1106 de

455 1112 720 1174 minantur,
741 1116 939 1178 telaque
965 1118 1255 1180 percutitur.
1288 1119 1412 1168 ilinc
1438 1123 1514 1170 tot
1539 1120 1755 1183 epitheta
1771 1159 1784 1181 ,
1819 1134 1932 1182 quae
1958 1121 2022 1171 ad

449 1185 670 1234 sonitum
701 1187 915 1249 applausi
939 1188 1145 1251 pectinis
1167 1193 1406 1252 spectant.
1437 1217 1502 1226 —
1533 1196 1580 1240 3.
1618 1193 1750 1245 Krete.
1783 1191 2021 1249 κοσμοκό-

459 1269 570 1313 μης,
594 1258 766 1317 pecten
784 1257 1030 1306 lanificum
1047 1295 1060 1315 ,
1082 1272 1181 1320 quo
1211 1273 1364 1308 comae
1384 1261 1606 1310 lanarum
1627 1260 1943 1320 ordinantur3
1970 1275 2017 1309 v.

459 1324 736 1377 Schneider.
765 1328 881 1377 ibid.
900 1342 949 1392 p.
984 1335 1094 1378 362.
1130 1352 1154 1373 u
1179 1334 1296 1380 lac.
1330 1331 1523 1381 Codicis
1548 1331 1776 1380 librarius
1795 1331 2014 1380 δακτυλὸ-

460 1397 614 1457 τριὸον
643 1397 903 1462 scripserat
921 1438 932 1458 ,
963 1399 1130 1450 sedm
1149 1403 1527 1464 superpositum.
1547 1429 1610 1438 —
1638 1410 1666 1452 5
1695 1404 1898 1464 σχοίνοις
1926 1404 2019 1450 Co-

451 1465 552 1514 ·dex
585 1471 746 1525 recte;
776 1469 894 1519 editi
913 1483 974 1518 ex
995 1471 1129 1520 Plan.
1151 1472 1425 1532 σχοίνοισιν,
1453 1473 1596 1532 male,
1624 1472 1685 1522 de
1715 1487 1814 1535 quo
1833 1473 2024 1521 monuit

457 1537 711 1587 Heckerus
742 1542 792 1598 1,
835 1553 884 1603 p.
925 1545 1028 1590 164.
1068 1545 1124 1591 1η
1154 1541 1250 1591 fine
1287 1544 1421 1592 Plan.
1465 1544 1688 1592 ὀδόντων.
1737 1543 2023 1605 intelligitur

449 1607 578 1657 dens
609 1610 830 1673 pectinis.
851 1638 914 1646 —
941 1616 988 1661 7.
1021 1632 1044 1654 α
1075 1615 1379 1670 Παλλαντιάς.
1411 1615 1490 1662 Sic
1517 1614 1732 1663 nonnulli
1757 1613 2021 1662 Minervam

455 1680 792 1742 appellabant,
811 1683 868 1730 ut
893 1682 1126 1730 Pallantis
1147 1682 1313 1732 tiliam.
1341 1683 1466 1733 Vide
1482 1684 1635 1734 clem.
1659 1685 1796 1734 Alex.
1819 1683 2017 1733 Cohort.

451 1761 502 1811 p.
531 1753 618 1807 24,
656 1751 810 1811 Heyn.
847 1750 910 1799 ad
931 1750 1207 1813 Apollodor.
1242 1755 1276 1801 t.
1305 1755 1372 1812 ll,
1411 1767 1458 1816 p.
1493 1756 1603 1802 746.
1629 1772 1651 1794 υ
1682 1754 1796 1802 Jac.
1835 1751 2023 1802 Deinde

459 1839 484 1862 «ι
516 1819 662 1884 vulgo
702 1821 988 1884 βαθύγηρως.
1023 1822 1212 1872 Mutari
1243 1827 1532 1884 accentum,
1559 1828 1786 1874 monente
1817 1827 1872 1874 L.
1899 1825 2019 1874 Diu-

451 1889 609 1939 dorflo
631 1890 684 1939 in
701 1891 846 1941 TbeS.
880 1911 904 1935 υ
934 1895 998 1942 B.

514 2028 811 2078 CCXLVIII.
852 2031 1094 2093 Lagenam
1131 2031 1277 2094 poeta
1303 2033 1485 2081 Veneri
1515 2031 1725 2082 dedicat.
1753 2059 1816 2068 —·—
1842 2037 1870 2083 3
1903 2035 2023 2096 βακ-

449 2101 556 2164 χιάς
598 2100 766 2150 Codex
793 2115 822 2148 a
841 2115 913 2163 pr.
947 2115 1034 2160 m.;
1059 2104 1280 2165 βακχειὰς
1304 2105 1383 2152 est
1415 2102 1719 2150 correctoris.
1747 2128 1812 2140 -
1833 2107 1877 2151 4.
1905 2105 2018 2158 Ψή-

453 2191 478 2213 n
507 2187 594 2228 σου
631 2171 912 2233 συμόολικῆς
948 2185 1037 2234 pro
1075 2172 1344 2235 periphrasi
1385 2178 1464 2230 τῆς
1497 2173 1730 2232 συμβολῆς
1765 2176 1896 2222 recte
1942 2174 2015 2222 in-

449 2243 751 2302 terpretatur
773 2239 1057 2289 Salmasius.
1092 2243 1176 2290 Est
1203 2244 1370 2291 autem
1391 2245 1542 2303 ψῆφος
1569 2243 1644 2291 vel
1674 2243 1777 2306 ipsa
1795 2244 2019 2307 pecunia,

451 2323 564 2372 quae
599 2324 628 2358 a
665 2310 867 2372 singulis
914 2311 1134 2360 convivis
1165 2312 1522 2371 conserebatur,
1557 2312 1636 2360 vel
1665 2315 1850 2362 tessera
1881 2328 2021 2375 quae·

450 2378 566 2428 dam
591 2378 652 2427 ab
673 2378 847 2428 iisdem
875 2378 1007 2428 data.
1051 2399 1074 2422 2»
1105 2384 1222 2431 Jac.
1258 2407 1320 2415 —
1353 2387 1381 2430 8
1413 2381 1614 2438 ηὔνασεν
1641 2382 1762 2442 conj.
1785 2381 2016 2445 Toupius.

512 2523 756 2571 ccxux.
806 2543 830 2565 «
874 2522 1033 2572 Pisoni
1073 2525 1216 2586 poeta
1247 2522 1298 2572 in
1329 2523 1668 2574 Saturnalibus
1695 2536 1892 2573 cereum
1936 2522 2022 2572 dat

449 2593 656 2642 muneri.
686 2594 790 2642 Hoc
815 2606 1055 2656 pauperes
1074 2594 1274 2643 clientes
1299 2594 1471 2644 fecisse
1485 2633 1498 2654 ,
1519 2597 1710 2644 constat
1727 2608 1783 2643 ex
1798 2593 2017 2644 'Macrob.

449 2665 550 2712 Sat.
583 2665 632 2724 1,
671 2667 716 2713 7.
761 2688 823 2698 -—
868 2670 904 2712 ι.
944 2665 1249 2728 Κηροχίτων,
1293 2668 1405 2714 cera
1430 2666 1573 2728 quasi
1603 2665 1789 2714 induta.
1831 2685 1854 2708 ν
1897 2669 2014 2714 Jac.

450 2733 617 2784 Codex
640 2737 867 2796 τυῳηρέα,
908 2735 1038 2785 Plau.
1067 2737 1285 2799 τυςήρεα.
1329 2757 1352 2778 α
1385 2737 1509 2786 Hinc
1542 2736 1719 2786 Suidas
1757 2737 2017 2798 ε’τυφήρεα·

449 2807 728 2867 τνφωνικήν.
763 2807 920 2855 Immo
948 2810 1222 2869 τυφωνικόν.
1269 2807 1366 2856 sed
1404 2811 1481 2857 est
1523 2809 1724 2870 τυφήρεα
1757 2821 1786 2856 a
1829 2806 2019 2856 nominc

449 2880 567 2937 τύφη
617 2878 966 2937 derivandum,
1015 2879 1148 2941 quod
1183 2880 1503 2935 monstravit,
1549 2894 1637 2929 nec
1682 2879 1896 2942 primuS,
1948 2880 2021 2927 vir

451 2950 630 2999 doctus
657 2950 740 3012 qui
768 2949 817 2997 in
855 2949 1071 2998 Classico
1105 2950 1279 3013 Valpyi
1319 2950 1483 2999 Diario
1514 2954 1550 3000 t.
1581 2954 1679 3009 XV,
1701 2964 1747 3013 p.
1782 2956 1867 3011 28,
1887 2950 2021 3013 prins

451 3021 694 3070 distichon
735 3020 1081 3082 interpretatus
1125 3026 1202 3069 est
1233 3024 1284 3069 et
1319 3035 1348 3070 a
1387 3022 1522 3071 falsis
1570 3022 1724 3070 critici
1765 3020 2020 3083 cujusdam

451 3090 744 3151 conjecturis
767 3089 1058 3149 vindicavit,
1081 3104 1334 3152 genusque
1355 3094 1406 3140 et
1439 3092 1766 3153 quantitatem
1792 3090 2022 3140 tractavit

451 3160 660 3209 nominis
688 3162 912 3221 πάπυρος.
937 3181 960 3202 ι»
1000 3163 1056 3208 Β.
1085 3163 1216 3220 Τύφη
1247 3165 1322 3211 est
1345 3160 1497 3211 herba
1521 3162 1779 3225 palustris,
1797 3176 1912 3223 quae
1939 3162 2020 3211 lu-

452 3229 610 3278 cernis
639 3229 869 3279 faciendis
901 3230 1210 3280 inserviebat.
1247 3258 1306 3266 —
1337 3240 1380 3282 2.
1416 3252 1440 3275 α
1471 3233 1632 3281 Verba
1649 3235 1792 3295 λεπτῇ
1817 3234 2020 3293 παπὺρῳ

452 3300 731 3363 accipienda
755 3306 871 3349 sunt
894 3300 954 3349 de
980 3302 1124 3362 scirpi
1159 3300 1366 3361 cortice,
1397 3315 1425 3351 e
1454 3316 1552 3364 quo
1581 3302 1794 3351 candela}
1821 3301 2018 3363 fiebant,

451 3374 580 3421 teste
611 3370 763 3420 Plinio
797 3374 924 3431 xvi,
956 3375 1012 3420 37
1044 3374 1234 3434 :scirpi
1266 3370 1480 3433 srayiles
1515 3373 1959 3435 palustresqiaee,...
1992 3386 2022 3420 e

454 3442 640 3507 quibus
661 3440 896 3492 detracto
921 3444 1128 3499 cortice,
1156 3441 1388 3491 candelae
1423 3442 1707 3491 lumine'bus
1742 3447 1790 3490 ec
1816 3443 2022 3505 furneri-

453 3513 546 3561 bus
565 3514 818 3561 serviunt.
851 3514 1089 3561 Naturam
1124 3524 1440 3573 papyraceam
1477 3512 1558 3561 hic
1589 3516 1749 3561 cortex
1781 3512 2018 3574 habebat,

451 3582 541 3645 qui
567 3596 757 3645 semper
799 3580 1000 3644 intelligi
1034 3580 1208 3641 (lebet,
1239 3581 1322 3629 ubi
1357 3582 1420 3631 de
1449 3596 1631 3646 papyro
1660 3582 1845 3645 lychnis
1877 3584 2020 3633 adhi-

449 3651 554 3703 bito
588 3654 768 3715 agitur,
807 3651 1014 3701 docente
1047 3652 1249 3700 Salmas
1287 3652 1352 3701 ad
1388 3653 1535 3702 Solin.
1567 3667 1612 3716 p.
1644 3656 1753 3711 705,
1782 3656 1838 3704 G.
1874 3658 2020 3705 Recte

449 3725 758 3773 Burmannus
808 3726 1030 3773 nostrum
1061 3723 1279 3773 admosit
1311 3724 1606 3774 carminibus
1625 3724 1824 3775 duobus
1852 3726 1898 3773 in
1930 3732 2020 3774 An-

448 3793 568 3843 thol.
595 3796 700 3843 Lat.
728 3796 788 3853 V,
815 3806 891 3856 ep.
926 3799 1029 3852 188,
1067 3800 1169 3845 189.
1208 3797 1436 3844 Ceterum
1463 3796 1664 3857 παπύρῳ
1700 3795 1781 3843 hic
1807 3796 2018 3845 mediam

449 3864 647 3927 corripit
664 3901 676 3917 .
704 3876 855 3925 quam
899 3862 1057 3912 Latini
1085 3867 1367 3914 constanter
1387 3864 1684 3927 producunt.
1723 3866 1866 3914 Cont'.
1897 3868 2018 3913 Mm-

449 3936 523 3982 rin
567 3950 616 3999 p.
653 3939 760 3985 311.
797 3954 820 3978 ι»
857 3937 968 3985 Jac.
1004 3962 1064 3970 —-
1094 3941 1140 3984 3.
1183 3956 1205 3977 «ι
1245 3939 1452 3985 cereum
1500 3938 1631 3997 γέρας
1672 3938 1843 3995 vocat,
1883 3936 2020 3997 quod

447 4003 761 4054 honorarium
795 4004 948 4054 cliens
979 4004 1190 4055 debehat
1216 4010 1438 4067 patr0n0.
1467 4005 1609 4063 Quod
1635 4004 1772 4055 addit
1789 4043 1801 4064 ,
1826 4008 1882 4064 ἢν
1901 4007 1951 4055 δέ
1968 4008 2019 4069 μ’

448 4077 629 4137 ἁνάψας
668 4077 853 4131 εὔξηται
873 4112 887 4134 ,
931 4076 1025 4124 hoc
1064 4076 1300 4126 vocabant
1329 4075 1498 4125 lucem
1536 4076 1716 4139 facere
1738 4079 1970 4125 Saturno
2001 4094 2019 4127 :

449 4145 604 4194 cereis
640 4145 768 4194 enim
795 4146 1014 4193 accensis
1047 4145 1116 4194 illi
1142 4154 1312 4208 preces
1339 4145 1690 4208 concipiebant.
1713 4149 2017 4210 Quamquam

448 4215 629 4265 Paulus
657 4215 903 4265 Diaconus
921 4254 933 4275 ,
962 4216 1218 4265 mutilatur
1262 4216 1422 4276 Festi,
1448 4216 1568 4265 dicit
1605 4218 1798 4265 Lucem
1837 4216 2018 4280 facere

448 4290 709 4347 saturno,
745 4300 855 4336 esse
873 4290 1036 4349 capu-t
1067 4286 1298 4349 deteqere
1318 4291 1565 4337 Saturno.
1597 4289 1704 4336 Non
1731 4286 2017 4338 dubitamus

446 4361 637 4417 tamen,
687 4357 824 4419 quod
870 4357 998 4406 cerei
1033 4356 1428 4406 accendebantur
1473 4358 1684 4405 Saturno
1704 4394 1716 4418 ,
1763 4360 2017 4420 propterea

445 4426 610 4488 potius
637 4427 703 4477 ita
735 4426 921 4476 dixisse
950 4430 1157 4477 veteres.
1181 4426 1394 4488 Reliquis
1429 4427 1557 4475 enim
1577 4426 1672 4475 diis
1695 4430 1843 4491 caput
1863 4428 2018 4477 obnu-

445 4493 651 4554 liebant,
686 4510 840 4559 quurn
869 4496 1202 4558 concipiebant
1230 4508 1415 4559 preces.
1456 4516 1479 4537 ι»
1521 4496 1754 4558 Scaliqee·
1785 4496 1846 4545 ad
1886 4499 2011 4545 Var-

445 4576 546 4613 ron.
571 4568 624 4613 L.
649 4568 701 4613 L.
729 4580 778 4627 p.
799 4570 860 4615 luo
883 4566 962 4614 ed.
991 4566 1093 4627 Bip.
1116 4593 1178 4601 -
1210 4570 1238 4614 4
1260 4568 1452 4628 εὔχηται
1477 4566 1612 4614 Suid.
1633 4565 1684 4614 in
1705 4566 2012 4625 Ἀκουσίοεον,

443 4638 500 4685 τὸ
528 4636 590 4691 εἰς
625 4638 730 4684 Θεοῦ
755 4638 898 4691 ἀκοὰς
924 4638 1186 4699 ἐρχόμενον.
1225 4640 1382 4685 immo
1417 4638 1661 4685 llarnmam
1696 4646 1808 4699 qum
1842 4650 2014 4699 preces

443 4710 554 4756 tum
599 4712 860 4770 conceptas
899 4706 968 4756 ad
999 4706 1210 4757 deorum
1241 4722 1390 4757 aures
1421 4708 1702 4771 pervenisse
1749 4706 2007 4756 indicabat.

444 4776 580 4828 Plan.
603 4778 900 4827 ἀκουσόθεον.

507 4910 642 4959 CCL.
676 4912 936 4959 Generosoe
964 4910 1162 4970 cuidam
1201 4908 1395 4958 mulieri
1420 4922 1625 4958 munera
1658 4907 1809 4958 mittit
1847 4908 2007 4971 poeta.

443 5006 506 5019 -
539 4985 556 5027 1
591 4982 710 5042 ὲγὼτ
727 4983 787 5030 τὰ
811 4982 986 5045 ἀτυχης
1013 4982 1212 5038 Codex3
1237 4982 1332 5040 ἐγὼ
1369 4980 1409 5028 τ’
1434 4982 1608 5043 ἀτυχὴς
1643 4979 1846 5038 Suidas3
1881 4990 2006 5025 corr.

441 5049 681 5101 Reiskius.
709 5054 767 5101 In
793 5050 890 5103 tine
921 5053 1088 5102 πολλὸν
1117 5049 1216 5115 (ad
1235 5050 1372 5100 ὅλὸον
1403 5050 1752 5113 referendum)
1773 5050 2007 5113 Toupius,

2218 1059 2342 1120 pelle
2381 1057 2477 1107 dici
2521 1061 2718 1120 nequit3
2748 1074 2901 1122 quare
2944 1061 3190 1124 Antiphilo
3221 1062 3523 1113 reddendum
3550 1071 3653 1128 puto

2112 1128 2419 1191 βαθυρῥίνοιο.
2450 1129 2684 1178 Tunicam
2716 1134 2881 1180 autem
2912 1131 3104 1180 mulieri
3138 1132 3283 1182 nobili
3314 1137 3509 1196 poetam
3542 1134 3653 1184 dono

2110 1198 2305 1248 dedisse
2331 1204 2465 1263 patet
2488 1215 2551 1250 ex
2568 1215 2615 1248 v.
2652 1204 2678 1250 7
2704 1215 2715 1242 2
2744 1203 2861 1263 ‹ir-pet
2892 1219 2991 1264 χιτ
3006 1205 3082 1250 ὼν
3106 1203 3187 1264 μὲν
3208 1210 3367 1265 χρῶτα
3382 1208 3626 1266 aspicit-itm
3641 1218 3652 1229 ·

2109 1283 2219 1318 eam
2237 1274 2396 1320 tamen
2414 1309 2426 1330 ,
2452 1271 2566 1321 licet
2582 1271 2943 1322 villosissimam
2960 1311 2973 1332 ,
2993 1271 3089 1322 dici
3108 1286 3250 1335 posse
3267 1275 3476 1330 τάπητος
3494 1277 3653 1322 ἐνδυτόν

2109 1339 2366 1389 Jacobsius
2396 1341 2576 1390 nemini
2602 1345 2723 1405 puto
2750 1341 3079 1404 persuadebit.
3108 1345 3389 1404 commate,
3412 1345 3539 1406 quod
3559 1348 3655 1406 post

2110 1409 2295 1458 ἐνδυτὸν
2315 1409 2528 1472 ponitur,
2552 1411 2745 1461 sublato
2768 1411 2919 1461 verba
2950 1412 3019 1461 ita
3038 1413 3290 1476 jungenda
3317 1417 3435 1463 sunt
3460 1429 3473 1456 ε
3494 1415 3653 1464 ἐνδυτόν·

2066 1506 2070 1537 =
2112 1479 2344 1540 εἰδὸμενον
2374 1481 2580 1542 ποιούσῃ
2620 1482 2797 1530 εὐανθεῖ
2848 1481 3050 1538 τάπητος
3099 1490 3310 1546 μνιαροίο
3328 1521 3341 1541 ,
3385 1488 3536 1533 vestis
3561 1499 3655 1547 par

2114 1550 2371 1610 Iopelibets
2408 1549 2577 1600 densis
2615 1551 2821 1601 villosis.
2862 1571 2887 1594 ι»
2924 1554 3027 1600 Hoc
3058 1556 3213 1610 recte,
3235 1553 3323 1602 sed
3352 1555 3655 1618 βαθυρῤαίνοιο

2110 1619 2325 1668 nonduin
2346 1633 2455 1670 esse
2480 1625 2704 1671 sanatum
2725 1624 2938 1685 apparet.
2958 1648 3018 1657 —
3038 1629 3083 1672 6.
3106 1622 3231 1671 Hinc
3262 1623 3443 1673 Suidas
3469 1626 3651 1688 ιναρδος·

2108 1693 2362 1808 ἕέιρὲψὲἓιὸν
2415 1692 2583 1740 ἔλαιον.
2628 1718 2690 1728 —·
2737 1699 2767 1742 8
2804 1693 2980 1750 εὐειδὴς
3016 1693 3161 1754 ἀτμὸς
3216 1694 3313 1756 ἔχει
3358 1693 3503 1754 (ἔστι,
3543 1708 3649 1743 corr.

2173 1891 2331 1940 cem.
2362 1909 2385 1932 et
2408 1891 2644 1953 Apollini,
2664 1891 2745 1940 cui
2770 1891 2821 1940 in
2850 1891 3043 1955 fastigio
3066 1893 3388 1956 promontorii
3414 1894 3463 1944 in
3488 1897 3650 1944 leuca·

2111 1957 2192 2008 dia
2235 1960 2487 2022 peninsula
2532 1962 2770 2023 templum
2816 1963 2922 2010 erat
2967 1961 3067 2011 late
3110 1963 3434 2025 conspicuum
3472 1965 3648 2027 (virgil.

2110 2031 2218 2078 AEn.
2246 2033 2332 2090 111,
2368 2033 2456 2080 274
2476 2033 2492 2089 )
2511 2068 2525 2090 ,
2556 2034 2719 2081 nautoe
2748 2031 2913 2080 tenuia
2938 2031 3160 2082 ot'l‘erunt
3189 2045 3426 2093 munera,
3466 2035 3649 2082 faustam

2111 2101 2465 2163 navigationem
2498 2104 2769 2164 precantes
2821 2121 2843 2143 υ
2878 2103 2995 2150 Jac.
3036 2131 3099 2143 -
3137 2107 3156 2151 1
3208 2103 3496 2160 τηλεσκόπον
3528 2105 3648 2160 eod,

2110 2171 2198 2220 sed
2223 2174 2357 2221 recte
2383 2186 2461 2235 ap.
2503 2171 2719 2220 suidam.
2748 2193 2769 2212 u
2793 2171 2891 2230 Qui
2922 2171 3037 2222 hinc
3077 2193 3089 2221 ι
3122 2174 3263 2223 αἰπύ·
3288 2176 3472 2236 ὑψηλὸν
3488 2214 3503 2232 ,
3530 2178 3651 2235 μέγα.

2110 2243 2175 2290 Ex
2196 2255 2243 2290 v.
2275 2248 2304 2291 3
2336 2264 2349 2291 ·.
2371 2244 2547 2298 δαῖτας·
2578 2242 2795 2305 εὐωχίας.
2828 2243 2904 2291 Ad
2934 2255 3135 2292 versum
3167 2248 3195 2293 4
3232 2264 3245 2292 :
3274 2245 3440 2306 ὀλίγῃ,
3466 2245 3555 2294 ἀντί
3580 2251 3647 2292 *ta-,i

2110 2317 2267 2374 μικρᾷ.
2296 2313 2482 2360 Rursus
2507 2324 2561 2360 ex
2586 2325 2633 2359 v.
2668 2319 2694 2361 ὃ
2726 2325 2737 2353 ²
2770 2313 3136 2374 βραχυφεγγίτ-ης
3157 2351 3171 2370 ,
3198 2315 3226 2362 ὁ
3250 2315 3513 2376 ὁλιγοφαής.
3544 2337 3564 2356 u
3600 2318 3645 2362 R.

2109 2407 2172 2417 —
2193 2390 2219 2432 2
2244 2385 2323 2430 τὸν
2347 2383 2528 2440 ἠῑονίωι
2559 2381 2703 2439 eod.;
2732 2396 2861 2431 corr.
2888 2383 3091 2433 Salmas.
3111 2407 3173 2419 -
3200 2393 3229 2434 6
3250 2387 3275 2410 ¹*
3298 2385 3458 2446 οἶνγης
3482 2386 3647 2434 Codex:

2109 2453 2251 2510 ὄλπης
2284 2453 2484 2502 Salmas.
2524 2472 2547 2494 κ
2589 2457 2769 2502 Forsan
2796 2457 3045 2516 πινομένοιο
3059 2491 3072 2514 ,
3108 2455 3281 2505 active.
3312 2455 3537 2506 Converti
3564 2455 3645 2504 edi-

2109 2527 2215 2572 tum
2243 2525 2486 2581 πινόμενον
2516 2537 2663 2573 sensu
2692 2524 2901 2586 passivo.
2937 2527 3105 2583 Quum
3124 2527 3261 2582 σέλας
3292 2528 3466 2588 λύχνου
3486 2527 3648 2575 efficia·

2110 2597 2191 2644 tur
2222 2593 2403 2644 ebibito
2434 2594 2567 2654 oleo,
2595 2594 2755 2657 ipsum
2804 2596 2941 2651 σέλας
2986 2594 3179 2644 dictum
3228 2597 3321 2646 fuit
3360 2597 3592 2657 πινόμενον
3624 2609 3649 2644 a

2109 2667 2251 2726 poeta
2279 2663 2429 2714 docto
2452 2677 2509 2712 ac
2539 2663 2793 2714 laborioso.
2837 2685 2859 2708 υ
2898 2668 2960 2714 B.
2980 2667 3107 2714 Cum
3136 2669 3352 2729 ἡμιμεθεῖ
3368 2671 3534 2717 confer
3550 2664 3648 2716 Phi·

2109 2734 2285 2784 lodem.
2317 2738 2377 2795 V,
2398 2749 2476 2798 ep.
2508 2739 2556 2796 4,
2580 2743 2627 2785 2.

2172 2878 2354 2925 CCLll.
2391 2898 2413 2918 «ι
2436 2876 2595 2925 Nobili
2624 2876 2817 2925 cuidam
2843 2876 3063 2937 mulieri,
3097 2876 3304 2927 sortasse
3324 2879 3530 2929 Caesaris
3558 2892 3649 2927 eon-

2105 2945 2233 3009 jugi,
2269 2949 2412 3008 poeta
2460 2944 2661 2994 hiberno
2696 2950 2917 3007 tempore
2966 2944 3149 2994 malum
3186 2958 3248 2995 ex
3294 2946 3529 3010 praeteriti
3556 2945 3649 2994 anni

2108 3020 2349 3079 proventu
2378 3017 2483 3065 sine
2521 3016 2712 3065 macula
2746 3018 2997 3065 sen'atum
3023 3015 3195 3066 mittit.
3223 3016 3411 3066 Malum
3442 3017 3645 3079 loquitur.

2110 3115 2171 3123 —
2199 3092 2217 3137 1
2252 3088 2489 3149 στρούθιον
2513 3086 2653 3146 Cod.‚
2678 3087 2887 3135 alterum
2912 3086 3089 3136 suidas
3112 3086 3161 3135 in
3188 3088 3312 3145 Ποίη
3342 3090 3397 3138 et
3431 3088 3554 3137 Plan.
3579 3089 3651 3136 Est

2108 3157 2223 3205 mali
2251 3156 2443 3217 cydonii
2470 3156 2677 3219 species.
2710 3156 2924 3206 Galenus
2952 3160 3023 3207 De
3056 3157 3201 3207 sanit-
3228 3158 3417 3208 tuenda
3453 3172 3493 3208 c.
3522 3158 3600 3207 ult.
3636 3176 3647 3204 ε

2108 3234 2200 3278 τῶν
2224 3229 2470 3277 Κυδωνίων
2498 3229 2655 3285 μήλων
2686 3229 2744 3276 τὰ
2774 3230 2918 3288 μείζω
2936 3246 2987 3277 τε
3016 3231 3094 3276 καὶ
3131 3229 3251 3286 ἡδίω
3268 3230 3347 3277 καὶ
3376 3230 3513 3288 ἧττον
3530 3246 3649 3291 στρυ-

2109 3302 2224 3356 φνὰ.
2256 3302 2287 3347 ’ἃ
2316 3302 2611 3363 στρούθια
2645 3302 2866 3348 καλοῦσιν
2894 3303 2939 3348 ol
2970 3300 3097 3348 κατὰ
3144 3301 3228 3357 τὴν
3264 3302 3491 3361 ἡμετέραν
3517 3296 3649 3347 Ἀσίαν

2109 3369 2345 3425 Ἕλληνες.
2377 3388 2400 3411 υ
2422 3372 2536 3417 Aac.
2563 3366 2747 3416 Deinde
2774 3368 2907 3416 Plan.
2926 3366 3006 3429 ἀφ’
3034 3370 3312 3429 ὁπλοτέρης,
3334 3368 3481 3417 male.
3508 3387 3529 3408 σι
3551 3366 3648 3415 Sui·

2109 3437 2198 3487 das
2226 3457 2237 3485 :
2269 3438 2379 3494 ποίη
2396 3472 2409 3492 ,
2438 3443 2463 3486 ὸ
2491 3438 2695 3492 ἐνιαυτὸς
2725 3438 2854 3501 παρὰ
2876 3438 3184 3500 Καλλιμάχῳ,
3202 3438 3332 3501 παρὰ
3366 3440 3423 3487 τὸ
3448 3439 3563 3493 ἅπαξ
3581 3437 3649 3483 καὶ

2110 3508 2249 3569 μόνον
2277 3508 2323 3555 ἐν
2341 3512 2407 3569 τῷ
2426 3509 2620 3569 ἐνιαυτῷ
2639 3508 2721 3563 τὴν
2750 3508 2949 3564 βοτάνην
2964 3509 3175 3569 φύεσθαι.
3200 3506 3323 3556 Vide
3348 3512 3453 3557 not.
3478 3507 3541 3556 ad
3559 3508 3647 3564 vn,

2108 3590 2184 3641 ep.
2225 3581 2332 3627 627.
2365 3578 2649 3627 Gratianum
2670 3580 2727 3627 iu
2766 3577 2911 3642 soliis
2949 3592 3044 3629 non
3078 3579 3339 3641 respondet
3374 3579 3541 3643 groecis
3566 3576 3650 3625 ullo

2108 3648 2271 3697 modo.
2300 3667 2323 3690 ι»
2354 3652 2414 3697 B.
2442 3675 2505 3684 —
2526 3656 2553 3697 2
2592 3654 2772 3712 μνιαρῷ
2808 3648 3087 3707 Becker-ns,
3118 3649 3288 3711 etjam
3320 3648 3439 3698 olim
3460 3650 3650 3711 conjece-

2107 3723 2184 3769 rat
2225 3718 2421 3767 Jacobs.
2452 3718 2518 3768 ad
2545 3720 2777 3769 Analecta
2807 3719 2906 3768 vol.
2942 3721 3073 3778 xlll,
3120 3732 3165 3781 p.
3199 3722 3245 3767 7.
3294 3718 3459 3768 Codex
3483 3722 3645 3779 νιαρῶι,

2106 3789 2415 3853 superposito
2444 3802 2472 3837 a
2504 3794 2776 3839 correctore
2802 3808 2841 3846 ε,
2874 3792 2931 3839 ut
2966 3791 3098 3839 esset-
3128 3793 3312 3851 νεορῷ,
3338 3788 3473 3851 quod
3494 3788 3648 3847 legitur

2102 3872 2183 3922 ap.
2215 3858 2349 3908 Suid.
2372 3862 2424 3908 et
2444 3858 2576 3908 Plan.
2598 3884 2661 3895 —-
2682 3863 2730 3908 3.
2756 3879 2777 3899 ‹-
2802 3859 2928 3908 Hinc
2946 3858 3121 3908 Suidas
3146 3880 3157 3907 ε
3183 3860 3407 3917 ciendae..
3422 3862 3449 3907 ὁ
3468 3861 3529 3920 μή
3544 3860 3647 3919 ἔχων

2106 3930 2272 3978 σπίλον
2303 3930 2424 3978 τινά.
2458 3932 2529 3977 Ex
2562 3929 2785 3991 sequenti
2808 3942 2953 3978 versu
2988 3949 3000 3977 z
3032 3931 3184 3991 ἀκμὴν
3202 3967 3218 3988 ,
3242 3930 3341 3977 ἀντὶ
3368 3934 3452 3977 τοῦ
3473 3930 3551 3975 ἔτι.
3574 3924 3651 3973 lbi·

2103 4000 2219 4049 dem
2252 4014 2415 4063 apogr.
2452 4004 2559 4050 Par.
2590 4002 2858 4064 ἀκρεμὸσιν,
2894 4000 3027 4062 quod
3063 4001 3223 4063 recepi
3250 4014 3337 4063 pro
3368 4000 3501 4063 vulg.
3530 3998 3647 4059 ἀιρέ-

2109 4088 2262 4132 μοσιν.
2304 4069 2426 4119 Vide
2458 4073 2558 4120 not.
2588 4070 2653 4119 ad
2676 4072 2754 4124 lx,
2780 4083 2859 4133 ep.
2887 4076 2932 4119 3.
2978 4090 3002 4113 υ
3026 4072 3088 4119 Β.
3118 4096 3177 4105 -
3199 4078 3227 4120 5
3246 4070 3312 4125 εἰς
3344 4071 3396 4119 δέ
3424 4070 3647 4118 σ’ἇνασσα

2107 4141 2226 4191 Cod.
2266 4144 2317 4191 et
2342 4140 2500 4197 Suid.;
2546 4143 2609 4197 εἰς
2646 4142 2700 4190 σὲ
2732 4142 2778 4190 δ’
2812 4143 3026 4189 ἄνασσαν
3067 4141 3195 4191 Plan.
3234 4162 3257 4183 ιι
3290 4142 3445 4196 Εῐςσὲ
3476 4139 3515 4187 δ’
3540 4150 3647 4200 pm·-

2106 4212 2198 4261 tuli
2215 4250 2227 4271 ,
2257 4225 2319 4261 ne
2346 4214 2425 4272 σέ,
2458 4210 2590 4274 quod
2612 4214 2689 4261 est
2718 4211 2768 4260 in
2794 4211 3055 4270 antithesi,
3075 4210 3272 4259 elisione
3302 4210 3641 4259 obscuraretur.

2106 4283 2235 4333 Dicit
2264 4303 2276 4332 ι
2298 4285 2355 4331 in
2380 4286 2531 4333 tuam
2564 4286 2815 4345 qratiam.
2838 4283 2942 4331 Non
2972 4281 3162 4345 proprio
3186 4285 3349 4330 autem
3366 4293 3513 4330 sensu
3534 4275 3645 4326 acci·

2104 4354 2337 4419 piendum
2360 4368 2472 4404 esse
2489 4354 2774 4417 ὀπωροφορεῖ
2790 4390 2805 4415 ,
2828 4358 3000 4417 sponte
3018 4356 3235 4417 apparet.
3256 4355 3417 4403 audac.

2166 4487 2373 4535 CCLlll.
2414 4483 2655 4533 Sosander
2680 4485 2882 4533 venator
2912 4482 3147 4545 Nymphis
3160 4520 3174 4545 ,
3202 4481 3317 4532 Pani
3340 4483 3393 4530 et
3424 4476 3643 4529 Mercurio

2103 4570 2359 4607 cervorum
2384 4554 2537 4619 spolia
2562 4554 2771 4604 dedicat.
2810 4580 2874 4591 -
2906 4559 2947 4603 1.
2979 4574 3003 4596 a
3046 4552 3170 4602 Hinc
3197 4551 3371 4601 suidas
3414 4570 3425 4597 :
3460 4549 3643 4606 σπήλυγ-

2100 4642 2203 4689 γες·
2254 4629 2489 4688 σπήλαια,
2545 4627 2835 4688 κοιλώματα.
2874 4627 2939 4673 Ex
2968 4636 3017 4673 v.
3060 4631 3087 4672 2
3125 4644 3136 4671 :
3184 4624 3321 4670 εῖδει·
3360 4622 3525 4675 στάζει.
3562 4619 3637 4673 Et,

2100 4702 2254 4761 πρεὼν
2272 4735 2285 4757 ,
2306 4699 2494 4760 sepedum
2514 4712 2525 4723 ·
2546 4700 2615 4751 ὥς
2650 4698 2807 4760 πρὼν,
2844 4696 3039 4759 πρωνός-
3064 4714 3089 4737 υ
3122 4696 3182 4742 Β.
3222 4718 3283 4727 -
3306 4696 3334 4740 3
3374 4693 3518 4745 Πανὸς
3558 4702 3637 4735 τει-

2101 4771 2285 4832 χήεσσα
2310 4783 2394 4831 ap.
2437 4766 2573 4817 Suid.
2600 4794 2661 4802 —
2687 4771 2715 4816 4
2749 4767 2982 4822 κασσαίης
3002 4763 3183 4823 Codex,
3204 4775 3327 4811 corr.
3360 4760 3595 4809 Beckerus
3624 4770 3634 4797 =

2102 4858 2127 4881 α
2168 4844 2350 4889 Βᾶσσαι
2388 4838 2520 4901 regio
2563 4837 2781 4887 Arcadiae
2821 4836 2981 4886 vicina
3015 4834 3169 4884 monti
3212 4832 3429 4895 Cotylio,
3461 4844 3521 4879 ex
3552 4840 3639 4889 quo

2100 4907 2210 4957 sons
2248 4908 2473 4971 profluit3
2503 4906 2615 4955 vide
2648 4908 2857 4957 Pausan.
2904 4906 3037 4965 vlu,
3081 4908 3162 4965 41,
3190 4903 3222 4967 §
3261 4907 3306 4952 7.
3345 4922 3369 4944 ›-
3404 4899 3637 4950 Jacobsius

2100 4977 2359 5040 βησσαίης,
2397 4998 2421 5020 α
2462 4990 2495 5027 a
2528 4980 2707 5040 βῆσσα,
2741 4980 2800 5027 ut
2840 4976 2903 5025 ab
2946 4977 3033 5031 ὕλη
3078 4978 3155 5024 est
3186 4976 3290 5023 tam
3324 4975 3471 5029 ὑλήεις
3504 4980 3631 5031 quam

2097 5052 2280 5108 ῠλαῖος,
2314 5052 2407 5099 etc.
2435 5050 2573 5098 Hanc
2608 5048 2812 5097 sormam
2838 5048 3072 5109 tanquam
3110 5044 3288 5107 gentile
3314 5042 3459 5093 babet
3483 5036 3626 5100 steph.
