3829 5747
423 214 544 273 500
1540 206 2045 269 AN'I'HOLOGIAE
2089 205 2236 266 PAL
2244 208 2489 268 ATINAE

421 345 692 409 Appuleius
707 346 905 409 Apolog.
929 358 972 395 c.
1002 349 1072 404 10,
1095 358 1143 408 p.
1164 348 1256 394 ⁴16
1275 362 1338 387 =
1357 348 1446 394 280
1467 344 1588 394 Elm.
1611 343 1730 394 Ille:
1755 341 1980 406 Ἀρίστιπ·

421 433 508 474 πος
531 420 579 466 ἐν
607 422 676 479 τῷ
706 418 906 480 τετάρτῳ
937 420 1038 480 περὶ
1072 419 1271 473 παλαιᾶς
1297 422 1464 480 τρυφῆς
1493 417 1632 476 φησὶν
1659 416 1804 465 αὐτὸν
1831 414 1974 477 (Pla-

421 487 618 549 tonem)
639 490 844 550 Ἀστέρος
865 489 1104 551 μειρακίου
1123 489 1244 544 τινὸς
1275 488 1570 551 ἀστρολογεῖν
1595 486 1977 545 συνασκουμένου

424 558 670 621 ἐρασθῆναι
684 595 697 618 ,
719 560 836 608 ἀλλὰ
853 560 933 607 καὶ
967 560 1154 614 Δίωνος
1175 558 1286 607 ἔνιοι
1307 560 1388 606 καὶ
1415 560 1627 621 Φαίδρου
1646 560 1778 619 φασί·
1809 558 1977 614 δηλοῦν

427 631 477 679 δὲ
500 632 581 680 τὸν
616 631 768 693 ἔρωτα
802 631 945 680 αὐτοῦ
963 632 1074 681 τάδε
1096 633 1157 680 τὰ
1187 633 1515 695 ἐπιγράμματα
1531 669 1544 691 ,
1581 632 1612 680 ἃ
1638 635 1718 679 καὶ
1761 633 1979 689 γενέσθαι

424 704 536 763 πρὸς
551 703 696 750 αὐτοῦ
723 704 785 756 εἰς
820 703 999 757 αὐτούς.
1032 731 1092 744 -
1129 708 1147 752 1
1180 706 1402 766 εἰσαθρεῖς
1441 703 1600 767 Diog.;
1636 704 1841 766 εἰσαθρεῖς
1865 703 1977 755 cod.

424 770 632 821 Vindob.
658 782 708 819 11.
743 776 855 827 1133
898 773 1101 836 είσάθρεῖ
1139 775 1442 839 superposito
1469 793 1500 824 σ
1530 775 1726 833 Codex:
1776 776 1979 838 είσὰθρει

428 843 561 893 Plau.
589 845 738 894 Recte
777 848 942 894 autem
974 847 1208 909 Bergkius
1247 860 1296 909 p.
1343 851 1435 897 493
1471 848 1620 909 ἀστὴρ
1667 845 1836 905 edidit,
1881 860 1979 895 non

429 915 590 975 Ἀστήρ
612 932 626 961 :
654 927 768 963 nam
801 914 926 964 illud
949 919 1094 977 poeta
1113 918 1285 977 voluit,
1323 918 1418 967 hoc
1452 916 1706 967 audientes
1739 915 1887 965 simul
1912 916 1982 965 in-

424 984 664 1048 telligunt.
695 1013 758 1022 —
786 993 812 1036 2
863 989 1050 1049 βλέποιν
1083 990 1356 1052 (βλέποιμι)
1403 988 1743 1059 corrigendum
1781 991 1982 1039 censent

423 1058 668 1107 Nauckius
712 1061 762 1108 et
805 1059 1050 1122 Bergkius.
1097 1081 1119 1103 ιι
1157 1064 1352 1117 Πολλοῖς
1393 1062 1617 1123 ὄμμασιν,
1661 1057 1816 1108 stellae
1864 1058 1981 1107 sunt

424 1132 656 1191 tanquam
695 1130 833 1179 oculi
878 1132 994 1181 coeli
1033 1134 1083 1181 et
1114 1132 1316 1181 mundi.
1363 1132 1508 1182 Arion
1552 1130 1780 1194 delphino
1806 1131 1982 1178 vectus

423 1213 579 1262 quum
608 1199 791 1249 coelum
827 1200 982 1250 stellis
1003 1200 1289 1251 distinctum
1319 1202 1606 1265 suspiceret,
1629 1200 1700 1250 sic
1723 1198 1853 1262 apud
1871 1198 1979 1247 ani·

423 1266 560 1319 mum
587 1283 734 1319 suum
754 1271 1001 1333 cogitavit,
1035 1275 1098 1328 ὡς
1131 1273 1218 1321 οὐκ
1244 1274 1366 1322 ἐστιν
1387 1273 1452 1327 είς
1481 1274 1506 1319 6
1524 1277 1604 1330 τῆς
1633 1270 1776 1327 Δίκης
1793 1270 1981 1340 ιὀφθιιιὶ-

426 1344 536 1403 μὸς,
557 1341 673 1389 ἀλλὰ
698 1346 816 1390 πᾶσι
851 1344 1030 1399 τούτοις
1054 1343 1302 1392 ἐπισκοπεῖ
1317 1344 1475 1405 κύκλῳ
1509 1345 1536 1392 ὁ
1567 1343 1667 1396 θεὸς
1694 1342 1755 1390 τὰ
1780 1340 1981 1404 πραττό-

428 1428 543 1473 μενα
578 1413 678 1476 περὶ
707 1418 794 1474 γῆν
834 1429 886 1462 τε
931 1414 1010 1461 καὶ
1065 1413 1321 1471 Θάλασσαν,
1369 1413 1498 1478 apud
1548 1413 1796 1463 Plutarch.
1852 1415 1976 1463 Mor.

425 1496 473 1547 p.
509 1486 613 1544 161,
640 1486 696 1532 F.
724 1504 748 1528 υ
775 1485 891 1533 Jac.
921 1514 980 1527 —
1006 1484 1084 1535 Sic
1110 1484 1352 1535 redditum
1377 1484 1524 1534 latine
1551 1485 1612 1534 ab
1641 1483 1913 1548 Appuleio:

533 1616 660 1659 Astra
687 1614 811 1659 vides
832 1630 845 1656 ι
869 1615 1044 1661 utinam
1063 1594 1183 1669 fiam,
1209 1615 1271 1661 mi
1289 1614 1427 1666 sidus,
1448 1614 1709 1671 Olympus!

585 1680 644 1721 ut
657 1678 814 1722 multis
835 1681 898 1723 sic
919 1681 967 1723 te
987 1679 1236 1725 luminibus
1257 1680 1447 1724 videam.

487 1810 712 1859 DCLXX.
747 1812 944 1859 Lemma
973 1824 985 1856 ε
1017 1814 1102 1859 τοῦ
1125 1811 1266 1860 αὐτοῦ
1303 1814 1366 1867 εἰς
1403 1812 1483 1859 τὸν
1521 1811 1660 1860 αὐτὸν
1691 1810 1880 1873 herim
1899 1812 1979 1859 τὸν

427 1880 650 1940 μαθητήν.
678 1879 801 1929 Vide
824 1879 887 1929 ad
904 1880 1110 1944 praeced.
1135 1882 1283 1944 epigr.
1307 1906 1370 1917 —
1389 1885 1430 1943 1,
1451 1888 1496 1930 2.
1527 1900 1551 1924 ιι
1571 1883 1770 1931 Ἑῶος...
1802 1882 1980 1929 'Berre-

425 1967 531 2012 ρος,
559 1963 674 2012 quai
700 1951 949 2001 stellarum
968 1954 1084 2001 sunt
1107 1950 1468 2015 pulcherrimae.
1488 1953 1631 2000 Hom.
1669 1951 1725 2001 11.
1756 1953 1812 2010 X,
1843 1952 1933 2000 318
1968 1972 1979 1980 -

548 2071 780 2134 Ἕσπερος
798 2108 813 2133 ,
839 2072 888 2128 ὃς
905 2073 1146 2129 κάλλιστος
1176 2074 1224 2121 ἐν
1243 2074 1424 2137 οὐρανῷ
1451 2074 1638 2121 ἵσταται
1656 2073 1818 2135 ἀστήρ.

425 2176 644 2226 Plotinus
672 2179 745 2226 De
775 2177 1000 2239 pulchrit.
1032 2193 1081 2242 p.
1112 2184 1190 2236 53,
1220 2180 1262 2226 D
1293 2192 1304 2221 t
1341 2180 1420 2226 καὶ
1465 2178 1570 2226 οὔτε
1591 2178 1837 2237 -Ἕσπερος
1872 2178 1979 2226 οὔτε

425 2249 571 2310 Ἑῷος
599 2249 724 2296 οὕτω
743 2246 881 2307 καλά,
907 2247 992 2298 ubi
1018 2248 1131 2299 vide
1158 2250 1451 2298 Creuzerum
1480 2262 1528 2311 p.
1563 2252 1648 2297 108
1671 2261 1776 2309 seq.
1802 2268 1825 2291 υ
1855 2252 1972 2297 Jac.

424 2318 585 2367 Vertit
611 2317 879 2380 Appuleius
909 2331 920 2359 :

531 2437 712 2484 Lucifer
737 2442 842 2485 ante
861 2450 987 2485 meus
1004 2440 1193 2484 rutilans
1211 2439 1473 2485 mortalibus
1492 2444 1636 2493 nter,

585 2504 808 2558 Hesperus
827 2513 852 2546 a
867 2500 962 2546 rato
979 2502 1182 2546 manibus
1201 2512 1308 2547 ecce
1327 2502 1456 2546 nites.

413 2584 542 2663 item
561 2614 806 2664 Ausonius
829 2614 956 2677 Epit.
979 2615 1169 2664 CXLIV
1197 2634 1207 2661 :

535 2735 669 2780 stella
693 2737 817 2792 prius
844 2735 1018 2792 superis
1038 2735 1241 2791 fulgebas
1260 2733 1438 2781 Lucifer
1464 2752 1477 2786 ς
1499 2741 1546 2781 at
1573 2747 1695 2781 nunc

582 2800 852 2853 Bntinctus,
874 2799 1005 2843 cassis
1031 2798 1200 2844 lumine
1227 2803 1387 2855 Vesper
1404 2802 1508 2843 eris.

486 2919 734 2968 Dchxl.
765 2921 964 2967 Lemma
991 2932 1003 2962 ι
1034 2918 1096 2974 εἰς
1123 2917 1341 2966 Ἄτταλον
1369 2917 1607 2980 νεώτερον.
1627 2918 1683 2964 In
1712 2916 1844 2966 Plan.
1875 2917 1982 2975 ἅδη-

424 2990 521 3037 λον.
554 2991 607 3038 In
633 2989 848 3038 Attalum
869 2987 1115 3050 quendam
1145 2987 1403 3037 immatura
1433 2989 1593 3035 morte
1621 2987 1896 3048 atneptum.
1922 3013 1980 3022 —-

422 3065 454 3108 2
475 3058 623 3107 θαίνειν
647 3071 756 3107 esse
783 3058 980 3107 videtur
998 3058 1048 3106 in
1074 3058 1217 3116 θοὰς
1243 3059 1316 3106 κεί
1335 3057 1442 3105 θάνε
1468 3056 1600 3108 Plan.
1633 3055 1729 3106 Sed
1747 3070 1795 3105 v,
1823 3056 1982 3104 Schae-

427 3129 586 3178 serum
611 3127 662 3177 in
681 3130 812 3178 Bast.
843 3127 998 3191 Epist.
1027 3128 1134 3177 crit.
1164 3127 1384 3190 epimetr.
1420 3141 1468 3191 p.
1501 3133 1578 3177 26.
1609 3148 1632 3171 »ι
1675 3126 1788 3177 Jac.
1834 3127 1993 3176 Cous.-

419 3213 502 3262 «ψ,
534 3203 641 3259 643,
671 3203 717 3250 4.

487 3335 757 3383 DCLxxn.
781 3337 980 3384 Lemma
1017 3336 1100 3384 ’.ἐν
1134 3335 1344 3398 Κορίνθῳ
1377 3337 1646 3400 γέγραπται·
1671 3339 1734 3393 εἰς
1769 3338 1979 3401 Ἀνδρέαν

424 3407 502 3454 τὸν
527 3407 602 3454 ἐπὶ
643 3405 914 3468 δικαιοσύνῃ
956 3407 1392 3468 μεγαλαυχήσαντα.
1436 3433 1496 3443 —
1533 3413 1553 3456 ί
1595 3410 1720 3470 χῦὥν
1757 3408 1877 3458 eod.
1917 3435 1980 3444 —

427 3482 453 3524 2
477 3477 674 3530 δικάσας
701 3474 823 3524 cod.
845 3494 868 3516 α
901 3476 1162 3538 Ἰλλυρίοισι
1191 3489 1354 3539 apogr.
1389 3476 1540 3526 Paris.
1574 3475 1653 3525 Sic
1678 3477 1730 3525 et
1757 3489 1835 3540 ep.
1867 3481 1975 3527 697.

425 3544 550 3594 Vide
577 3547 680 3594 not.
715 3543 780 3594 ad
815 3557 926 3594 mea
964 3544 1146 3594 Anecd.
1178 3548 1213 3595 t.
1264 3548 1328 3604 11,
1355 3559 1402 3609 p.
1451 3549 1558 3595 479.
1591 3567 1612 3589 ιι
1656 3549 1717 3595 B.
1753 3551 1977 3597 Δαναοῖσι

423 3615 649 3664 Reiskius
675 3616 725 3664 in
743 3616 938 3664 Δαύοισι
958 3616 1184 3666 mutavit.
1207 3615 1521 3666 Ruhnkenius
1546 3629 1740 3680 quoque
1759 3615 1808 3664 in
1822 3616 1974 3678 Epist.

424 3686 534 3735 crit.
566 3700 616 3748 p.
643 3691 726 3735 118
761 3689 970 3736 Demos
999 3687 1092 3736 hoc
1124 3688 1232 3737 loco
1250 3685 1460 3736 Graeculi
1491 3685 1700 3750 alicujus
1725 3688 1982 3750 κακοζηλία

425 3757 590 3808 deberi
624 3757 886 3808 arbitratus
914 3759 1112 3808 Δάκοισι
1143 3757 1357 3821 corrigit,
1387 3760 1444 3807 ut
1479 3757 1696 3807 Andreas
1734 3757 1897 3807 Dacioe
1930 3759 1981 3807 et

423 3829 600 3890 Illyrici
618 3827 836 3878 vicarius
853 3865 865 3888 ‚
889 3829 966 3878 vel
983 3827 1087 3891 ipse
1106 3828 1367 3891 praet'ectus
1387 3828 1612 3891 praetorio
1629 3829 1807 3890 lllyrici
1830 3828 1981 3879 fuisse

425 3899 627 3948 dicatur.
659 3897 808 3946 Dacia
840 3899 954 3959 post
979 3896 1264 3947 divisionem
1293 3896 1424 3947 orbis
1463 3897 1662 3946 Romani
1689 3911 1720 3945 a
1746 3899 1981 3948 Constan-

425 3968 526 4017 tino
553 3981 725 4030 magno
748 3967 1020 4017 institutam
1053 3969 1160 4017 erat
1191 3967 1513 4017 subdioecesis
1541 3967 1764 4030 praefecti
1796 3973 1976 4031 praito—

425 4038 498 4087 rio
523 4037 726 4100 lllyrici3
757 4051 804 4088 v.
835 4037 1014 4086 zosim.
1044 4039 1107 4099 11,
1135 4041 1211 4086 33.
1233 4039 1346 4088 Jac..
1380 4040 1436 4086 ln
1457 4036 1624 4089 latinis
1647 4037 1804 4100 posui.

486 4183 780 4231 DCLxxm.
814 4184 1014 4231 himma
1041 4199 1052 4230 ε
1079 4183 1143 4238 εἷς
1173 4182 1250 4230 τὸν
1274 4183 1414 4231 αὐτὸν
1439 4181 1644 4244 Ἀνδρέαν
1673 4182 1754 4230 τὸν
1781 4183 1974 4241 εύσεῦῆ.

426 4277 485 4287 -
514 4259 540 4301 2
559 4253 682 4300 κατὰ
705 4253 848 4312 θυμὸν
877 4251 1032 4310 Plan„
1050 4252 1193 4300 male.
1215 4270 1240 4294 «ι
1268 4252 1495 4300 Ναιετὰον
1512 4251 1600 4300 ἀνὰ
1617 4249 1792 4310 στόμα,
1813 4249 1981 4300 confer

426 4323 526 4371 not.
554 4320 616 4371 ad
641 4319 722 4379 lx,
749 4334 825 4383 ep.
847 4327 925 4370 62.
945 4339 969 4362 ι»
1003 4323 1066 4369 Β.
1097 4323 1185 4370 Est
1199 4319 1324 4369 illud
1341 4320 1511 4381 Ennii,
1539 4319 1700 4370 wlito
1718 4317 1864 4369 νέομ’
1878 4332 1983 4383 per

426 4407 522 4442 ora
547 4392 742 4443 viriam.
779 4420 837 4429 —
866 4397 914 4442 3.
941 4392 1125 4455 Ἀνδρέα
1148 4392 1458 4454 bisyllabum.

2066 340 2156 401 ait3
2177 354 2289 405 quae
2310 341 2539 393 indicatio
2564 355 2660 391 non
2672 344 2829 393 exstat
2858 343 2907 392 in
2935 344 3211 408 apographo
3238 345 3387 395 Paris.
3415 347 3623 397 Institui

2065 411 2457 475 supputationem
2492 415 2545 463 et
2578 426 2819 462 summam
2860 412 3095 475 cujusque
3122 427 3296 464 versus
3322 417 3471 477 reperi
3499 430 3625 466 esse

2066 488 2204 534 3702.
2223 483 2559 548 Respuendam
2585 497 2694 533 esse
2708 484 2994 534 varietatem
3024 485 3319 548 ἑποντοπόρει
3346 490 3629 536 monstrant

2066 554 2275 603 numeri.
2307 574 2332 597 n
2360 556 2419 603 B.
2445 554 2689 605 Sententia
2726 558 2804 605 est
2834 553 3169 615 Theodoridae,
3215 568 3363 618 supra
3384 568 3459 617 ep.
3498 564 3627 615 282,

2067 625 2197 675 unde
2230 624 2325 674 hoc
2363 624 2653 675 derivatum.
2693 652 2756 662 —
2792 633 2820 675 2
2868 624 3161 687 ἐποντοπόρει
3188 624 3447 675 Planudeoe
3472 627 3625 678 editt-

2067 700 2209 756 vett,
2244 709 2402 761 usque
2436 696 2501 746 ad
2534 696 2641 746 Aldi
2676 698 2898 759 alteram,
2934 695 3021 759 qui
3058 695 3106 744 in
3143 695 3309 745 codice
3351 696 3613 748 invenerat

2067 768 2320 833 ἕνηοπὸρει.

2130 908 2413 958 DCLxxvl.
2440 909 2639 957 Lemma
2664 924 2677 955 ·.
2707 911 2773 963 είς
2796 906 3084 956 Ἐπίκτειτον
3116 907 3245 969 (sic)
3275 910 3358 957 τὸν
3376 908 3526 969 σοφόν.
3560 911 3627 957 In

2069 979 2199 1027 Plan.
2252 978 2379 1027 male
2421 981 2793 1028 annumeratum
2832 980 3095 1039 ἰσοψήφοις.
3120 997 3143 1020 α
3180 978 3366 1027 Gallico
3402 977 3633 1028 disticho

2068 1049 2315 1099 redditum
2336 1050 2554 1099 Balzacio
2581 1053 2711 1099 socr.
2745 1048 2927 1099 Christ.
2960 1064 3008 1113 p.
3048 1053 3157 1100 297.
3191 1070 3214 1091 ι»
3252 1054 3309 1099 Β.
3338 1050 3435 1113 Ipsi
3460 1051 3631 1114 philo-

2068 1122 2221 1185 sopho
2250 1123 2423 1172 tribuit
2456 1122 2640 1172 Gellius
2660 1125 2717 1171 N.
2752 1128 2810 1171 A.
2839 1124 2906 1182 ΙΙ,
2935 1128 2987 1172 18
3016 1137 3028 1165 :
3052 1122 3186 1183 Ejus
3206 1124 3431 1184 Epicteti
3450 1126 3627 1171 etiam

2068 1196 2133 1245 de
2148 1208 2203 1244 se
2218 1197 2401 1257 scripti
2428 1195 2531 1245 duo
2568 1206 2747 1243 vers-m
2779 1193 3025 1258 seruntur
3051 1209 3069 1244 .·
3088 1207 3155 1242 ez·
3181 1194 3373 1257 quibus
3392 1194 3631 1244 latenter

2068 1263 2327 1326 intelliqas
2348 1277 2452 1313 non
2490 1276 2665 1313 omraes
2692 1264 3002 1315 omwnodis
3030 1264 3133 1315 diis
3166 1277 3350 1313 exosos
3374 1278 3492 1325 esse,
3522 1266 3627 1327 qm·

2067 1338 2125 1385 in
2145 1332 2247 1385 hac
2263 1336 2373 1384 vita
2388 1347 2511 1384 cum
2528 1346 2890 1385 {erumnarum
2910 1337 3171 1387 varietate
3188 1335 3495 1399 luctantur,-
3524 1335 3629 1385 sed

2068 1420 2173 1457 esse
2203 1418 2430 1456 arcanas
2456 1418 2660 1465 causas,
2676 1406 2749 1456 ad
2776 1419 2905 1469 quas
2920 1418 3217 1469 paucorum
3228 1408 3409 1468 potuit
3428 1420 3621 1469 perve-

2066 1482 2183 1529 nire
2220 1479 2510 1527 curiositas.
2555 1479 2730 1531 Δοῦλος
2768 1478 2863 1526 etc.
2902 1477 3026 1538 (Qui
3054 1477 3193 1526 locus
3224 1479 3363 1526 totus
3398 1477 3529 1529 abest
3554 1484 3629 1531 ab

2066 1548 2249 1612 optimo
2270 1546 2438 1598 codice
2458 1548 2629 1608 Paris„
2660 1547 2845 1610 reliqua
2862 1548 2969 1610 ejus
2986 1546 3158 1609 capitis
3179 1546 3487 1612 exhibente.)
3510 1554 3589 1601 Ha
3602 1582 3627 1591 -

2065 1621 2149 1670 bet
2166 1621 2311 1671 etiam
2350 1618 2625 1670 Macrobius
2655 1620 2755 1667 Sat.
2788 1620 2824 1680 1,
2872 1622 2945 1678 11,
2987 1630 3034 1679 p.
3072 1621 3163 1668 253
3208 1620 3315 1680 Bip.
3352 1622 3412 1668 Et
3442 1622 3623 1671 Joann.

2066 1692 2460 1753 Chrysostomus‚
2512 1690 2655 1738 Hom.
2697 1689 2805 1737 Xul
2854 1687 2905 1736 in
2965 1689 3083 1736 Acta
3133 1690 3327 1750 Apost„
3384 1690 3482 1739 vol.
3530 1694 3622 1749 IX,

2066 1776 2113 1825 p.
2148 1764 2235 1810 109
2261 1782 2273 1809 :
2296 1761 2395 1809 ἔστι
2422 1760 2504 1819 μὲν
2523 1758 2603 1808 οὗν
2622 1760 2678 1816 δή
2703 1774 2748 1807 τι
2772 1761 2852 1807 καὶ
2872 1758 2980 1813 ἔπος
2998 1764 3183 1807 τοιοῦτο
3200 1764 3295 1814 τοῖς
3314 1759 3476 1814 ἔξωθεν
3498 1762 3623 1823 εἰρη-

2068 1834 2218 1893 μένον·
2243 1852 2266 1873 ιι
2286 1833 2445 1886 δοῦλος
2462 1831 2542 1893 μὲν
2561 1829 2846 1887 Ἐπίκτητος,
2869 1834 3011 1890 σῶμα
3028 1828 3280 1890 ἀνάπηρος,
3300 1831 3459 1887 πενίην
3475 1832 3623 1893 Ἶρος,

2066 1904 2145 1951 καὶ
2160 1904 2287 1963 φίλος
2302 1901 2560 1951 ἀθανάτων.
2586 1920 2609 1944 ιι
2634 1927 2695 1936 -
2718 1904 2737 1947 1
2770 1901 2851 1947 καὶ
2878 1900 3062 1960 σώματι
3080 1902 3224 1961 πηρὸς
3248 1900 3372 1949 Gell.
3398 1904 3447 1950 et
3464 1904 3623 1951 Macr-

2066 1998 2131 2008 —
2148 1979 2195 2021 2.
2222 1991 2245 2013 «
2272 1970 2359 2019 Vir
2373 1969 2555 2033 probus
2572 1972 2623 2019 et
2634 1972 2834 2019 sanctus
2852 1972 2903 2018 et
2922 1972 3175 2031 propterea
3200 1967 3294 2017 diis
3322 1982 3482 2019 carus.
3510 1973 3623 2019 Ma·

2070 2040 2228 2090 ximus
2249 2043 2362 2103 Tyr.
2396 2041 2523 2089 Diss.
2554 2042 2640 2099 lv,
2670 2046 2699 2087 6
2722 2059 2734 2087 z
2764 2040 2803 2087 εἰ
2825 2040 2875 2087 δέ
2907 2056 2977 2095 τις
2996 2039 3097 2087 ἐστὶ
3122 2040 3203 2086 καὶ
3231 2038 3487 2103 ἀνθρώποις
3506 2041 3627 2103 πρὸς

2070 2112 2196 2167 θεοὺς
2220 2112 2445 2173 ἐπιμιξία,
2470 2112 2498 2159 ὁ
2518 2111 2599 2171 μἐν
2627 2109 2819 2166 εὗοεὸὴς
2846 2108 2973 2171 φίλος
2989 2110 3096 2170 θεῷ.
3121 2129 3143 2151 υ
3171 2111 3283 2158 Jac-

2129 2255 2448 2304 Dcnxxvll.
2477 2254 2707 2302 Lemma:
2738 2252 2791 2299 ἐκ
2818 2256 2898 2309 τῆς
2931 2250 3153 2312 Ἱστορίας
3186 2251 3443 2313 Ἡροδότου
3474 2252 3625 2314 (vn,

2022 2327 2025 2329 ’
2070 2326 2191 2385 228)
2230 2327 2292 2380 είς
2312 2326 2394 2373 τὸν
2423 2324 2567 2386 τάφον
2601 2323 2870 2381 Μεγιστὲως
2908 2318 3038 2381 (sic)
3064 2326 3149 2369 τοῦ
3178 2320 3383 2380 μάντεως
3406 2328 3489 2370 τοῦ
3526 2324 3627 2370 ὑπὸ

2070 2398 2263 2457 Περσῶν
2294 2395 2625 2456 ἀναιρεθέντος·
2648 2390 2931 2441 Herodotus
2958 2408 2969 2437 :
3003 2392 3056 2439 τὸ
3079 2390 3128 2439 δὲ
3159 2395 3242 2439 τοῦ
3272 2390 3458 2453 μάντιος
3480 2393 3631 2452 Meyn-

2068 2466 2209 2515 στίεω
2226 2464 2552 2527 (ἐπίγραμμα)
2584 2464 2839 2523 Σιμωνίδης
2867 2463 2894 2509 δ
2922 2460 3225 2524 Λεωπρέπεος
3248 2462 3346 2509 ἐστι
3373 2463 3495 2509 κατὰ
3526 2464 3625 2517 ξει-

2068 2537 2167 2593 νίην
2202 2538 2231 2584 ὁ
2264 2536 2551 2597 ἐπιγράψας,
2592 2533 2783 2595 reliqua
2826 2531 3171 2595 epigrammata
3210 2530 3629 2593 Amphictyonum

2068 2606 2356 2657 auctoritate
2395 2604 2645 2668 inscripta.
2688 2606 2759 2652 De
2800 2602 3019 2665 Megistia
3057 2604 3307 2650 Acarnane
3352 2604 3483 2659 vate,
3514 2600 3624 2663 qui,

2068 2679 2325 2740 postquam
2361 2688 2537 2738 pugnas
2564 2673 2627 2723 ad
2672 2672 3021 2735 Thermopylas
3046 2674 3278 2721 eventum
3306 2670 3624 2733 praedixerat.

2068 2758 2097 2793 a
2117 2743 2329 2793 Leonida
2355 2744 2589 2793 dimissus
2619 2756 2717 2792 uon
2750 2742 2884 2800 abiit,
2923 2741 3007 2790 sed
3048 2740 3203 2789 tilium
3230 2753 3378 2802 quem
3406 2740 3631 2791 habebat

2069 2815 2269 2864 unicum
2296 2814 2496 2873 dimisit,
2518 2817 2685 2863 narrat
2704 2812 2936 2862 Herodot.
2964 2812 3031 2861 ib.
3062 2824 3106 2859 c.
3134 2814 3244 2869 221,
3268 2807 3351 2859 ubi
3374 2823 3423 2859 ν.
3446 2813 3626 2861 Valck.

2066 2893 2170 2937 —1
2202 2890 2401 2936 κλειτοῖο
2446 2887 2546 2936 duo
2588 2885 2697 2934 libri
2736 2884 2849 2934 boni
2882 2897 2960 2946 ap.
3002 2882 3202 2941 Herod„
3238 2882 3324 2944 qui
3366 2885 3623 2942 Μεγιστία.

2067 2985 2130 2994 -
2152 2963 2182 3008 4
2211 2957 2422 3022 Σπάρτας
2444 2955 2587 3019 pauci
2613 2955 2725 3004 libri
2754 2968 2833 3018 ap.
2864 2955 2977 3003 Her.

2128 3100 2467 3152 Dchxvm.
2512 3099 2713 3147 Lemma
2752 3119 2763 3148 :
2796 3098 2861 3154 εἷς
2891 3113 2995 3145 τινα
3028 3095 3295 3158 Σωτῆριχον
3328 3093 3401 3142 ἐπ’
3430 3094 3628 3157 ἀνδρείᾳ

2066 3175 2147 3222 καὶ
2166 3171 2438 3231 δικαιοσύνῃ
2462 3169 2909 3232 μεγαλαυχούμενον.
2945 3186 2968 3208 «ι
2992 3165 3275 3215 soterichus
3305 3163 3503 3226 quidam
3532 3178 3623 3213 oc-

2066 3242 2220 3292 currit
2240 3241 2290 3290 in
2313 3238 2541 3302 Epistolis
2567 3235 2762 3286 Firmici
2782 3250 2832 3286 n.
2874 3236 3035 3294 XVII,
3060 3233 3315 3283 Muratorii
3340 3231 3625 3282 Anecdoto-

2066 3327 2177 3361 rum
2216 3325 2264 3374 p.
2299 3314 2407 3371 297,
2441 3309 2527 3371 qui
2574 3307 2739 3356 tloruit
2779 3307 2951 3368 quinto
2978 3307 3091 3368 post
3130 3303 3247 3354 Chr.
3291 3303 3488 3352 saeculo.
3530 3303 3627 3352 Hic

2067 3381 2350 3432 soterichus
2377 3378 2642 3443 proesectus
2674 3375 2903 3440 praitoria
2930 3375 3141 3424 Orientis
3167 3374 3245 3423 vel
3274 3373 3445 3422 saltem
3482 3373 3623 3434 ejus-

2064 3453 2178 3503 dem
2201 3451 2418 3516 pra-,recu
2444 3451 2495 3498 in
2514 3449 2712 3500 Pontica
2726 3446 2929 3496 dioecesi
2940 3447 3166 3495 Vicarius
3191 3445 3343 3494 fuisse
3358 3443 3578 3493 videtur.
3600 3465 3626 3486 υ

2066 3527 2175 3574 Jac.
2199 3550 2260 3559 —
2290 3528 2331 3571 1.
2366 3541 2389 3564 «
2418 3521 2678 3583 11ληρώσας
2705 3518 2945 3580 στρατιήν.
2980 3516 3211 3566 voluitne
3238 3511 3514 3576 siguificare
3550 3527 3624 3570 se,

2065 3594 2187 3644 dum
2229 3593 2431 3651 viveret,
2483 3589 2736 3652 proet'uisse
2776 3584 3139 3636 conscribendis
3180 3583 3419 3634 militibus
3460 3584 3514 3631 et
3562 3581 3629 3632 ad

2066 3663 2241 3714 vexilla
2260 3661 2515 3724 cogendis?
2543 3679 2567 3703 ιι
2609 3662 2668 3708 Β.
2696 3685 2761 3695 -
2782 3665 2809 3708 5
2836 3656 2948 3717 φάος
2976 3656 3189 3715 ὀλύμπου
3212 3653 3354 3712 Cod.;
3383 3652 3624 3702 Bruuckii

2066 3735 2413 3785 correctionem
2460 3730 2646 3794 recepit
2692 3727 2871 3786 Boiss.;
2908 3726 3214 3776 Reiskianam
3268 3727 3379 3786 φάος
3416 3723 3625 3786 [ἁγνὸν]

2070 3807 2309 3868 Ὀλύμπου
2334 3803 2604 3853 Jacobsius.

2129 3951 2407 4000 Dchxlx.
2447 3950 2647 3997 Lemma
2681 3964 2693 3990 ι
2724 3943 2786 3997 εἰς
2811 3943 2887 3990 τὸν
2928 3941 3062 4002 ἅγιον
3098 3939 3317 3992 Ἰωάννην
3352 3937 3431 3986 τὸν
3454 3936 3625 3985 πάπαν

2066 4021 2391 4082 Ἀλεξανδρείας
2419 4021 2496 4066 τὸν
2534 4017 2808 4074 Ἐλεήμονα.
2856 4031 2881 4054 ιι
2906 4013 2979 4060 De
3008 4013 3192 4060 Joanne
3228 4009 3311 4058 illo
3339 4008 3623 4069 Eleemosy-

2068 4092 2200 4142 nario
2224 4088 2337 4140 vide
2372 4087 2556 4137 Fabric.
2591 4084 2712 4134 Bibl.
2747 4085 2831 4131 Gr.
2862 4085 2900 4131 t.
2938 4083 2993 4138 Χ,
3031 4093 3078 4143 p.
3128 4086 3234 4129 262.
3262 4099 3285 4122 ³·
3326 4082 3386 4128 B.
3411 4102 3474 4113 -
3508 4081 3529 4125 1
3564 4077 3623 4136 ἦν

2069 4164 2166 4226 (sic
2182 4163 2349 4222 Saltu„
2379 4161 2434 4213 ἢν
2449 4171 2526 4220 ap.
2548 4154 2684 4217 Jac.)
2713 4153 2752 4203 δ’
2792 4153 2859 4202 ἔτι
2889 4151 3009 4201 cod.
3032 4154 3083 4200 et
3102 4150 3234 4199 Plan.
3255 4148 3335 4197 ed.
3369 4147 3623 4210 princeps;

2066 4236 2123 4295 ἦν
2154 4235 2263 4284 δέτι
2296 4229 2508 4286 AldInae3
2538 4229 2593 4285 ἢν
2622 4227 2700 4274 καὶ
2727 4225 2773 4273 τί
2793 4228 3000 4273 Ascens.
3038 4223 3089 4270 et
3120 4219 3290 4282 steph.
3322 4237 3345 4260 e«
3374 4217 3624 4267 Particula

2066 4307 2117 4355 δέ
2153 4317 2284 4367 saepe
2316 4296 2737 4362 interrogationem
2763 4293 3030 4344 continuat.
3096 4289 3241 4347 Quod
3274 4290 3439 4339 autem
3464 4287 3623 4337 inter-

2067 4373 2254 4436 rogatio
2295 4383 2409 4426 nou‚
2453 4371 2511 4417 ut
2552 4367 2701 4424 solet,
2742 4363 2979 4428 particula
3007 4359 3333 4424 interrogandi
3370 4358 3626 4407 continua-

2064 4449 2165 4506 tur,
2221 4443 2309 4494 sed
2360 4439 2508 4490 verbo
2554 4435 2861 4486 substantivo
2877 4473 2891 4494 ‚
2933 4433 2985 4482 id
3033 4433 3085 4482 in
3135 4430 3228 4480 boc
3279 4429 3625 4493 epigrammate

490 4523 784 4573 DCLXXIV.
817 4527 1014 4573 Lemma
1044 4545 1054 4573 :
1081 4526 1144 4579 εἰς
1176 4523 1442 4587 Ἀρχίλοχον
1469 4526 1548 4573 τὸν
1581 4524 1759 4587 Πάριον
1783 4525 1979 4584 ποιητὴν
2067 4511 2277 4576 imperiti
2319 4506 2664 4559 versificatoris
2718 4504 2969 4554 offendere
3022 4515 3118 4551 non
3175 4500 3336 4550 debet.
3384 4525 3445 4534 —
3482 4503 3510 4546 2
3540 4515 3619 4548 νε-

424 4596 518 4639 τῶν
539 4593 741 4652 ἰάμβων.
771 4597 824 4643 ln
847 4594 978 4643 Plan.
1004 4594 1105 4644 sine
1133 4595 1327 4644 nomine
1358 4599 1530 4658 poetae.
1563 4616 1586 4638 «ι
1620 4598 1803 4646 Sensus
1833 4610 1981 4660 argu·

425 4665 511 4712 tus
542 4683 554 4710 :
587 4664 930 4714 Archilochum
973 4667 1118 4714 Musa
1157 4666 1422 4715 commovit
1465 4669 1522 4716 ut
1556 4666 1735 4717 iambis
1783 4680 1979 4730 operam

427 4731 599 4789 daret,
621 4735 775 4783 verita
803 4748 862 4784 ne
882 4773 894 4794 ‚
923 4735 964 4784 si
987 4735 1168 4785 heroici
1193 4735 1422 4785 carminis
1447 4735 1644 4785 laudem
1679 4739 1978 4798 sectaretur,

426 4804 626 4854 Homeri
659 4803 900 4868 splendori
917 4805 1153 4856 officeret.
1187 4827 1210 4850 υ
1241 4810 1350 4857 lae.
1373 4814 1475 4855 -1
1509 4809 1775 4863 λυσσώντας
1796 4806 1914 4858 cod.

491 4936 735 4985 »CLXXV
779 4938 980 4989 Lemma
1006 4957 1018 4984 ι
1039 4938 1269 4998 ἰσόψηφον
1299 4940 1363 4994 εἰς
1379 4939 1580 4998 ναυηγὸν
1597 4955 1700 4987 τινα
1719 4938 1976 5001 ἀνώνυμον.

426 5023 452 5047 α
476 5005 550 5054 Ad
583 5009 846 5068 utrumque
875 5019 1070 5056 versum
1096 5007 1276 5071 appicti
1301 5011 1526 5070 numeri,
1548 5011 1684 5073 ,Γψε’,
1720 5007 1979 5060 Jacobsius

2068 4589 2181 4644 κροῦ
2204 4581 2410 4632 Brunck.
2448 4591 2560 4628 cum
2593 4576 2850 4639 Scaligem,
2877 4587 2973 4623 non
2995 4571 3177 4622 librarii
3202 4569 3369 4629 errori,
3400 4567 3488 4618 sed
3511 4581 3620 4618 ver·

2070 4651 2329 4704 sificatoris
2369 4648 2631 4712 imperitiae
2670 4645 2853 4695 mederi
2893 4645 3115 4693 conatus.
3163 4641 3249 4692 Ille
3274 4639 3429 4702 νεκρὸς
3456 4637 3519 4687 ad
3550 4638 3621 4688 in·

2066 4723 2439 4787 terrogatienem
2462 4721 2511 4769 in
2538 4733 2585 4768 v.
2608 4717 2761 4781 primo
2779 4714 3003 4764 retulisse
3028 4712 3255 4762 videtur:
3279 4709 3345 4766 τίς
3374 4711 3403 4758 ὁ
3429 4710 3615 4770 νεκρὸς,

2069 4799 2148 4845 καὶ
2164 4795 2321 4854 πόθεν,
2340 4794 2407 4849 τίς
2434 4794 2492 4841 τὰ
2514 4791 2624 4854 ἔργα
2641 4787 2698 4848 ἦν
2721 4789 2800 4836 καὶ
2820 4787 2899 4834 τὸν
2916 4786 3068 4834 bieme.
3095 4803 3119 4827 ν
3146 4785 3260 4832 Jac.
3290 4783 3348 4830 In
3368 4779 3465 4828 fine
3494 4778 3616 4827 eod.

2067 4867 2225 4916 ὄλΰυυ.
2254 4862 2553 4914 Probabilius
2580 4857 2712 4910 ,duco
2738 4857 2872 4918 quod
2905 4855 3066 4904 deleto
3100 4853 3140 4902 δ’
3178 4850 3451 4902 Bruncltius
3490 4850 3613 4900 scti-

2068 4937 2165 5001 psit
2188 4939 2256 4993 τίς
2280 4937 2310 4995 ἢ
2341 4935 2477 4983 πόθεν
2498 4934 2570 4992 ἦν,
2590 4931 2661 4980 ἔτι
2690 4933 2797 4984 παῖς
2833 4928 2951 4982 τίνος
2968 4962 2982 4986 ,
3009 4923 3098 4974 sed
3122 4921 3276 4972 BoiSS.
3305 4932 3511 5000 quoque
3534 4921 3609 4968 Je-

2068 5005 2288 5057 ecbsium
2317 5003 2552 5066 sequitur.
2586 5028 2639 5038 -
2668 5007 2697 5052 5
2730 4999 2945 5061 κτήματα
2975 4997 3056 5058 μὲν
3086 4994 3243 5054 Plan.;
3278 4991 3427 5041 ὀλόων
3450 4989 3617 5052 (lutera
