3829 5747
486 118 604 179 512

482 244 690 303 Κιλικίης
723 244 864 303 ἤϊσαν
903 244 978 293 ἐπὶ
1013 246 1096 303 τὴν
1135 246 1370 305 Σαλαμῖνα
1402 248 1517 309 πεζῇ
1533 261 1545 274 ·
1570 252 1679 307 τῇσι
1723 250 1770 297 δὲ
1809 251 1943 307 νηυσὶ
1978 253 2022 299 οἱ

480 316 693 371 Φοίνικες
715 316 1000 377 περιέπλωον
1021 318 1104 373 τὴν
1130 316 1292 377 ἇιιρην,
1317 318 1364 365 αἳ
1390 318 1631 366 καλεῦνται
1657 320 1902 376 locutos<
1926 326 2023 378 τῆς

483 386 740 447 Κύπρου.
787 384 924 434 Adde
962 383 1119 434 strab.
1166 386 1291 444 XIV,
1329 398 1377 448 p.
1417 391 1527 435 682.
1565 388 1766 437 Salamis
1813 390 1933 439 urbs
1972 390 2023 439 in

480 458 694 503 extrema
717 466 804 503 era
845 453 990 515 cypri
1027 453 1200 515 posita.
1229 480 1292 490 —
1317 458 1346 502 3
1371 455 1422 504 δέ
1459 458 1514 503 οὑ
1552 456 1629 505 vel
1654 458 1734 516 οὺ,
1759 460 1816 507 111
1857 470 2019 521 apogr.

480 524 756 573 Gothanum
772 560 785 581 ,
815 521 960 572 etiam
991 523 1193 572 Salmas.
1221 523 1403 586 legerat
1429 524 1479 573 in
1505 524 1686 574 Codice
1703 562 1716 587 ,
1743 524 1830 575 sed
1857 528 1906 575 δέ
1933 544 2022 575 σου

479 596 688 642 testatur
725 592 910 642 Paulas.
957 591 1212 642 Disticbon
1261 594 1494 643 omissum
1535 594 1586 643 in
1629 595 1760 644 Plan.
1805 596 2023 646 Habebat

479 661 677 711 Grotius
695 699 707 721 ,
727 662 842 710 item
868 674 982 711 cum
997 661 1264 724 negatione.
1285 663 1557 712 Brunckius
1575 663 1699 712 κόνιν
1717 665 1755 713 δ’
1774 664 1865 713 οὐδ’
1883 666 2017 726 dno„

478 730 565 781 sed
603 733 747 795 poeta
775 731 896 781 dicit
931 744 1109 793 corpus
1140 732 1290 781 fuisse
1317 731 1382 782 ad
1406 736 1632 797 cognatos
1656 734 1864 784 relatum
1878 770 1894 794 ,
1919 734 2017 797 eie·

477 804 640 861 ctum,
667 804 725 851 ut
752 798 837 860 fit,
864 800 927 850 ab
952 799 1098 850 undis
1128 804 1179 851 et
1205 802 1440 865 agnitum.
1466 805 1528 852 Et
1549 803 1718 853 similis
1746 817 1826 853 res
1863 806 1943 853 est
1968 802 2021 852 in

476 868 698 931 sequenti
725 870 876 933 epigr.

536 1001 870 1049 Dccxxxlx.
905 1002 1102 1050 Lemma
1146 1018 1159 1049 ι
1199 1002 1262 1057 εἰς
1299 1002 1500 1063 ναυαγὸν
1543 1002 1864 1066 Ἀρισταγόραν
1911 1008 2014 1067 περὶ

475 1072 672 1119 Σκίαθον
695 1072 1065 1120 κινδυνεύσαντα.
1094 1073 1199 1119 lmo
1227 1070 1400 1122 femina
1429 1072 1702 1135 Aristagora
1720 1072 1891 1135 sepelit
1922 1087 2018 1123 ma-

473 1139 624 1188 ritum
655 1140 976 1202 Polyantbum
993 1178 1006 1199 ,
1035 1139 1178 1201 cujus
1203 1138 1421 1201 naufragi
1445 1152 1616 1203 corpus
1655 1140 1905 1189 inventum
1940 1142 2014 1204 pi-

472 1213 686 1259 scatores
729 1210 995 1260 retulerant
1040 1209 1100 1258 ad
1144 1223 1358 1259 uxorem.
1379 1240 1440 1250 —
1459 1218 1504 1259 2.
1533 1210 1835 1273 ἀρισταγὸρην
1870 1212 2014 1273 Cod.,

475 1292 600 1329 corr.
657 1279 879 1343 Heringa.
920 1278 1055 1329 Idem
1093 1278 1269 1327 vitium
1314 1278 1366 1326 in
1419 1280 1638 1341 sequenti
1677 1293 1753 1343 ep.
1797 1295 1845 1329 v.
1875 1287 1922 1330 2.
1956 1307 2017 1318 -

470 1353 520 1397 4.
552 1368 576 1392 «ι
619 1350 809 1405 Σκίαθος
826 1387 840 1409 ,
881 1350 1040 1399 insula
1064 1360 1213 1411 prope
1241 1348 1503 1409 Euboeam,
1535 1352 1766 1399 Toronaeo
1807 1349 1917 1401 sinu
1958 1364 2015 1399 ex

476 1417 684 1468 adverso
726 1420 898 1481 posita.
930 1421 1123 1481 Διμένος
1161 1424 1244 1466 τοῦ
1272 1420 1536 1479 Τορωναὶου
1567 1418 1885 1481 tranquillitas
1924 1432 2012 1483 pa-

471 1490 654 1541 roemiae
677 1490 838 1539 locum
865 1488 1057 1539 fecerat.
1087 1510 1109 1531 n
1141 1491 1248 1538 Jac.
1265 1494 1368 1537 —5
1389 1487 1581 1554 ὀρθριναὶ
1610 1491 1690 1551 μὲν
1719 1490 1862 1551 Cod.,
1881 1504 2009 1540 corr.

470 1558 708 1608 lteiskius.

527 1699 750 1747 DCCXL.
786 1700 982 1747 Lemma
1009 1718 1020 1746 ι
1051 1699 1113 1753 εἷς
1151 1696 1366 1760 Κρίθωνα
1392 1698 1499 1759 (sic)
1534 1697 1636 1747 τινὰ
1662 1698 2009 1747 πλουσιώτατον

468 1770 546 1816 καὶ
575 1773 641 1830 τῷ
665 1769 789 1828 Γύγη
819 1768 1170 1830 παρισούμενον.
1189 1794 1252 1804 -
1273 1773 1290 1817 1
1315 1768 1435 1817 αὐτὰ
1462 1769 1563 1818 ἐπεὶ
1587 1770 1717 1831 ιρήθ.
1744 1768 1885 1826 Cod.;
1905 1770 2011 1832 Κρί-

465 1840 607 1893 θωνος
631 1838 858 1887 Brunckii
879 1836 988 1887 cod.
1020 1838 1154 1887 Plan.
1185 1840 1236 1887 et
1257 1837 1306 1887 in
1335 1839 1576 1888 lemmate.
1597 1839 1862 1902 Vulgatum
1889 1840 2009 1887 αὐτὰ

463 1908 676 1957 correxit
720 1907 922 1957 Meinek.
962 1921 1011 1970 p.
1060 1912 1164 1957 127.
1188 1915 1294 1957 -2
1335 1908 1529 1958 σποδιάν
1565 1908 1684 1958 Cod.
1707 1914 1832 1957 -3.
1871 1910 2007 1959 Notae

459 1976 644 2027 divitiae
672 1978 821 2041 Gygis
846 1976 990 2039 Lydi;
1017 1976 1248 2027 Herodot.
1281 1982 1322 2040 1,
1357 1986 1440 2035 123
1468 1978 1641 2027 Strabo
1666 1980 1790 2038 x1v,
1817 1991 1866 2042 p.
1895 1982 2004 2039 680,

461 2050 514 2097 et
551 2052 708 2111 poetae
751 2047 946 2112 passim.
974 2074 1038 2083 —
1065 2052 1093 2097 4
1134 2048 1423 2111 βουπάμμων
1451 2048 1585 2097 Plan.
1614 2048 1756 2097 male.
1777 2078 1832 2089 -
1859 2054 1887 2097 5
1918 2066 2003 2110 μυ-

462 2118 609 2178 θεῦμ’;
647 2119 721 2166 ἐπὶ
761 2122 876 2166 πᾶσι
923 2118 1058 2166 Plan.
1104 2136 1128 2163 ιι
1165 2117 1310 2175 Quod
1349 2118 1428 2167 vix
1468 2117 1727 2167 correctori
1769 2117 2002 2178 debetur-3

457 2200 754 2250 quamquam
783 2187 1026 2237 trochaica
1048 2187 1098 2235 in
1122 2190 1296 2249 quarto
1320 2188 1442 2249 pede
1463 2190 1650 2237 caesura
1665 2224 1678 2245 ,
1699 2200 1796 2249 qua
1816 2188 2004 2250 pejores

459 2256 618 2316 poetae
656 2253 1080 2317 epigrammatarii,
1107 2258 1165 2303 ut
1197 2254 1442 2304 Lucianus
1468 2257 1520 2304 et
1546 2254 1779 2317 Diogenes
1795 2292 1807 2315 ,
1830 2256 1999 2318 saepis·
2042 2263 2049 2333 Ι

457 2321 580 2371 sime
591 2323 672 2371 usi
685 2324 816 2383 sunt,
831 2335 892 2373 ne
905 2322 1428 2385 elegantioresquidem
1445 2327 1600 2387 poetae
1613 2324 1998 2373 abstinuerunt.»
2044 2338 2049 2341 ·

463 2392 682 2441 Meinek.
709 2422 770 2435 -
794 2398 822 2440 e
849 2397 932 2454 φεῦ
959 2392 1090 2447 οὗτος
1117 2394 1249 2453 γαίης
1279 2394 1421 2443 ὅσσον
1463 2394 1617 2452 Plan.;
1647 2400 1730 2451 φεῦ
1754 2394 1928 2453 τόσσης
1952 2411 1999 2456 γ.

455 2460 661 2509 Brunck.
685 2480 710 2503 «ι
731 2464 804 2510 De
829 2464 927 2511 tam
945 2462 1116 2525 amplis
1132 2462 1399 2513 latifundiis
1418 2464 1700 2525 quantillam
1722 2464 2001 2526 portionem

453 2529 715 2581 defunctus
742 2542 868 2581 nunc
899 2530 1076 2581 habeti
1105 2532 1180 2581 Ad
1205 2534 1502 2583 structuram
1522 2534 1648 2582 conr.
1677 2545 1753 2595 ep.
1777 2537 1882 2593 268,
1900 2536 1950 2583 4.
1974 2554 1998 2578 2·

461 2599 574 2648 Jac.

515 2736 764 2786 Dccxm.
798 2740 998 2787 Lemma
1029 2756 1042 2785 ι
1069 2738 1132 2793 εἰς
1159 2736 1412 2799 Ὀθρυάδην
1438 2736 1517 2786 τὸν
1548 2736 1849 2801 Σπαρτιάτην.
1877 2734 2000 2785 Male

457 2806 537 2855 vel
579 2804 642 2855 ‹le
692 2806 849 2869 primo
896 2806 1138 2867 disticho,
1165 2820 1197 2856 a
1237 2806 1554 2869 sequentibus
1589 2808 1776 2857 avulso.
1807 2810 2001 2856 Novum

454 2876 748 2938 epigramma
772 2877 1027 2927 inchoatur
1051 2890 1198 2926 versu
1224 2884 1269 2936 ³,
1298 2891 1410 2926 cum
1431 2877 1527 2927 hoc
1549 2877 1774 2926 lemmate
1795 2894 1807 2924 :
1831 2877 1997 2932 ἄδηλον

459 2947 521 3000 εἰς
541 2947 772 3003 Ῥωμαῖον
797 2946 1081 3008 στρατιώτην
1108 2947 1440 3008 ἀριστεύσαντα
1464 2947 1690 3003 ἐξαισίοις.
1706 2948 1830 2996 Cum
1846 2946 1995 3008 sigla:

453 3017 642 3077 ὡραῖον.
671 3017 728 3064 In
756 3013 1004 3064 Planudea
1019 3015 1312 3078 epigramma
1329 3019 1406 3065 est
1429 3015 1672 3077 integrum
1697 3018 1995 3077 Κριναγόρου.
2024 3039 2031 3046 ·

453 3111 514 3120 -
541 3091 568 3134 2
599 3086 944 3146 καλιπτολὲμων
972 3083 1106 3132 Plan.
1133 3083 1356 3145 pessime.
1385 3084 1593 3133 Jacobsii
1617 3085 1961 3134 correctionem
1978 3121 1990 3142 ,

453 3152 568 3214 ἔργα
616 3157 824 3214 κρατεῖ
865 3153 1075 3211 πολέμων
1116 3151 1292 3214 Ἀρῤιος
1325 3154 1455 3201 stare
1485 3165 1582 3200 non
1612 3165 1754 3214 posse
1789 3151 2002 3201 ostendit

453 3222 656 3273 Meinek.
684 3236 733 3284 p.
777 3225 878 3280 187,
915 3220 1020 3283 ipse
1049 3220 1264 3271 scribens
1292 3221 1449 3282 λάλει,
1472 3222 1651 3282 jacta,
1681 3223 1790 3271 coll.
1821 3221 1999 3284 Diphili

449 3305 598 3342 versu
626 3305 701 3354 ap.
732 3289 906 3340 Athen.
932 3291 1044 3350 v11,
1072 3303 1123 3352 p.
1155 3295 1262 3348 292,
1288 3293 1351 3340 Β.
1379 3291 1625 3341 Heckerus
1647 3293 1774 3342 κάλει
1797 3293 1999 3354 explicat

455 3361 656 3411 celebra
675 3397 690 3418 ,
723 3360 836 3410 coll.
865 3358 1080 3423 Append.
1117 3359 1194 3408 ed.
1221 3363 1328 3409 340.
1359 3360 1454 3409 Sed
1475 3373 1588 3409 vere
1613 3361 1957 3411 Boissonadius
1983 3379 1995 3410 :

452 3447 478 3471 ι
511 3429 699 3492 Reliqui
746 3429 1004 3480 lectionem
1049 3429 1260 3478 Codicis.
1287 3431 1438 3479 Poeta
1475 3430 1650 3480 heroas
1683 3433 1917 3482 maximos
1948 3435 1999 3482 et

450 3501 658 3548 maxima
687 3499 900 3550 facinora
925 3499 1097 3548 bellica
1137 3498 1229 3548 sibi
1269 3498 1442 3549 adesse
1474 3500 1606 3561 vult,
1633 3513 1796 3550 coram
1821 3501 1999 3564 quibus

450 3569 642 3618 Arrium
680 3579 831 3618 suum
866 3567 1050 3618 laudet.
1091 3589 1116 3612 ι»
1151 3570 1270 3618 Nam
1314 3582 1460 3620 versu
1502 3571 1726 3632 sequenti
1771 3574 1999 3637 scaligeri

447 3637 687 3688 correctio
709 3639 883 3702 Ἀρῤιος
915 3652 944 3688 a
969 3639 1212 3702 plerisque
1237 3643 1448 3703 recepta.
1481 3643 1754 3705 fleckerus,
1779 3643 1860 3693 cui
1887 3647 1999 3707 ἔργα

449 3709 635 3757 πάντων
675 3711 890 3772 πολέμων
916 3729 940 3752 ιι
964 3709 1042 3757 vix
1085 3709 1208 3760 bene
1249 3710 1436 3760 dictum
1477 3710 1726 3760 videretur
1756 3731 1798 3769 ν».
1827 3713 1998 3764 scribit

449 3778 561 3839 ἔργα
580 3780 726 3827 κάλει.
746 3781 827 3830 Πο
845 3779 902 3828 λε’
918 3796 1034 3839 μων
1052 3780 1203 3844 Ἄρεος
1222 3781 1473 3842 αἰχμητὴς,
1493 3794 1669 3831 nomen
1696 3782 1878 3840 militis,
1896 3797 1997 3846 quo

450 3845 644 3896 nomine
681 3847 830 3897 etiam
864 3847 1011 3896 alium
1053 3847 1335 3898 bellatorem
1373 3849 1692 3900 fortissimum
1719 3851 1886 3901 baberi
1913 3867 1992 3916 ap.

449 3919 705 3968 Lucillium
729 3921 810 3978 xl,
831 3931 907 3980 ep.
931 3923 1038 3976 210,
1061 3919 1259 3967 annotat
1281 3918 1497 3968 Geistius
1512 3957 1525 3977 ,
1551 3920 1824 3970 Beckerum
1851 3935 1995 3972 secu-

449 3991 546 4037 tus.
567 3987 662 4037 Sed
677 4001 853 4037 nomen
870 3988 1072 4038 Romani
1099 3989 1266 4038 militis
1289 3993 1374 4039 aut
1397 3990 1642 4053 ignorasse
1668 3995 1758 4041 aut
1783 3993 1993 4044 tacuisse

447 4057 643 4108 videtur
678 4057 988 4121 Crinagoras,
1015 4061 1172 4108 metro
1221 4061 1425 4110 fortasse
1469 4075 1568 4110 non
1613 4074 1880 4124 congruens
1907 4065 1995 4112 aut

447 4141 542 4176 non
568 4127 802 4177 blandum
823 4127 1026 4176 auribus
1055 4127 1104 4176 in
1124 4141 1283 4192 graeco
1311 4143 1474 4180 versu.
1494 4157 1556 4168 —
1573 4135 1619 4180 3.
1644 4152 1666 4174 «ι
1693 4132 1770 4180 Sic
1793 4135 1993 4184 Nonnus

365 4203 378 4214 ⁹
447 4197 588 4246 Dion.
618 4199 850 4258 XXXVII,
885 4201 974 4247 7⁶4
1014 4218 1026 4246 z
1060 4197 1214 4262 Ἄρεος
1247 4203 1542 4264 αἰχμητῆρες.
1574 4219 1598 4243 1»
1629 4202 1788 4251 Beck.
1817 4205 1869 4251 1-11
1895 4201 1991 4253 fine

445 4265 566 4316 cod.
584 4268 732 4316 νείλου
746 4302 760 4327 ,
781 4266 1109 4329 superscripto
1129 4284 1203 4330 γρ.
1231 4269 1369 4331 ῥήνου
1383 4305 1396 4327 ,
1421 4273 1472 4318 et
1485 4271 1650 4326 Ῥήνου
1667 4270 1814 4320 habet
1835 4271 1988 4330 Plan.;

445 4339 497 4385 et
515 4336 692 4396 Codex,
715 4336 948 4386 salmasio
965 4339 1088 4386 teste
1102 4373 1115 4396 ,
1137 4349 1166 4385 a
1181 4337 1338 4400 prima
1355 4351 1502 4388 manu
1519 4339 1752 4402 scriptum
1775 4342 1990 4393 ostendit

445 4405 594 4469 ρείλου
607 4443 620 4466 ,
641 4408 770 4454 etex
787 4405 1084 4455 correctione
1110 4405 1308 4456 demum
1326 4409 1476 4457 νείλου
1487 4445 1503 4469 ,
1521 4409 1650 4472 quod
1669 4410 1794 4473 sugit
1816 4413 1986 4462 Pauls-

445 4473 658 4533 scnium,
689 4473 750 4524 de
791 4487 844 4524 re
884 4489 982 4524 non
1010 4474 1348 4526 dubitandum.
1373 4481 1428 4527 ln
1459 4480 1624 4530 intima
1649 4481 1820 4544 pagina
1842 4481 1985 4534 disti-

443 4543 570 4592 chon
605 4543 840 4607 repetitur
865 4545 969 4595 sine
1009 4560 1113 4595 var.
1144 4551 1195 4597 et
1245 4547 1348 4598 sine
1379 4549 1462 4598 illo
1497 4567 1568 4612 γρ.
1609 4571 1632 4593 «
1679 4552 1852 4602 Verius
1877 4567 1987 4603 esse

441 4613 608 4667 Ῥήνου
638 4617 688 4662 et
712 4613 896 4663 facinus
923 4614 1043 4664 illud
1065 4616 1116 4666 in
1139 4619 1394 4668 Germania
1417 4621 1675 4682 contigisse
1701 4642 1722 4664 ι»
1743 4621 1843 4684 jam
1877 4623 1981 4673 Sal-

441 4682 625 4732 masius
670 4682 994 4744 existimabat,
1026 4689 1076 4735 et
1103 4686 1316 4737 Geistius
1361 4689 1617 4739 confirmat
1645 4708 1656 4737 :
1688 4710 1710 4732 ‹-
1743 4703 1854 4740 nam
1886 4705 1985 4754 quo

439 4753 656 4815 tempore
698 4753 980 4816 Crinagoras
1019 4757 1186 4804 Romoe
1232 4757 1536 4817 versabatur,
1577 4758 1759 4808 bellum
1797 4759 1981 4810 nullum

439 4824 544 4870 erat
568 4821 619 4869 in
644 4821 737 4869 Nili
765 4823 1056 4885 regionibus.
1087 4847 1109 4869 ιι
1138 4851 1202 4862 -
1226 4832 1255 4874 6
1283 4826 1409 4884 αὖθις
1437 4828 1559 4878 cod.
1577 4855 1641 4865 —
1657 4833 1684 4878 7
1711 4830 1816 4890 ὅσφ’
1838 4830 1980 4887 cod„

437 4890 743 4956 superposito
778 4891 930 4942 altero
963 4909 1012 4941 σ.
1035 4919 1098 4931 -—
1126 4898 1171 4942 8.
1205 4913 1229 4938 κ
1258 4897 1363 4946 Hoc
1389 4897 1626 4948 eximium
1653 4896 1792 4954 tulit,
1817 4899 1908 4947 hoc
1936 4900 1979 4948 ei

1611 116 2108 180 ANTHOLOGIAE
2151 118 2550 186 PALATINAE

2110 252 2201 372 s'oli
2226 254 2451 318 contigit,
2473 258 2531 305 ut
2546 296 2559 317 ,
2596 270 2747 319 quum
2776 257 3146 321 interficeretur,
3172 274 3271 311 non
3296 263 3620 315 vinceretur.
3664 286 3691 303 ··

2140 338 2217 373 ac.

2169 470 2438 521 Dccxml.
2471 473 2668 521 Lemma
2688 490 2701 519 1
2721 475 2783 527 εἰς
2802 474 3080 535 Τιμόκλειαν
3104 476 3553 536 διδυμοτόκον.ΝοΠ
3598 482 3695 527 est

2110 538 2391 601 ἐπιτύμδιον,
2440 541 2525 590 sed
2555 561 2578 583 «ι
2620 542 2853 604 scriptum
2896 543 2947 591 in
2988 544 3267 603 mulierem,
3310 560 3444 608 quas,
3486 562 3693 610 quum

2108 610 2360 659 oculorum
2382 611 2563 661 lumine
2589 612 2777 675 privata
2794 616 2948 672 esset,
2968 612 3110 664 binos
3130 616 3271 665 enixa
3294 628 3463 679 pueros
3490 618 3691 667 solem
3792 648 3794 681 3

2102 680 2201 742 jam
2228 680 2446 743 pluribus
2462 695 2609 744 quam
2627 686 2767 733 antea
2784 684 2939 732 oculis
2964 685 3175 747 aspicere
3204 684 3463 735 videretur.
3486 706 3523 731 2-
3548 690 3687 736 Jae.

2106 754 2213 797 —1
2261 752 2364 801 τεὸν
2402 754 2516 813 φάος
2554 751 2696 810 cod„
2732 766 2857 801 corr.
2898 753 3099 802 Salmas.
3122 781 3175 789 -
3199 761 3226 804 2
3265 756 3465 819 ὃυοτόιιφ
3490 757 3685 810 Coris,

2106 818 2325 869 salmasii
2358 823 2701 872 correctionem
2742 822 2931 872 reduxit
2966 823 3118 872 Boias.
3154 824 3349 873 Jacobs.
3382 842 3393 871 :
3422 845 3445 867 κ
3473 829 3687 883 Quum

2106 888 2239 937 nulla
2262 893 2455 940 exstent
2484 892 2750 955 composita
2774 905 2831 941 ex
2860 893 3007 952 δοιός,
3034 894 3205 955 scripsi
3238 895 3512 955 δισσοτὰιῳ.
3546 916 3581 939 2·
3606 922 3687 931 -

2106 962 2135 1006 3
2162 958 2314 1021 ἀθροῖς
2345 964 2613 1024 περιθαλπὲς
2636 962 2776 1021 eod„
2802 972 2927 1010 corr.
2953 963 3172 1017 Salmas.:
3202 978 3319 1013 nam
3356 964 3473 1014 illud
3503 966 3681 1027 adje-

2106 1024 2289 1077 ctivum
2310 1042 2469 1092 neque
2492 1034 2658 1094 aptum
2682 1032 2760 1079 luc
2781 1033 2967 1081 estnec
2986 1044 3073 1093 per
3090 1046 3143 1081 se
3164 1032 3305 1083 bonae
3318 1035 3679 1091 auctoritatis;

2102 1100 2369 1156 περικαλλὲς
2406 1100 2644 1151 Reisliius.
2674 1128 2735 1137 —
2758 1106 2806 1150 4.
2846 1119 2871 1143 σι
2910 1102 3171 1151 perfectior
3198 1102 3565 1165 quodamnodo
3616 1109 3683 1153 et

2103 1162 2335 1229 integrior
2346 1168 2525 1219 dicitur
2546 1170 2721 1219 mulier
2734 1183 2846 1233 quaa
2869 1170 3081 1233 peperit3
3102 1172 3280 1222 sterilis
3296 1176 3461 1221 mntra
3472 1174 3683 1223 mulier

2104 1237 2345 1301 praecipua
2362 1241 2572 1302 quadam
2592 1240 2791 1290 honoris
2808 1240 2887 1289 sui
2906 1243 3041 1302 parte
3062 1254 3229 1292 carere
3246 1242 3455 1293 videtur.
3478 1264 3503 1286 υ
3521 1248 3674 1293 lae.

2104 1309 2260 1356 immo
2297 1312 2375 1359 est
2417 1327 2428 1357 :
2462 1310 2693 1374 integrior
2726 1324 2856 1359 nunc
2886 1311 3047 1359 oculis
3074 1324 3221 1373 quam
3248 1312 3490 1373 quondam
3518 1314 3674 1371 suit,

2100 1388 2255 1437 quum
2294 1376 2487 1429 duobus
2530 1379 2791 1429 luminibus
2826 1378 3097 1443 gaudebat,
3126 1394 3256 1431 nunc
3286 1382 3467 1446 quippe
3494 1387 3671 1445 quat-

2100 1449 2212 1497 tuor
2230 1448 2275 1497 ei
2298 1452 2412 1499 sunt
2436 1450 2633 1499 lumina.

2158 1598 2449 1650 Dccxmu.
2484 1602 2685 1650 Lemma
2710 1619 2723 1649 ε
2752 1604 2936 1665 ὡραῖον·
2960 1600 3249 1665 Ἀντιπάτρου
3290 1603 3354 1658 εἰς
3380 1604 3665 1665 Ἑρμοκρά-

2096 1684 2221 1717 τειαν
2236 1670 2338 1717 τινὰ
2354 1677 2553 1729 γυναῖκα
2569 1675 2795 1720 τεκοῦσαν
2818 1675 2889 1719 κθ’
2908 1673 3047 1720 τέκνα
3066 1674 3145 1720 καὶ
3166 1674 3359 1734 μηδενὸς
3376 1674 3668 1731 murm·

2097 1738 2306 1788 θάνατον.
2353 1743 2547 1801 Σημεῖον
2577 1742 2808 1801 (σημειοῦ)
2852 1742 3133 1803 θαυμαστόν.
3172 1744 3319 1791 Suam
3358 1741 3667 1793 felicitatem

2095 1821 2205 1857 cum
2233 1809 2399 1858 Niobae
2426 1809 2561 1859 clade
2600 1812 2864 1873 comparat.
2890 1836 2945 1845 —
2966 1816 2994 1860 2
3027 1810 3303 1871 ηὑγασάμην
3338 1814 3552 1861 Brunck.
3582 1840 3665 1849 —-

2094 1880 2119 1926 4
2154 1878 2234 1937 ἧλε
2257 1879 2399 1937 cod„
2428 1894 2553 1929 corr.
2584 1880 2805 1938 Salmas„
2832 1880 2915 1942 qui
2942 1882 3290 1942 βελοκεντήτους
3320 1881 3549 1931 malebat.
3580 1910 3663 1919 —

2094 1952 2140 1997 4.
2173 1950 2342 2011 Ἐμῶν,
2367 1950 2549 2000 scilicet
2574 1956 2668 2000 τῶν
2688 1951 2809 2010 ἐμῶν
2829 1956 2994 2013 κορῶν,
3024 1950 3145 1999 1111111
3172 1949 3368 2012 quidem
3392 1950 3659 2015 integrum

2092 2030 2200 2066 esse
2242 2018 2451 2079 videtur,
2490 2022 2541 2068 et
2580 2032 2839 2082 pronomen
2878 2020 3228 2079 necessarium,
3276 2036 3435 2084 neque
3476 2024 3655 2072 Boiss.

2092 2087 2352 2150 quicquam
2381 2092 2465 2137 aut
2498 2089 2707 2139 mutavit
2732 2093 2817 2139 aut
2840 2091 3103 2140 annotavit.
3127 2090 3219 2139 Alii
3246 2090 3384 2140 aliter
3400 2092 3509 2140 baec
3540 2096 3653 2142 sol-

2091 2158 2304 2221 licitant,
2332 2162 2579 2223 postremo
2605 2162 2709 2209 Jac.
2736 2160 2789 2209 111
2820 2164 2987 2210 nostro
3022 2161 3240 2223 exemplo
3272 2164 3324 2210 et
3357 2161 3407 2210 in
3432 2164 3655 2212 Delectu

2089 2242 2139 2291 p.
2171 2236 2260 2280 290
2291 2231 2424 2279 ἔλυσε
2450 2232 2635 2291 λεχῶν
2666 2232 2774 2291 ὠδ.,
2796 2244 3201 2294 puerperarum.
3236 2233 3480 2282 {leckerus
3501 2270 3517 2290 ,
3554 2236 3649 2293 ἐμ.-

2086 2302 2199 2349 παλι
2231 2298 2271 2347 δ’
2290 2300 2359 2349 ἄν
2389 2300 2471 2363 μὲν
2494 2301 2632 2349 ἐλυσι
2660 2304 2807 2350 νέων
2847 2303 2989 2350 ὠδῖνα
3014 2320 3061 2364 μ.
3086 2328 3150 2337 -
3176 2306 3204 2349 8
3229 2304 3360 2351 παισὶ
3380 2304 3457 2351 καὶ
3484 2304 3651 2361 Cod.·,

2088 2370 2224 2418 παισί
2245 2386 2296 2418 τε
2334 2372 2413 2418 καὶ
2452 2370 2673 2430 Salmas.;
2706 2373 2979 2433 τανταλὶδη,
3018 2372 3320 2434 superposito
3358 2389 3443 2434 ας,
3484 2373 3648 2431 Cod.;

2089 2451 2215 2487 corr.
2238 2437 2385 2488 idem.
2412 2439 2582 2500 Παισί,
2600 2440 2704 2489 tam
2728 2453 2929 2490 numero
2952 2454 3102 2504 quam
3125 2441 3349 2492 felicitate
3368 2441 3649 2493 liberorum

2089 2519 2322 2557 meorum.

2148 2665 2438 2715 Dccxmv.
2483 2664 2682 2714 Lemma
2712 2686 2725 2713 ι
2754 2666 2817 2719 εἷς
2864 2666 3062 2721 Εὔδοξον
3105 2666 3389 2728 Κνιναγὸρου
3410 2665 3524 2727 (sic)
3560 2668 3649 2715 τὸν

2090 2734 2272 2783 Κνίδιον
2290 2736 2553 2796 συγγραφέα
2574 2736 2675 2797 περὶ
2700 2740 2779 2791 τῆς
2798 2735 2918 2790 ἰδίας
2938 2738 3056 2795 ζωῆς
3078 2736 3445 2797 μαντευσάμενον
3464 2736 3515 2782 ἐν
3550 2736 3645 2784 Αἶ-

2086 2803 2274 2865 γύπτῳ,
2296 2804 2374 2852 καὶ
2398 2804 2467 2852 ὅτι
2490 2808 2557 2865 νγ·
2582 2804 2661 2859 ἔτη
2679 2803 2912 2860 ἐπέζησεν.
2932 2802 3105 2852 Nescio
3130 2817 3229 2866 quo
3259 2816 3419 2853 errore
3448 2806 3647 2854 Crina-

2085 2884 2224 2931 9orae
2248 2885 2425 2922 nomen
2448 2869 2546 2921 huc
2566 2870 2762 2934 ingruit.
2789 2875 2911 2922 Sunt
2938 2875 3173 2936 Diogenis
3200 2875 3399 2922 Laertit‘
3422 2887 3609 2923 versus
3624 2911 3643 2932 ,

2085 2940 2219 3003 quod
2243 2940 2345 3004 ipse
2368 2943 2581 2991 testatur
2602 2961 2615 2988 :
2638 2941 2736 2990 ἔστι
2770 2943 2849 2990 καὶ
2872 2948 2902 3000 ἡ
2917 2948 3033 3003 μῶν
3069 2944 3133 2998 εἰς
3166 2942 3302 2991 αὐτὸν
3328 2945 3471 2998 οὕτως
3496 2943 3639 3004 ἔχον.

2086 3010 2183 3068 Qui
2204 3009 2267 3059 de
2290 3023 2343 3060 re
2359 3009 2388 3073 §
2406 3017 2466 3060 90
2488 3030 2500 3059 :
2524 3011 2815 3068 ἑτιλεύτησεν
2836 3013 3027 3067 Εὔδοξος
3044 3012 3195 3076 τρίτον
3212 3013 3338 3072 ἄγων
3366 3014 3445 3060 καὶ
3462 3029 3640 3070 πεντη-

2085 3083 2251 3130 κοστὸν
2270 3082 2394 3137 ἔτος·
2414 3082 2491 3130 ὅτι
2521 3079 2571 3129 δὲ
2587 3081 2850 3140 συνεγένετο
2870 3081 2917 3129 ἐν
2940 3083 3157 3142 Αἰγύπτῳ
3186 3083 3427 3142 Χονούφιδι
3453 3089 3527 3142 τῷ
3546 3086 3640 3134 ‘H-

2086 3151 2320 3213 λιοπολίτῃ
2333 3185 2348 3212 ,
2372 3152 2399 3199 ὁ
2420 3151 2549 3206 Ἆπις
2568 3150 2709 3200 αὑτοῦ
2731 3150 2964 3211 θοίμάτιον
2991 3153 3393 3212 περιελιχμήσατο.
3411 3153 3639 3208 Ἔνδοξον

2084 3222 2165 3270 οὖν
2188 3223 2341 3280 αὐτὸν,
2363 3221 2461 3270 ἀλλ’
2489 3222 2800 3289 ὀλιγοχρόνιον
2823 3222 2997 3282 ἔφασαν
3024 3224 3068 3269 oi
3101 3224 3231 3282 ἱερεῖς
3259 3223 3471 3284 ἔσεσθαι,
3502 3223 3639 3272 καθά

2086 3309 2194 3353 φησι
2230 3293 2499 3354 Φαὸωρῖνος
2542 3291 2589 3339 ἐν
2635 3291 3119 3353 ἀπομνημονεύμασιν.
3151 3291 3389 3354 Diogenes
3428 3305 3635 3342 cannen

2085 3360 2389 3410 concinnavit
2412 3359 2739 3422 galliambt‘co
2764 3373 2935 3420 versu,
2963 3359 3106 3421 cujus
3132 3361 3278 3410 metri
3302 3361 3496 3424 ignarus
3532 3363 3635 3410 Ce-

2084 3430 2252 3494 phalas
2274 3431 2469 3493 elegiaci
2492 3429 2731 3492 quandam
2750 3429 2976 3480 carminis
2996 3430 3217 3479 umbram
3244 3431 3435 3480 inanem
3456 3434 3509 3481 et
3536 3431 3627 3480 ab·

2084 3501 2282 3551 surdam
2313 3501 2536 3564 protulit,
2564 3513 2679 3563 quae
2699 3499 2779 3548 bic
2796 3499 3069 3549 exhibenda
3093 3503 3215 3550 erat.
3254 3500 3445 3550 Primus
3468 3501 3635 3552 edidit

2084 3571 2357 3620 Huschkius
2404 3571 2620 3620 Analect.
2672 3570 2801 3619 critt.
2839 3583 2889 3632 p.
2942 3573 3051 3628 218,
3088 3569 3349 3633 subjiciens
3386 3589 3398 3618 ε
3440 3592 3461 3612 ιι
3498 3573 3631 3622 Huic

2084 3643 2238 3690 metro
2262 3651 2589 3702 versuumque
2614 3638 2777 3702 generi
2802 3638 2922 3688 nihil
2948 3639 3053 3688 sani
3076 3639 3233 3689 inesse
3248 3677 3261 3699 ,
3298 3638 3433 3690 facilc
3460 3641 3631 3703 quivis

2082 3709 2447 3760 animadvertet.
2476 3712 2635 3771 Atque
2660 3707 2753 3758 hoe
2784 3721 2949 3757 causae
2985 3708 3133 3758 fuisse
3163 3708 3359 3758 videtur
3388 3723 3477 3758 cur
3513 3711 3625 3760 l’la—

2082 3779 2237 3830 nudes
2265 3783 2424 3830 totum
2450 3791 2645 3829 carmen
2676 3778 2932 3841 refingeret
2955 3781 3106 3840 atque
3133 3778 3456 3841 interpolaret.
3477 3779 3627 3828 Dubi-

2083 3851 2173 3900 tari
2212 3851 2340 3902 enim
2379 3850 2514 3900 nullo
2544 3849 2689 3899 modo
2725 3852 2889 3912 potest
2916 3848 3035 3911 quin
3077 3849 3316 3899 Planudes
3348 3853 3515 3899 auctor
3560 3851 3631 3900 sit

2083 3921 2474 3971 hexametrorum
2501 3920 2585 3982 qui
2608 3920 2835 3982 leguntur
2853 3919 2894 3977 1,
2918 3918 2994 3966 tit.
3016 3920 3247 3976 xxxvll,
3272 3931 3349 3981 ep.
3378 3925 3435 3968 93
3472 3924 3540 3982 (p.
3562 3924 3623 3970 76

2080 3989 2158 4040 ed.
2172 3990 2363 4049 Wecb.,
2378 3997 2435 4041 55
2450 3989 2529 4040 ed.
2549 3989 2755 4052 steph).
2772 3991 2870 4037 Nos
2882 4001 2909 4036 e
2924 3987 3103 4038 Codice
3114 3988 3207 4037 boc
3218 3993 3347 4038 certe
3362 3987 3619 4050 discimus,

2086 4060 2343 4110 Planudem
2373 4074 2471 4110 non
2504 4059 2651 4109 modo
2688 4072 2745 4108 ex
2766 4059 2930 4121 inepto
2948 4059 3158 4107 camnine
3186 4059 3396 4121 ineptius
3426 4061 3619 4109 concin-

2079 4143 2243 4191 nasse,
2277 4129 2363 4180 sed
2406 4131 2553 4179 etiam
2593 4141 2729 4178 more
2774 4141 2867 4177 suo
2890 4127 2940 4176 in
2968 4128 3180 4176 auctoris
3213 4127 3403 4176 nomine
3438 4129 3623 4190 aliquid

2078 4199 2358 4263 deliquisse.
2395 4198 2645 4262 Inscripsit
2678 4197 2809 4248 enim
2842 4199 3031 4258 ἄδηλον,
3065 4197 3183 4247 satis
3224 4211 3419 4258 gravem
3458 4201 3621 4249 tauron

2077 4283 2274 4318 causam
2306 4268 2515 4318 habebat
2550 4281 2637 4317 cur
2655 4265 2895 4330 ejusmodi
2918 4279 3112 4316 carmen
3135 4266 3406 4330 Crinagorae
3428 4267 3615 4330 abjudi-

2076 4342 2222 4388 caret.
2244 4359 2266 4382 »0
2284 4342 2436 4388 veros
2453 4351 2651 4397 versus,
2668 4337 2783 4388 olim
2806 4337 2935 4400 apud
2956 4336 3211 4398 Diogenem
3230 4348 3327 4383 non
3344 4333 3615 4395 distInctos,

2080 4410 2399 4458 restituerunt
2422 4410 2743 4458 Buttmannus
2768 4419 2847 4468 ap.
2877 4405 3069 4455 Jacobs.
3096 4419 3145 4468 p.
3166 4409 3275 4463 412,
3298 4405 3619 4456 Gmtesendus

2074 4478 2122 4526 in
2138 4478 2287 4528 Novis
2302 4477 2437 4526 Actis
2454 4490 2556 4526 soc.
2574 4477 2753 4526 Latinae
2768 4475 2990 4524 senensis
3002 4474 3098 4523 vol.
3120 4479 3161 4534 1,
3177 4488 3225 4536 p.
3252 4479 3355 4534 167,
3376 4477 3618 4525 Pon-sonus

2074 4549 2123 4598 in
2144 4547 2381 4598 Gaissordi
2397 4548 2525 4597 notis
2550 4545 2613 4596 ad
2634 4546 2880 4609 Hepliaest.
2900 4559 2949 4608 p.
2970 4549 3079 4602 326,
3096 4544 3325 4607 probante
3343 4546 3615 4594 Hermanno

2076 4620 2223 4669 Elem.
2242 4620 2291 4668 d.
2307 4620 2450 4668 metr.
2468 4633 2515 4682 p.
2529 4625 2637 4668 505.
2657 4619 2728 4666 De
2741 4615 2964 4680 Cephalae
2986 4617 3106 4664 lietu
3126 4614 3325 4664 Botliius
3343 4631 3355 4663 ι
3372 4635 3394 4658 n
3410 4617 3616 4665 Car-rnen

2072 4689 2380 4738 memorabile
2396 4727 2409 4746 ,
2447 4688 2626 4752 quippe
2664 4685 2811 4736 variis
2849 4685 3177 4749 conscriptum
3224 4685 3423 4744 metris,
3458 4683 3615 4747 iisque

2071 4758 2246 4820 partim
2272 4758 2481 4809 insolitis
2498 4763 2551 4808 et
2580 4755 2887 4820 asynartetis.
2904 4775 2930 4798 v·
2952 4755 3095 4812 Quod
3110 4756 3411 4806 demonstrat
3428 4755 3613 4816 multis,

2070 4840 2183 4889 quae
2200 4829 2389 4880 01111110.
2406 4833 2523 4877 -1.
2538 4829 2689 4878 Boias.
2710 4839 2770 4876 ex
2790 4824 2942 4874 schol.
2956 4823 3129 4873 Wech.
3149 4843 3161 4874 ι
3184 4829 3361 4890 Μέμφις
3384 4825 3615 4888 ὶπίσημο·

2070 4899 2187 4956 τάτη
2198 4901 2329 4957 πόλις
2338 4901 2416 4949 καὶ
2432 4898 2707 4963 μητρόπολις
2718 4895 2970 4957 Αἰγύπτου,
2980 4894 3100 4943 ὅπου
3107 4897 3186 4945 τὸν
3196 4895 3375 4960 μόσχον
3384 4895 3613 4947 ἀθανάτου
