3829 5747
434 257 533 319 xiv
1868 258 2074 320 HASII

533 372 650 461 ‘'6'.
699 390 951 461 Ῑωοὶννοὺ
972 406 1395 489 γραμματικοῦ
1424 389 1622 473 Γάζης
1646 396 1926 489 ἔκφρασις
1953 406 2058 463 τοῦ
2087 404 2380 487 κοσμικοῦ
2407 392 2654 474 πίνακος
2683 408 2790 463 τοῦ
2818 400 2879 464 ἐν
2905 398 3192 492 χειμερίῳ
3215 406 3473 495 λουτρῷ.

531 515 634 611 ιγ’.
692 515 907 612 Σύριγξ
966 520 1284 613 Θεοκρίτου
1304 570 1324 607 ‚
1377 520 1479 599 καὶ
1508 562 1515 569 ·
1544 522 1822 613 πτέρυγες
1870 519 2159 613 Σιμμίου.
2220 515 2490 589 Δοσισίδα
2545 523 2748 615 βωμὸς
2769 572 2790 610 ,
2854 523 3210 600 Βησαντίνου
3279 530 3392 595 ὠὸν
3444 529 3555 596 καὶ·

432 638 885 737 πέλεκυς(14).

528 758 632 835 ιδ’.
686 762 1081 861 Ᾰνακρέοντος
1108 763 1299 841 Τηΐου
1332 763 1731 859 Συμποσιακὲι
1757 762 2110 860 ἠμισίμὸια,
2141 767 2249 835 καὶ
2280 760 2710 858 Ᾰνακρεόντια,
2741 765 2848 833 καὶ
2874 763 3191 859 τρίμετρα.

530 884 616 957 ιε’.
666 889 793 956 Τοῦ
835 885 1003 982 ἁγίου
1048 887 1374 983 Γρηγορίου
1400 900 1508 957 τοῦ
1536 891 1811 985 θεολόγου
1839 894 1907 957 ἐκ
1933 900 2057 959 τῶν
2095 894 2253 958 ἐπῶν
2282 888 2538 985 ἐκλογαὶ
2574 880 2868 981 διάφοροι·
2901 892 2963 957 ἐν
3003 888 3091 968 οἷς
3137 888 3245 957 καὶ
3285 887 3369 957 τὰ
3399 885 3546 986 Api-

430 1012 529 1079 Θου
559 1008 625 1107 (1
640 1006 742 1107 5),
782 1011 884 1079 καὶ
932 1007 1305 1081 Ᾰναστασίου
1322 1063 1343 1101 ,
1377 1012 1481 1080 καὶ
1522 1010 1802 1107 ἰγνατίου
1824 1064 1845 1100 ,
1892 1014 1999 1079 καὶ
2047 1013 2508 1081 Κωνσταντίνου
2530 1062 2550 1099 ,
2599 1011 2707 1080 καὶ
2756 1011 3090 1107 Θεοφάνους
3128 1018 3368 1082 κεῖνται
3406 1018 3542 1083 ἐπι-

428 1134 789 1229 γράμματα.
1732 1118 1737 1124 ’

430 1293 433 1296 -
524 1258 707 1327 Huic
745 1255 1005 1351 tabulae
1050 1258 1127 1329 in
1166 1258 1307 1330 ima
1344 1257 1601 1356 pagina
1635 1257 1928 1355 antiqua
1974 1282 2191 1330 manu
2233 1258 2634 1354 germanica
2670 1256 3153 1355 subscriptum
3204 1269 3309 1328 est
3351 1283 3369 1326 ε
3414 1260 3540 1327 Est

426 1380 869 1452 Bibliotlzecoe
886 1383 1249 1456 Palatinae.
1277 1383 1479 1454 Unde
1496 1407 1668 1454 vero
1699 1382 2092 1454 Brunckius
2108 1381 2244 1453 hos
2278 1380 2461 1453 duos
2479 1378 2819 1451 articulos
2838 1380 3249 1478 sumpserit,
3279 1378 3386 1460 ις’.
3417 1378 3543 1451 A).-

425 1506 690 1599 κίφρονος
708 1510 948 1603 ῥήτορος
974 1508 1289 1576 ἐπιστολαί
1312 1534 1494 1591 τινες,
1510 1519 1582 1578 et
1602 1504 2151 1601 ιζ’.Ᾱριστοτέλους
2180 1505 2340 1594 βίος,
2372 1528 2554 1600 quos
2572 1503 2648 1573 in
2677 1526 2807 1574 suo
2833 1501 3251 1600 apographo
3277 1526 3440 1599 pag.
3475 1507 3540 1575 X

426 1627 721 1721 adjecit,
744 1652 895 1699 non
914 1627 1126 1700 video
1158 1652 1369 1699 :nam
1400 1630 1475 1701 in
1504 1626 1679 1702 Cod.
1713 1627 1850 1701 hac
1886 1629 2144 1728 pagina
2177 1652 2327 1700 non
2357 1640 2560 1716 sunt,
2592 1650 2826 1723 neque
2851 1650 3170 1722 unquam
3207 1625 3542 1696 videntur

426 1749 661 1823 fuisse.
688 1753 981 1823 Interim
1018 1751 1239 1823 multa
1265 1754 1341 1823 in
1382 1753 1645 1825 Codice
1684 1753 1891 1825 aliter
1911 1767 2128 1849 atque
2155 1750 2394 1823 tabula
2427 1750 2697 1823 indicat
2729 1747 3016 1838 haberi,
3045 1762 3118 1819 et
3147 1749 3540 1819 Brunckius

422 1873 693 1972 praefat.
726 1898 890 1973 pag.
924 1878 1217 1947 XI-XIV
1251 1874 1692 1965 observavit,
1740 1891 1812 1948 et
1853 1877 2006 1975 ipse
2048 1874 2559 1947 demonstrabo
2595 1875 2737 1946 suis
2791 1873 2991 1945 locis.
3036 1872 3311 1943 Eodem
3363 1872 3538 1943 folio

422 2022 632 2068 verso
660 1998 921 2095 scripta
939 2012 1107 2068 sunt
1131 2000 1639 2097 epigrammata
1669 1999 1980 2097 aliquot,
2017 2022 2231 2069 manu
2267 1999 2665 2070 rec‘entiore
2681 2020 2899 2094 quam
2929 1995 3049 2066 illa
3077 1995 3195 2065 cui
3226 1992 3537 2065 tabulam

423 2118 812 2207 debemus;
868 2136 1033 2192 sunt
1074 2136 1313 2192 autem
1348 2123 1503 2193 haec
1550 2150 1568 2189 ε

506 2247 577 2315 Ἰ.
634 2234 689 2313 fi
745 2243 993 2339 σάτυρος
1052 2248 1160 2314 τὸν
1202 2248 1461 2338 χαλκόν.
1518 2250 1733 2317 Deest
1785 2247 1861 2317 in
1914 2244 2088 2317 edit.
2153 2243 2494 2317 Sabiensi.
2547 2240 2824 2316 Jacobs,
2877 2239 3166 2312 Anthol.
3213 2253 3393 2311 tom.
3444 2243 3535 2311 lv

423 2388 585 2462 pag.
634 2362 791 2461 175.
827 2368 1208 2461 Anonymi.
1245 2364 1470 2465 [Plan.
1502 2393 1619 2467 ep.
1657 2367 1858 2467 246]

518 2493 610 2559 11.
669 2496 861 2589 Χαῖρε
892 2489 997 2557 θεὰ
1029 2484 1325 2563 δέσποιν’.
1353 2494 1565 2563 Deest
1589 2492 1662 2563 in
1692 2491 1809 2563 ed.
1845 2489 2164 2563 Sabiensi
2189 2487 2473 2560 Jacobs.
2510 2502 2684 2560 tom.
2718 2493 2930 2585 Ipag.
2974 2510 3000 2557 1
3023 2511 3132 2583 19.
3159 2490 3524 2557 Caum-ts,

424 2608 538 2707 [X,
587 2609 780 2711 104]

514 2737 633 2805 ΙΙΙ.
691 2747 887 2829 Δῆμος
932 2734 1239 2813 Ᾰθηναίων
1275 2766 1338 2808 κ.
1373 2742 1585 2809 Deest
1618 2738 1734 2810 ed.
1768 2737 2086 2809 SabienS.
2132 2734 2412 2807 Jacobs·
2447 2748 2624 2806 tom.
2665 2740 2694 2805 Ι
2722 2756 2883 2833 pag.
2935 2730 3051 2828 75.
3093 2729 3523 2829 [Simonides.

421 2856 749 2956 Append.
794 2856 951 2958 77.]

514 2983 633 3051 lV.
690 2973 885 3060 Ᾰλσος
911 2980 971 3050 δ’
1003 2989 1107 3063 ὡς.
1134 2983 1274 3055 Ed.
1308 2982 1630 3055 SabienS.
1663 2982 1790 3055 fol.
1836 2980 1968 3080 195
2009 3005 2228 3052 verse.
2283 2985 2650 3054 PLATomS.
2687 2976 2914 3077 [Plan.
2949 3003 3064 3076 ep.
3109 2973 3308 3073 21o.]

516 3107 601 3174 V.
660 3105 735 3172 Εἰ
775 3105 880 3173 καί
928 3133 1019 3175 σοι
1046 3112 1366 3204 πτέρυγες,
1402 3121 1486 3177 ut
1520 3111 1851 3178 Leonum:
1902 3112 2316 3178 Tsanmtm.
2352 3109 2565 3176 Deest
2593 3101 2711 3175 ed.
2751 3101 2915 3173 Sab.
2963 3100 3242 3172 Jacobs.
3282 3113 3461 3168 tom.
3498 3101 3530 3166 1

422 3249 583 3323 pag.
641 3224 798 3296 168.
845 3223 1067 3322 [Plan.
1114 3225 1316 3326 213]

515 3349 631 3416 Vl.
690 3341 817 3426 ἵζευ
843 3350 960 3416 ὑπὸ
998 3351 1259 3443 σκιεράν.
1296 3352 1913 3421 Ηεῐωιοοιιεοπτιε.
1959 3351 2092 3422 Ed.
2127 3354 2295 3426 Sab.
2327 3353 2455 3426 sol.
2511 3352 2595 3423 16
2629 3367 2840 3422 νει-το.
2880 3347 3100 3447 [Plan.
3133 3374 3156 3418 1
3182 3347 3277 3444 1.]

516 3471 665 3540 Vll.
722 3461 951 3564 Ῐὲρχευ,
982 3473 1089 3539 καὶ
1126 3480 1266 3541 κατ’
1299 3473 1474 3567 ἐμάν.
1507 3472 1889 3567 Anonymi.
1932 3473 2066 3545 Ed.
2111 3472 2280 3544 Sab.
2327 3472 2454 3544 fol.
2500 3473 2583 3544 16
2610 3487 2818 3543 recte.
2860 3470 3084 3569 [Plan.
3135 3468 3275 3568 ιι]

511 3595 692 3662 VIII.
754 3586 902 3684 Ᾰχω
930 3595 1082 3688 φίλα
1111 3623 1234 3688 μοι.
1269 3593 1401 3665 Ed.
1434 3592 1601 3665 Sab.
1640 3593 1764 3666 fol.
1822 3595 1956 3691 189
1985 3611 2194 3667 recto.
2227 3601 2614 3668 GAURADAE.
2657 3593 2881 3694 [Plan.
2933 3593 3126 3692 152.]

510 3720 627 3786 lx.
696 3718 977 3812 Πλῆκτρ’
1034 3722 1167 3810 ἔχει
1231 3721 1579 3816 φόρμιγγος.
1645 3717 1779 3790 Ed.
1840 3718 2008 3791 Sab.
2079 3719 2206 3791 fol.
2279 3717 2419 3790 205
2481 3734 2691 3790 recte.
2766 3723 2984 3788 Pium
3051 3723 3524 3788 Simmman.

417 3837 641 3935 [Plan.
702 3839 903 3939 278.]

506 3961 594 4033 X.
651 3968 759 4033 Σὸν
799 3968 906 4059 μὲν
944 3967 1173 4047 κᾶλλος
1208 3963 1421 4047 ἔδειξε.
1464 3965 1635 4039 Sab.
1682 3966 1979 4037 ibidem.
2025 3965 2383 4061 Ejusdem.
2431 3965 2653 4065 [Plan.
2703 3961 2901 4061 277.]

505 4089 625 4156 xl.
684 4087 984 4158 Μουσάων
1020 4082 1275 4166 δεκάτη.
1318 4087 1484 4162 Sab.
1526 4087 1652 4161 sol.
1686 4113 1827 4160 212
1860 4113 2079 4160 verso,
2119 4091 2436 4158 LnoNru.
2483 4082 2710 4181 [Plan.
2765 4082 2964 4180 283.]

504 4211 659 4279 ΧΠ.
716 4215 904 4290 Οὖτις
945 4216 1039 4279 ἐπ’
1071 4214 1348 4306 &woodo-s..
1381 4211 1547 4283 Sab.
1586 4211 1882 4284 ibidem.
1933 4209 2289 4307 Ejusdem.
2339 4206 2564 4305 [Plan.
2613 4205 2813 4303 285.]

504 4333 681 4402 xm.
738 4336 962 4428 Οὕνομ’
992 4338 1149 4427 ἔχεις
1180 4333 1459 4406 λιξοίνου.
1492 4334 1657 4407 sab.
1698 4333 1825 4407 sol.
1864 4333 2003 4405 213
2035 4349 2250 4406 recto.
2285 4331 2643 4428 Ejusdem.
2682 4328 2904 4429 [Plan.
2943 4330 3141 4430 288.]

504 4457 689 4526 XIV.
744 4459 855 4537 Τίς
887 4461 1054 4528 λίθον
1080 4459 1372 4551 ἑψύχωσε.
1416 4455 1583 4530 Sab.
1616 4456 1744 4530 fol.
1791 4482 1924 4554 ¹90
1954 4482 2181 4528 verso,
2223 4454 2828 4553 Anepigraphum.
2874 4452 3099 4551 [Plan.
3145 4451 3340 4550 159]

504 4581 658 4650 XV.
719 4575 773 4648 fl
800 4583 999 4676 παφίη
1026 4583 1316 4676 κυθὲρεια.
1348 4579 1513 4653 Sab.
1550 4579 1731 4654 ibid.
1765 4585 2140 4652 PLAToms.
2179 4577 2311 4677 [lb.
2369 4575 2562 4676 160.]

478 4805 591 4871 (14)
635 4801 752 4854 Hoc
784 4799 853 4855 de
880 4802 1161 4855 Besantino
1201 4796 1595 4875 in'sequentem
1633 4821 1916 4858 numerum
2015 4801 2288 4874 presbyter
2316 4801 2400 4854 ille
2427 4801 2796 4866 Cenat-censis,
2827 4799 2976 4871 cujus
3013 4801 3207 4853 Catena
3230 4803 3286 4852 in
3320 4802 3528 4870 Apoea-

406 4879 689 4950 conjicitur
709 4897 741 4933 a
766 4879 1053 4936 Brunckio.
2015 4881 2184 4954 lypsin
2219 4891 2273 4934 et
2295 4881 2394 4934 alia
2424 4881 2678 4936 nonnulla
2717 4891 2922 4938 exstant
2948 4898 2963 4935 τ
3003 4877 3111 4964 vid:
3141 4879 3345 4934 Fabric.
3379 4877 3527 4935 Bibl.

477 4963 590 5029 (15)
618 4963 679 5013 In
712 4960 845 5017 eod.
890 4961 1085 5042 legitur⁸
1122 4959 1252 5034 ’Apes
1294 4980 1308 5016 :
1342 4965 1385 5016 is
1420 4979 1544 5017 vero
1582 4963 1805 5019 Arethas
1838 4975 1918 5019 est
2013 4965 2111 5020 Gr.
2134 4963 2238 5016 vol.
2265 4965 2391 5030 vn,
2417 4981 2538 5036 pag.
2567 4981 2696 5034 791.
