3829 5747
396 216 511 273 564

985 428 1245 484 CAPUT
1283 431 1354 484 V.

455 586 519 633 II.
533 609 595 621 —
616 590 662 633 2.
678 582 1029 646 corrigendum
1041 586 1362 648 ἐρεσσομένην,
1380 584 1536 635 sedin
1555 585 1771 648 antiquis
1791 598 1939 635 mem-

393 655 556 705 branis
585 655 737 704 fuisse
763 658 974 704 ΕΡΕΤΤ.
997 659 1237 706 monstrat
1261 655 1544 719 depravatio
1570 658 1784 707 Epsrr.

452 794 535 841 1v.
563 816 619 825 —
647 794 696 840 4.
717 794 909 851 Πηκτὴν
943 795 1020 843 est
1045 794 1268 843 salmasii

391 865 547 920 πηκτὰ
575 861 821 923 δωμάτων.
844 882 866 905 ²·

1307 814 1321 843 z
1357 814 1380 839 ιι
1402 796 1546 844 Forte
1571 795 1768 853 πηιτήν.
1803 794 1939 845 {Oete

450 1007 532 1055 IX.
557 1034 608 1046 -
647 1004 703 1051 In
721 1001 854 1050 Plan.
878 1013 1050 1051 versus
1074 1004 1196 1049 3—8
1218 1002 1346 1053 male
1367 1000 1529 1052 avulsi
1555 1016 1584 1052 a
1607 1002 1766 1065 primo
1791 1002 1934 1053 disti·

390 1074 484 1125 eho
510 1072 626 1123 alibi
649 1075 707 1121 ut
729 1072 902 1129 ἀδήλου
931 1076 1190 1133 ponuntur.

453 1215 578 1262 XIII.
608 1238 671 1249 -
687 1211 967 1262 Secundum
1000 1213 1057 1261 et
1068 1212 1296 1273 quartum
1341 1175 1550 1259 disticha
1580 1207 1764 1259 delevit
1799 1209 1934 1259 Plan.

451 1350 622 1467 xvl‘tl.
639 1374 697 1385 --
715 1355 760 1398 6.
783 1345 876 1397 Sed
891 1346 1060 1395 dubito
1071 1360 1132 1395 an
1150 1347 1419 1409 ἀλογὶζομαι
1439 1345 1644 1396 verbum
1662 1345 1814 1396 tribui
1832 1348 1939 1410 pos·

390 1420 455 1469 sit
474 1422 549 1468 Ru
571 1432 670 1469 mo-

449 1558 623 1605 XXIII.
657 1583 722 1597 -
747 1558 776 1603 4
807 1592 819 1603 .
855 1556 967 1604 Οὐδ’
989 1556 1100 1617 ὄναρ
1125 1556 1348 1615 ἠντίασας
1377 1560 1546 1607 tuetur
1581 1556 1850 1606 Meinekius
1869 1556 1934 1605 ad

387 1626 579 1675 Callim.
599 1639 648 1688 p.
679 1631 769 1677 295
803 1646 814 1675 ι
855 1644 880 1669 «ι
917 1640 1037 1674 nam
1063 1627 1258 1683 ἀντιάζω
1289 1641 1404 1676 cum
1439 1627 1653 1689 genitivo
1691 1626 1934 1690 significat

268 1747 276 1755 ,
379 1699 699 1759 participem
726 1708 830 1744 esse
855 1696 1087 1757 alicujus
1103 1699 1209 1757 νεὶ,-
1232 1699 1288 1746 ut
1318 1696 1404 1758 qui
1425 1697 1486 1746 ab
1505 1696 1638 1747 omni
1655 1696 1927 1747 misericor-

385 1764 484 1814 ‹lioe
513 1778 658 1815 sensu
677 1766 864 1815 alienus
883 1769 960 1815 est
999 1768 1133 1816 recte
1157 1764 1349 1816 dicatur
1379 1768 1464 1815 οὐκ
1489 1767 1712 1824 ἀντιάζειν
1733 1768 1881 1817 ἐλέου.
1905 1788 1929 1810 υ

383 1836 520 1886 Idem
551 1835 760 1885 Beckeri
805 1854 829 1879 «ι
857 1836 1150 1898 parilitatem
1183 1856 1207 1879 υ
1243 1850 1420 1886 vanam
1456 1850 1565 1887 esse
1610 1837 1840 1895 ostendit,
1879 1840 1931 1888 et

383 1906 583 1956 mInime
618 1906 942 1955 necessariam
980 1920 1129 1967 versu
1157 1914 1186 1957 6
1219 1906 1568 1957 correctionem
1593 1907 1737 1967 αὖτις,
1775 1921 1931 1971 quum

333 2040 335 2043 Δ
385 1996 410 2019 «
441 1978 608 2025 αὐτίκα
652 1990 783 2040 soepe
825 1975 946 2027 nihil
985 1976 1184 2026 disserat
1218 1976 1280 2025 ab
1323 1977 1529 2040 ὕστερον.
1575 1998 1600 2021 υ
1628 1978 1772 2036 Quod
1815 1976 1931 2028 huic.

325 2040 332 2045 ’
382 2047 489 2096 loco
513 2046 752 2110 imprimis
777 2048 948 2111 aptum
981 2047 1148 2097 statim
1167 2046 1359 2097 reduxi.

442 2192 589 2239 XXV.
618 2217 679 2226 —
703 2195 750 2239 6.
776 2190 938 2241 Etiam
969 2190 1268 2243 Salmasius:
1302 2211 1326 2235 «ι
1348 2194 1454 2243 οἶδα
1472 2193 1662 2243 melius.
1685 2212 1708 2237 ο

440 2336 635 2383 XXVII.
659 2362 721 2372 —
752 2343 799 2386 5.
830 2338 1013 2385 Iterum
1029 2336 1297 2385 Brnnekius
1319 2350 1374 2386 ex
1410 2336 1722 2387 Salmasianis
1752 2355 1762 2383 ε
1794 2356 1818 2380 κ
1848 2356 1930 2389 τα·

379 2408 485 2465 χεῐα
507 2417 791 2467 perperam5
815 2422 888 2468 γρ.
923 2406 998 2455 ἐπὶ
1022 2406 1165 2455 ποσσὶ
1183 2442 1198 2467 ,
1228 2407 1444 2470 βραχεῖα.
1467 2426 1491 2449 υ

389 2534 412 2554 ²
441 2538 582 2585 XXX.
622 2566 683 2577 -
739 2543 784 2585 6.
831 2539 1140 2587 Hermannus
1157 2576 1169 2597 ‚
1213 2539 1355 2601 cuius
1395 2552 1600 2589 censura
1643 2540 1929 2592 Meinekiani

376 2603 840 2668 Delectus(Annal.
870 2605 966 2655 litt.
1006 2606 1240 2658 Vindorb.
1281 2612 1322 2659 t.
1361 2611 1489 2671 CIV,
1527 2622 1577 2672 p.
1625 2617 1715 2661 225
1756 2613 1925 2675 seqq.)

377 2686 507 2721 nunc
535 2674 735 2725 demum
761 2676 966 2739 contigit
996 2676 1092 2726 frui
1105 2714 1118 2737 ,
1133 2677 1430 2741 proponebat
1455 2698 1468 2727 ε
1495 2678 1563 2727 Ὦ
1581 2680 1848 2728 amovimus
1877 2684 1923 2730 οἱ

376 2744 594 2803 πλούτου,
629 2746 788 2804 πενίην
815 2750 879 2803 ὡς
907 2748 1107 2796 ἀδικεῖτε
1128 2748 1266 2810 μόνον
1283 2784 1295 2807 ,
1325 2752 1382 2798 ut
1405 2749 1506 2800 sere
1531 2749 1633 2811 jam
1653 2750 1805 2811 Plan..
1827 2764 1925 2800 non

374 2812 702 2876 probabiliter.

439 2967 652 3016 xxxvl.
677 2989 739 3000 -
757 2965 804 3010 4.
831 2959 1095 3010 Salmasius
1115 2980 1128 3009 ε
1151 2979 1175 3002 ει
1200 2961 1315 3023 Leg.
1339 2960 1505 3023 νέκταρ
1529 2961 1839 3024 ἂλειφὸμεναι,
1869 2981 1894 3005 ι»

435 3107 639 3156 XXXIX.
680 3129 742 3140 —
782 3109 832 3162 2,
870 3106 917 3152 3.
967 3101 1248 3150 Hermanno
1293 3098 1456 3150 debile
1499 3101 1757 3152 videbatur
1801 3103 1922 3154 illud

374 3176 531 3226 mulli
568 3186 655 3223 me
699 3171 886 3222 tollent
901 3209 914 3230 ‚
954 3174 1005 3222 et
1049 3171 1238 3220 firmius
1271 3175 1608 3234 argumentum
1649 3174 1921 3236 exspectari

377 3260 406 3296 a
431 3246 654 3309 potatore
675 3242 960 3300 insanabiliz
985 3241 1258 3305 exspectari
1271 3242 1418 3294 etiam
1449 3245 1609 3293 πολλοὶ
1634 3245 1680 3293 οῖ
1703 3245 1752 3306 μ’
1778 3245 1918 3308 ἀροῦ-

376 3335 467 3367 σιν.
491 3319 656 3374 Quare
674 3313 944 3378 corrigebat
975 3330 980 3338 ·

494 3455 654 3505 πολλοὶ
686 3451 1139 3515 μαργαίνουσιν.
1175 3451 1268 3501 Ἔα
1295 3452 1450 3515 χωλόν
1483 3469 1541 3514 με
1562 3455 1790 3514 γενέσθαι·

505 3518 513 3532 ’
555 3522 692 3572 τῶνδ’
720 3521 941 3583 ἔνεκὲνγ’
960 3520 1088 3570 ῐσο’
1108 3523 1183 3576 ὡς
1207 3522 1368 3570 οὔποτ’
1387 3524 1452 3570 ἐῶ
1469 3523 1670 3580 θιάσους.

369 3665 620 3786 Posteritus
661 3677 794 3727 vere,
821 3666 973 3728 puto:
1000 3663 1140 3724 prins
1164 3675 1195 3712 a
1218 3665 1365 3724 poeta
1394 3676 1490 3714 non
1518 3664 1734 3726 potuisse
1769 3625 1917 3715 scribi

368 3749 546 3801 appare
572 3770 589 3786 .

429 3878 533 3926 L11.
563 3900 624 3911 -
645 3884 690 3926 ο.
719 3876 1030 3924 Hermannus
1054 3873 1306 3923 Reiskium
1327 3875 1472 3937 putat
1495 3887 1671 3924 verum
1689 3875 1908 3939 tetigisse

366 3948 526 3998 altera
549 3947 828 4009 conjectura
851 3947 1168 4009 μεμψαμένης.

428 4084 554 4131 LIV.
583 4108 644 4118 —-
677 4085 726 4131 1.
760 4081 919 4132 Εῒὶιιῐιι
947 4079 1347 4132 Schneidewinus
1363 4085 1570 4148 προσιὼν
1599 4084 1752 4148 λέχος,
1779 4085 1914 4148 quod

367 4150 700 4215 recipiendum
717 4153 840 4201 erat.

428 4292 549 4340 LVI.
574 4297 698 4340 —o.
717 4287 794 4337 Ad
809 4289 990 4349 εὐφυέες
1007 4289 1274 4340 Salmasius
1302 4306 1316 4338 ι
1339 4309 1364 4334 α
1389 4289 1676 4340 correctum
1697 4289 1747 4338 in
1771 4291 1830 4339 V.
1853 4292 1908 4340 C.

365 4363 563 4424 ὶκφυὲες.
598 4382 623 4405 ³·

425 4499 546 4547 LIX.
574 4527 633 4540 -
663 4504 708 4548 2.
738 4516 762 4540 κ
792 4495 958 4548 num&
981 4495 1366 4556 debilissimum3
1396 4497 1591 4561 συχνὰ
1626 4497 1906 4561 διωκόμενος

363 4571 511 4630 poeta
540 4567 794 4630 scripsisse
815 4565 1028 4616 videtur.
1057 4586 1082 4610 υ
1099 4569 1386 4617 Hermann.

425 4704 632 4754 LXXIV.
667 4733 728 4744 -
748 4709 793 4753 2.
819 4704 918 4766 Ὑφ’
936 4706 1020 4764 ἠμ.
1054 4721 1078 4746 τι
1095 4703 1302 4754 Videtur
1322 4705 1460 4768 prius
1482 4705 1716 4769 scriptum
1748 4705 1902 4757 fuisse

365 4776 432 4838 ἐφ’
457 4773 534 4823 Vel
563 4773 610 4822 ἐν
628 4775 885 4848 ἡμετέραις.
909 4793 936 4817 υ
964 4773 1189 4825 Salmas.

421 4910 690 4958 LXXXVII.
714 4935 774 4944 —
802 4916 848 4959 6.
868 4910 966 4967 Τὴν
1000 4910 1139 4968 ἀπιθῆ
1205 4931 1225 4951 «ι
1263 4911 1432 4961 Fuisse
1466 4911 1602 4973 prius
1633 4911 1828 4963 videtur
1852 4913 1902 4964 in

358 4981 417 5028 V.
446 4981 502 5029 C.
540 4979 624 5036 τὴν
649 4979 770 5026 ἀπα
785 4980 870 5040 ῡῆ,
894 4978 1024 5039 quod
1043 4978 1225 5029 rectius
1239 4983 1330 5030 est.
1359 5002 1382 5024 »ι
1403 4981 1624 5031 salmas.

1464 214 1720 274 ADDEN
1727 214 1831 273 DA
1873 214 1969 274 ΕΤ
2011 215 2486 280 CORRIGENDA

2094 349 2242 399 XCII.
2285 378 2349 393 -
2390 354 2419 400 3
2476 350 2713 415 προθύρων
2768 354 2883 417 ὑπὲρ
2926 355 3053 418 tane.
3106 360 3323 411 enotavit
3368 360 3579 413 Salmas.

2030 438 2054 461 «ι
2078 420 2185 468 Hoc
2225 420 2376 484 epigr.
2414 424 2467 471 et
2492 435 2702 485 sequens
2726 424 2939 475 carmine
2968 425 3120 477 latino
3148 430 3297 482 vertit
3328 436 3585 484 vavassor

2026 488 2187 552 Epigr.
2214 504 2263 553 p.
2294 495 2397 542 144.
2430 511 2453 535 ιι
2478 492 2671 542 Buher.
2700 503 2803 545 -6
2820 497 3011 547 micare
3042 498 3225 561 Codex,
3242 516 3339 554 non
3366 507 3577 565 πείσετε,

2027 560 2084 608 ut
2109 558 2398 678 pipinabatur
2435 563 2642 613 Meinek.
2684 562 2747 613 ad
2781 565 2985 616 Theocr.
3032 581 3083 631 p.
3123 574 3235 631 357,
3279 574 3411 636 quod
3438 560 3577 624 nnnc

2029 640 2110 678 res
2174 643 2241 679 ω.
2534 675 2541 681 .

2090 764 2217 813 cm.
2248 770 2353 815 -1
2390 766 2497 829 ἄχρι
2527 769 2646 826 τίνος
2664 787 2713 818 τε
2740 771 2866 829 (non
2904 774 2991 831 σε)
3026 776 3244 827 enotavit
3274 778 3499 840 Salmas„
3524 782 3585 829 et

2026 830 2089 882 de
2110 847 2157 883 v.
2186 842 2213 884 2
2241 849 2253 878 ι
2286 855 2310 880 ει
2332 840 2521 903 στερεὴν
2539 840 2673 902 prius
2699 840 2751 889 in
2774 845 2832 891 V.
2864 844 2928 893 C.
2968 842 3077 894 suit.
3108 865 3131 889 υ

2088 990 2217 1039 cvl.
2251 1019 2312 1027 —
2336 996 2383 1041 ⁴.
2418 994 2684 1046 Salmasius
2723 1015 2735 1045 :
2772 1018 2797 1041 «ι
2825 1001 3081 1063 Perper-am
3100 1002 3150 1051 in
3180 1006 3243 1052 V.
3265 1005 3321 1054 C.
3344 1005 3515 1063 ῑόίιιην.
3549 1024 3578 1047 ι·

2026 1062 2088 1109 Et
2117 1064 2168 1110 L.
2194 1062 2443 1113 Dindorfio
2461 1065 2523 1115 ad
2540 1067 2685 1117 Thes.
2710 1082 2760 1117 v.
2780 1071 2962 1123 Εῑδικόε
2986 1072 3216 1123 Planudoe
3250 1076 3369 1133 ἰδίην
3394 1088 3577 1125 verum

2025 1130 2237 1191 videtur,
2264 1133 2358 1183 nisi
2385 1135 2505 1197 quid
2534 1138 2803 1189 delitescat.
2837 1140 2997 1192 Etiam
3016 1143 3218 1194 Meinek.
3249 1146 3370 1202 ἰδίην
3403 1147 3571 1197 Philo·

2024 1198 2133 1262 logo
2162 1204 2297 1263 1860,
2325 1217 2375 1266 p.
2412 1211 2517 1267 155,
2542 1207 2629 1256 ubi
2654 1222 2803 1258 versu
2829 1214 2849 1260 1
2872 1213 3060 1262 mavult
3082 1214 3307 1275 ἂλυιιτεῑς,
3326 1216 3359 1265 i.
3382 1230 3426 1266 o.
3452 1219 3568 1267 δυσ-

2024 1272 2265 1335 χεραίνεις.
2297 1292 2323 1315 κ
2348 1274 2443 1325 Sed
2470 1278 2687 1340 apposita
2724 1279 2885 1343 imago
2912 1280 2963 1330 in
2990 1284 3197 1341 ὑλακτεῖς
3212 1320 3229 1345 ,
3268 1290 3326 1335 ut
3345 1285 3409 1337 de
3442 1301 3569 1337 cane

2023 1340 2167 1403 lupos
2195 1340 2259 1391 ab
2290 1356 2413 1408 agna
2439 1350 2653 1397 arcente.
2685 1368 2707 1391 »ι
2742 1349 2923 1415 Wolff.

2022 1483 2233 1603 suffitu·
2252 1512 2313 1521 —
2328 1490 2375 1535 8.
2398 1504 2421 1529 α
2439 1485 2561 1536 cod.
2578 1488 2941 1551 ἡμεραμαῑάδοι,
2960 1492 3012 1541 et
3030 1496 3305 1543 correctum
3321 1494 3505 1551 ναῖίιδος
3548 1516 3573 1538 ι·

2084 1692 2256 1740 cvm.
2287 1719 2348 1733 -
2366 1694 2474 1741 Non
2498 1705 2607 1743 esse
2635 1694 2857 1758 ἐρωτικὸν
2878 1698 3097 1759 apparet,
3122 1698 3209 1747 sed
3222 1698 3269 1748 in
3288 1699 3571 1751 defunctam

2019 1761 2341 1823 compositum
2356 1799 2369 1819 ‚
2392 1760 2599 1813 sortasse
2618 1764 2875 1828 Primam,
2890 1766 3067 1817 nobilis
3085 1768 3339 1831 cujusdam
3362 1772 3571 1821 Romani

2020 1829 2171 1880 filiam
2184 1869 2197 1892 ,
2219 1844 2329 1893 quae
2362 1833 2535 1883 Geistii
2559 1837 2637 1885 est
2653 1835 2817 1898 opinio
2836 1837 3119 1899 probabilis.

2080 1967 2185 2015 CX.
2215 1993 2271 2003 -
2301 1974 2343 2016 1.
2378 1968 2607 2027 Λυσιδίκη
2639 1982 2701 2019 ex
2720 1970 2902 2022 Codice
2922 1972 3111 2035 profert
3146 1974 3348 2023 Salmas.
3370 1974 3571 2025 Chardo

2018 2035 2274 2098 adscripsit
2301 2051 2312 2061 ·
2341 2056 2366 2081 οι
2402 2040 2566 2101 Ἔγχει
2594 2041 2866 2103 Λυσιδίκης,
2896 2042 3009 2092 vide
3030 2043 3305 2093 Bentleium
3336 2043 3389 2093 in
3412 2044 3563 2093 Calli-

2017 2104 2181 2155 machi
2212 2106 2373 2171 Epigr.
2398 2121 2448 2171 p.
2479 2114 2586 2158 206.
2620 2128 2643 2151 υ

2081 2253 2204 2302 cxl.
2234 2276 2295 2288 —
2314 2256 2342 2301 3
2366 2253 2435 2302 ἰδὲ
2454 2252 2617 2315 χρόνος
2639 2254 2841 2303 Salmas.
2866 2256 2925 2305 ut
2951 2267 3014 2304 ex
3031 2253 3235 2305 Codice.

2019 2389 2248 2507 taCXIV.
2278 2414 2341 2425 -
2368 2393 2409 2438 1.
2432 2388 2697 2438 Salmasius
2724 2389 2954 2449 correxit,
2982 2389 3071 2452 qui
3087 2404 3135 2438 v.
3161 2394 3191 2438 3
3216 2392 3415 2451 φαίνεται
3440 2404 3563 2441 eno·

2074 2471 2121 2506 v1
2162 2498 2173 2509 .

2080 2598 2221 2648 CXV.
2257 2626 2319 2639 -
2346 2600 2392 2645 3.
2432 2614 2455 2639 κ
2496 2599 2716 2656 Ὑσιακῆς
2752 2599 2833 2648 vel
2866 2600 3129 2657 Ὓστιαιιῆς.
3172 2600 3309 2650 ‘ruia
3336 2602 3410 2649 est
3438 2598 3567 2650 urbs

2014 2665 2237 2715 Boeotiae.
2273 2684 2297 2709 ι»
2324 2664 2488 2715 sulm.

2076 2806 2293 2855 CXVIII.
2322 2831 2385 2842 —
2423 2809 2465 2853 1.
2491 2804 2753 2855 Salmasius
2780 2804 2851 2855 sic
2890 2826 2902 2854 ι
2942 2825 2965 2848 «ι
2996 2808 3125 2869 Lege
3149 2806 3314 2861 ὀοδεις.
3348 2808 3421 2855 Ita
3442 2818 3563 2855 cor-

2012 2879 2207 2996 Letctum
2228 2889 2291 2926 ex
2312 2875 2623 2926 membranis.
2651 2875 2747 2926 Sed
2771 2876 2907 2939 prius
2932 2875 3024 2926 suit
3038 2877 3201 2937 εὕδεις,
3228 2875 3359 2938 quod
3384 2889 3569 2926 vermo

2012 3154 2048 3200 S
2072 3081 2236 3199 (ΞΧΧῙ.
2265 3109 2327 3122 -
2354 3085 2399 3131 5.
2437 3100 2462 3124 «ι
2490 3083 2551 3130 V.
2585 3083 2643 3131 G.
2672 3083 2913 3144 φιλαίνιον,
2966 3080 3053 3131 sed
3082 3094 3140 3132 ex
3178 3081 3492 3132 eoneffione.
3534 3101 3565 3124 n

2050 3163 2083 3200 a
2110 3162 2235 3200 mm.

2070 3299 2303 3349 CXXVII.
2332 3325 2393 3336 -—·
2432 3307 2479 3350 2.
2518 3319 2541 3343 «ι
2568 3301 2719 3350 Deest
2742 3301 2886 3360 αὐτὴν
2919 3299 2972 3350 in
2998 3302 3060 3350 V.
3103 3302 3183 3359 C.;
3216 3299 3305 3351 sed
3335 3297 3571 3349 additum

2008 3369 2196 3418 recenti
2220 3382 2388 3419 manu.
2412 3387 2437 3412 υ
2468 3370 2693 3421 Salmas.

2069 3518 2276 3568 CXXXI.
2296 3543 2360 3555 -
2385 3537 2409 3560 «ι
2425 3518 2654 3582 Suspicor
2668 3532 2777 3569 esse
2802 3519 3020 3570 Platonis
3046 3531 3111 3572 ex
3133 3521 3329 3572 nominc
3354 3521 3565 3571 Ξανθίπ-

2007 3603 2113 3646 πης.
2140 3607 2165 3631 υ
2193 3588 2415 3638 Sulmo-5.

2069 3721 2359 3772 CXXXVIII.
2388 3745 2449 3756 -
2464 3723 2495 3768 3
2522 3719 2649 3770 οὐδὲν
2664 3721 2772 3776 Icus.
2786 3725 2898 3771 Δαν.
2920 3722 3045 3786 conj.
3071 3725 3335 3780 Hermann.

2068 3871 2319 3922 CXXXIX.
2350 3899 2412 3912 -
2450 3875 2493 3919 1.
2530 3888 2556 3913 «ι
2585 3869 2795 3921 Videtur
2820 3871 2955 3922 aliud
2988 3873 3108 3937 qnid
3142 3874 3297 3925 ruisse
3318 3875 3368 3924 in
3394 3877 3459 3925 V.
3488 3877 3556 3926 C.

2006 3955 2155 4006 qnam
2188 3944 2371 4005 μέλπεις
2406 3959 2418 3990 :
2452 3944 2727 3992 correctum
2763 3943 2893 3994 enim
2916 3947 3017 4006 est;
3053 3947 3138 4009 μελ
3171 3949 3336 3996 tamen
3358 3947 3468 3997 fuit.
3493 3974 3558 3984 —

2004 4020 2058 4063 2.
2090 4015 2233 4063 Forte
2262 4011 2520 4077 legendum
2547 4013 2651 4073 λιγὺ
2683 4015 2762 4062 καὶ
2796 4015 2884 4063 ἁδὺ
2912 4016 3086 4078 πρέπεις
3122 4033 3167 4065 τι
3195 4017 3346 4077 μέλος.
3378 4036 3403 4060 n
3436 4017 3561 4069 Sal-

2003 4096 2136 4134 mas.
2164 4083 2260 4142 Qui
2280 4096 2431 4134 versu
2460 4091 2487 4134 5
2508 4085 2541 4132 ά
2572 4085 2657 4147 γάρ
2686 4099 2767 4147 μοι
2788 4085 3025 4148 enotavit,
3048 4099 3146 4135 non
3172 4088 3221 4145 ¹!-

2066 4223 2243 4272 CXLV.
2273 4248 2334 4258 —
2362 4227 2391 4270 5
2420 4225 2484 4278 ὡς
2526 4223 2583 4270 ἂν
2614 4221 2859 4270 ἐκείνου
2888 4221 3153 4285 coefigehat
3180 4221 3563 4286 Schneidewm„

2000 4305 2089 4355 pro
2114 4293 2317 4353 ἄμεινον.
2347 4321 2405 4333 -
2429 4298 2475 4341 6.
2500 4311 2524 4334 κ
2556 4291 2723 4356 Κόρη(
2742 4303 2830 4353 pro
2859 4291 3012 4354 κόμη)
3044 4293 3094 4342 in
3125 4296 3185 4343 V.
3219 4293 3297 4353 G.·‚
3324 4293 3413 4343 sed
3443 4307 3563 4344 eor-

2000 4365 2214 4421 rectum3
2240 4373 2353 4410 nam
2376 4360 2501 4424 κόμη
2530 4363 2605 4410 est
2629 4361 2681 4409 in
2699 4362 2945 4410 contextu.
2974 4363 3036 4411 Et
3058 4361 3121 4412 de
3142 4374 3293 4426 puero
3314 4361 3560 4425 loquitur,

2000 4444 2097 4481 non
2132 4432 2195 4481 de
2225 4431 2402 4494 puella.
2434 4451 2460 4474 w
2500 4431 2723 4481 Salmas.

2060 4567 2295 4616 CXLVII.
2324 4591 2388 4602 —
2414 4571 2458 4615 5.
2496 4563 2762 4614 Salmasius
2797 4563 2861 4614 ad
2902 4567 3281 4630 μυροὸοοτρῦχου
3320 4585 3331 4616 t
3370 4585 3395 4608 α
3436 4567 3562 4619 Fuit

1998 4638 2113 4689 olim
2138 4637 2189 4686 in
2222 4635 2515 4686 membranis
2543 4635 2847 4698 μυροόὀτρυος
2860 4673 2875 4696 ,
2916 4635 2979 4686 de
3016 4650 3114 4699 qno
3148 4649 3239 4684 nos
3276 4635 3391 4686 alibi
3416 4634 3561 4685 dice·

1996 4722 2128 4758 mus.
2156 4728 2179 4751 ω
2208 4709 2300 4757 mc
2323 4719 2521 4769 quoque
2548 4708 2679 4756 tacet
2707 4705 2919 4767 Paulas„
2946 4705 3033 4756 sed
3065 4703 3336 4755 Brnnekius
3362 4706 3555 4757 retule-

1996 4782 2089 4829 rat.
2119 4778 2257 4828 Conf.
2288 4775 2417 4828 infra
2439 4775 2502 4826 ad
2526 4789 2602 4840 ep.
2632 4781 2741 4838 251,
2772 4780 2819 4826 3.

2057 4913 2199 4963 cul.
2234 4941 2287 4951 —
2314 4916 2362 4962 3.
2387 4931 2413 4954 οι
2436 4912 2651 4962 ostonem
2674 4909 2871 4960 videtur
2892 4909 3026 4974 prius
3048 4908 3226 4970 fuisse3
3250 4909 3419 4972 postea
3437 4921 3549 4958 cor·

1994 4987 2186 5033 reetu‘m
2206 4984 2476 5047 φιλούντων.
2506 5003 2530 5026 »2
2562 4983 2785 5033 Salmas.

2864 5181 2922 5218 Ι»
