3829 5747
478 166 598 226 258

472 296 684 347 Boeotica
706 297 959 361 Σαύμιιλος
988 300 1041 347 et
1063 298 1342 362 Σαυκράτεις
1375 302 1642 361 comparat.
1670 320 1693 343 ι»
1726 298 1869 359 Quod
1895 312 2023 349 rece-

466 367 646 427 pimus.
674 367 908 431 Bergkius
930 368 1067 417 malit
1089 386 1101 415 ε
1124 368 1288 433 ἀρίστα

588 508 761 581 Ἐρμὼ-
772 508 997 570 καλλίστᾳ
1023 513 1092 556 τῶ
1115 509 1379 557 Σαῡναῑάὸα
1391 545 1406 569 ,

464 644 527 694 011
553 645 716 694 10011111
750 646 1015 696 Pausaniae.
1045 673 1108 683 —
1134 654 1161 697 5
1190 648 1230 709 ᾧ
1249 648 1309 697 σὺ
1332 664 1381 709 χ.
1410 646 1685 703 Heckerus.
1712 646 1775 696 de
1799 646 2018 706 donario,

464 714 797 779 probabiliten
826 715 915 765 sed
942 716 1151 767 alterum
1190 716 1387 767 minime
1417 736 1441 759 a
1474 716 1708 780 ineptum.
1746 736 1768 758 n
1800 742 1863 752 —
1886 724 1916 765 6
1943 717 2020 763 εῦ-

464 789 647 835 κλεισον
689 786 830 845 emh,
872 788 1107 837 εὐκλὲἰσον
1144 786 1319 837 Suidas
1349 801 1362 831 t
1394 788 1494 836 ἀντὶ
1528 790 1613 836 τοῦ
1650 788 1781 842 δόξης
1821 787 1899 835 καὶ
1941 786 2016 834 εὖ·

461 857 617 913 πλείας
658 857 875 913 ἀξίωσον.
922 877 946 900 ιι
985 858 1219 921 Ἁμετὲραν
1254 857 1368 907 inde
1413 856 1605 906 videtur
1656 855 1986 918 explicandum
2003 889 2018 914 ,

460 925 593 989 quod
642 925 871 975 sacerdos
910 940 1052 989 suam
1096 926 1351 990 imaginem
1397 926 1567 976 Dianas
1618 924 1942 974 dedicaverat.
1993 944 2017 967 υ

462 994 647 1057 Ber-qk.

522 1135 745 1183 CCLXX.
777 1134 976 1183 Lucium
1000 1134 1175 1184 mulier
1200 1136 1312 1198 post
1334 1133 1645 1198 puerperium
1673 1130 1900 1196 quaedam
1929 1129 2016 1181 de—

460 1202 607 1253 dicat.
638 1229 696 1239 —
731 1209 751 1253 1
779 1203 1056 1266 Ἀμφαρέτας
1075 1204 1265 1254 Jacobs.
1291 1204 1342 1252 in
1362 1204 1491 1253 notis
1517 1216 1633 1253 mss.
1658 1204 1676 1266 (
1698 1224 1721 1245 ιι
1749 1202 1853 1251 sive
1870 1200 2021 1263 Ἄμφι-

460 1272 568 1334 ρόας
597 1272 654 1335 u)
676 1274 727 1322 et
757 1273 961 1323 Meinek.
984 1287 1032 1336 1».
1069 1278 1183 1332 1393
1203 1274 1477 1337 ἀμφαρὲτρις
1503 1272 1688 1323 codex.
1714 1272 1911 1323 Notiora
1929 1283 2020 1319 no-

458 1340 591 1390 mina
628 1344 987 1405 proposuerunt
1028 1342 1295 1392 Salmasius
1334 1345 1631 1405 Δαμαρὲτας,
1679 1341 1929 1391 fleckerus
1974 1340 2017 1398 l,

458 1426 507 1475 p.
542 1418 623 1463 141
656 1415 961 1475 Φαιναρὲτας.
982 1416 1038 1462 111
1068 1414 1164 1462 fine
1199 1414 1441 1478 καλύπτρα
1468 1416 1572 1464 Jac.
1604 1416 1654 1463 et
1677 1414 1843 1472 Mein.;
1874 1410 2019 1460 καλύ-

459 1500 579 1545 πτρη
598 1483 718 1533 eod.
758 1509 819 1519 —
844 1491 871 1533 2
902 1483 1120 1532 εἶλείθυια
1142 1485 1387 1533 corrector
1420 1482 1562 1543 cod„
1592 1485 1733 1540 εῑλήθ.
1758 1494 1833 1545 pr.
1868 1494 1938 1529 m.
1958 1505 2040 1541 -,

460 1557 489 1602 3
517 1554 572 1609 ἂς
600 1571 655 1602 σε
676 1552 774 1615 μετ’
796 1555 1000 1617 εὐχωλαῖς
1015 1554 1295 1603 Beckerust
1322 1568 1445 1605 cum
1467 1556 1588 1602 voto
1608 1551 1715 1602 hate
1742 1555 1857 1614 ipsa
1877 1550 2020 1599 dona

462 1636 497 1672 a
543 1636 598 1672 sc
636 1622 938 1673 dedicatum
977 1626 1061 1673 iri.
1108 1622 1269 1673 codex
1305 1626 1435 1673 ὠσσὲ
1470 1624 1632 1682 (ὥσσε
1670 1620 1835 1671 Suidae
1868 1618 2017 1678 libri)

460 1695 558 1753 μετ’
578 1695 819 1756 εὐχωλαῖς.
844 1694 1087 1744 Edebatur
1100 1697 1132 1742 ἃ
1148 1712 1203 1743 σε
1222 1698 1321 1757 μετ’
1340 1696 1547 1757 εὐχωλαῖς
1566 1696 1766 1743 auctore
1788 1692 2014 1741 Kustero.

458 1762 725 1813 Meinekius
750 1763 942 1813 Codicis
960 1764 1219 1814 lectionem
1238 1764 1450 1827 explicat
1477 1777 1491 1806 ε
1518 1765 1580 1819 ὡς
1599 1764 1653 1811 σὲ
1678 1760 2018 1822 μετεκαλέσατο

458 1834 699 1895 εὐχωλαῖς.
724 1837 780 1883 111
798 1834 895 1883 11110
912 1833 1131 1884 Reiskius
1152 1838 1214 1894 ot,
1236 1834 1355 1884 eod.
1383 1838 1435 1884 et
1451 1832 1585 1881 Suid.
1610 1849 1697 1881 τοι.
1722 1850 1747 1873 n
1767 1830 1891 1879 Hinc
1910 1827 2016 1877 Sui·

456 1904 547 1954 das
576 1925 588 1953 :
608 1906 850 1966 λευγαλέας
868 1922 879 1933 ·
915 1904 1141 1967 ὀλεθρίους
1158 1938 1173 1963 ,
1198 1905 1419 1967 χαλεπάς.
1444 1922 1468 1947 υ
1489 1904 1552 1951 B.

517 2048 767 2095 CCLXXI.
809 2066 833 2087 «ι
881 2045 1117 2095 Cichesiae
1160 2045 1293 2095 iilius
1310 2082 1324 2105 ,
1372 2047 1503 2094 Leon
1521 2081 1537 2107 ‚
1565 2046 1617 2094 et
1656 2042 2018 2093 Themistodice

456 2117 659 2167 Dianam
678 2155 691 2177 ,
712 2130 823 2179 quae
843 2116 912 2166 illi
934 2117 1127 2167 mulieri
1152 2117 1199 2165 in
1218 2116 1474 2179 puerperio
1498 2129 1643 2177 opem
1678 2115 1858 2164 tulerat
1871 2153 1883 2174 ,
1914 2127 2020 2162 mu-

456 2186 653 2236 neribus
684 2188 865 2235 colunt.
892 2206 915 2228 »2
939 2190 1055 2236 lac.
1084 2186 1163 2235 Sic
1188 2186 1335 2235 etiam
1364 2186 1569 2235 Meinek.
1600 2198 1649 2247 p.
1678 2190 1757 2234 151
1783 2188 1833 2234 et
1860 2184 2013 2233 Boiss.

455 2284 518 2294 -·
551 2263 570 2306 1
600 2260 757 2307 εἵσατο
784 2256 903 2306 Cod.
936 2258 1055 2306 Mire
1085 2256 1373 2307 Paciaudius
1396 2258 1559 2305 πέδιλα
1581 2255 1644 2304 de
1672 2256 1960 2318 ἐνδρομίσιν,
1979 2254 2014 2304 i.

456 2340 503 2375 e.
532 2326 707 2375 calceis
732 2326 991 2375 venatoriis
1009 2325 1320 2391 intelligebat.
1342 2352 1405 2363 -
1431 2333 1458 2374 2
1495 2326 1664 2383 ὀλίγων
1695 2324 1829 2373 Suid.
1865 2345 1887 2367 «ι
1920 2324 2016 2381 Qui

456 2395 571 2445 hinc
602 2418 616 2445 z
654 2398 875 2458 πτύγμα·
908 2398 1139 2459 δίπλωμα.
1166 2400 1233 2445 Ex
1260 2409 1307 2445 v.
1334 2403 1361 2445 5
1406 2416 1417 2443 :
1458 2397 1603 2456 λεχὼ.
1634 2398 1664 2453 ἡ
1700 2394 1954 2457 ὰρτίτοκος.
1987 2414 2013 2436 ²·

456 2468 520 2514 B.
559 2492 621 2501 —-
642 2470 670 2515 3
706 2466 873 2527 repnsion
907 2467 1037 2529 λέχοι
1074 2464 1193 2515 cod.
1222 2492 1287 2501 —
1312 2472 1339 2515 5
1368 2466 1531 2515 Λέοντι
1561 2464 1856 2522 11101110111113,
1894 2463 2007 2512 coll.

456 2538 539 2595 lx,
562 2549 638 2597 ep.
671 2540 781 2585 306.
804 2534 1075 2597 [0301101111-
1092 2537 1309 2590 Δὲοντος.
1335 2560 1397 2569 -
1420 2542 1449 2584 6
1477 2538 1644 2596 κοῦρον
1666 2533 1751 2583 υ1ἑ’
1772 2534 2016 2596 ἀεξόμενον

456 2605 640 2665 Codex,
662 2618 786 2653 corr.
804 2605 1009 2653 Meinek.
1032 2604 1289 2654 Jacobsius
1308 2604 1577 2665 coniecerat
1597 2603 1680 2667 ῥεῖ’
1696 2605 2014 2665 ἐπαεξόμενον,

456 2676 506 2725 111
534 2674 659 2723 Add.
699 2676 797 2723 αἰὲν
833 2674 927 2730 ἀεξ.
960 2694 983 2715 «ι
1006 2674 1085 2723 Sic
1103 2676 1377 2738 junguntur
1404 2675 1475 2723 ἀεὶ
1505 2677 1557 2723 et
1590 2674 1831 2733 ἀεξόμενον
1856 2673 1905 2722 111
1930 2686 2009 2737 ep.

458 2749 564 2795 279.
610 2764 632 2787 υ
663 2746 827 2793 Boias.
867 2743 1017 2793 Aliter
1052 2757 1155 2793 rem
1198 2744 1468 2808 accipiebat
1509 2744 1759 2792 Heckerus
1796 2742 2013 2792 scribens

456 2816 630 2878 κούρην
676 2827 765 2877 pro
812 2819 997 2878 κοῦρον,
1034 2814 1229 2863 intactis
1264 2814 1465 2877 ceteris,
1494 2818 1551 2864 ut
1592 2814 1789 2864 Leontis
1822 2814 1920 2863 iilia
1948 2814 2012 2864 sit

459 2884 819 2935 Themistodice
837 2921 852 2944 ,
871 2898 981 2946 quae
1012 2899 1125 2934 cum
1156 2885 1331 2936 marito
1358 2885 1610 2946 Cichesia,
1630 2885 1866 2936 Cichesiae
1886 2885 2013 2945 filio,

460 2957 629 3005 Dianae
659 2954 860 3004 donaria
875 2955 1119 3006 obtulerit.

518 3091 792 3140 chxxu.
816 3110 839 3132 «ι
860 3092 1152 3152 Expressum
1178 3103 1374 3140 cannen
1399 3104 1456 3140 ex
1490 3091 1701 3141 leonida
1725 3093 1836 3141 Tar.
1864 3105 2016 3156 snpra

459 3167 563 3210 202.
596 3180 619 3201 n
644 3161 759 3210 Jac.
779 3185 843 3196 --
869 3165 888 3208 1
914 3161 1075 3209 Aemi
1104 3161 1313 3210 Groeiius
1330 3179 1346 3218 ;
1366 3163 1499 3210 λατοτ
1516 3161 1691 3211 Codex.
1725 3163 1781 3211 ln
1806 3175 1905 3224 quo
1921 3161 2016 3212 hoc

458 3229 695 3278 scholium
718 3243 731 3270 ²
758 3231 992 3279 ιιῦπασσιν
1006 3233 1053 3279 oi
1077 3230 1159 3290 μὲν
1175 3232 1411 3294 περίζωμα
1426 3245 1437 3258 ·
1456 3233 1585 3280 ἄλλοι
1604 3234 1653 3281 δὲ
1672 3233 1789 3289 εἶδος
1808 3233 2012 3295 ἱματίου.

459 3301 678 3362 Σημαίνει
703 3301 819 3356 εἶδος
850 3299 1067 3360 ἱματίου·
1095 3299 1283 3349 ἁναὸολ.
1313 3301 1449 3361 (sic,
1484 3302 1757 3351 ἀναὸὀλαιον
1794 3303 2011 3363 Boias),

458 3370 737 3432 ιαρακὰλλιν
773 3369 924 3430 (Cod.
955 3369 1280 3431 καρακάλλεν)
1311 3372 1340 3428 ἢ
1370 3371 1481 3419 ἄλλο
1504 3387 1567 3420 τι.
1603 3391 1627 3414 «t
1658 3373 1802 3421 cons.
1840 3371 1901 3422 ad
1935 3386 2014 3436 ep.

459 3446 567 3490 358.
586 3459 612 3482 ²·
636 3443 697 3490 B.
729 3465 791 3474 —
810 3445 839 3488 2
868 3445 1065 3500 μαστοῖο
1084 3437 1203 3487 cod.
1227 3465 1290 3476 —
1308 3444 1337 3488 3
1364 3443 1597 3502 τιμαεο-σα
1621 3443 1637 3500 (
1658 3442 1963 3505 superposito
1985 3445 2014 3501 ἡ

456 3523 489 3560 a
514 3511 819 3570 correctore)
846 3510 901 3557 δυ
920 3511 1063 3557 δινοιο
1076 3545 1091 3569 ,
1112 3509 1426 3572 superpositis
1444 3510 1571 3560 inter
1590 3529 1619 3559 υ
1640 3513 1692 3560 et
1717 3513 1743 3559 δ
1760 3512 1911 3562 literis
1941 3519 2015 3562 σῶ

460 3580 521 3630 011
548 3579 653 3643 ipso
684 3579 879 3628 librario
924 3599 937 3627 ι
967 3580 1027 3627 ut
1052 3591 1149 3626 non
1188 3577 1311 3628 adeo
1346 3597 1372 3622 κ
1402 3579 1563 3629 tenuis
1592 3598 1616 3623 a·
1664 3579 1729 3629 sit
1760 3594 1789 3630 a
1838 3581 2016 3632 Codice

460 3651 728 3700 auctoritas
745 3650 881 3699 vocis
906 3649 1193 3699 δυσωδίνοιο.
1220 3648 1625 3700 immemorabilis
1650 3651 1858 3701 tentavit
1882 3654 2010 3702 Hec-

460 3721 559 3770 lter.
587 3725 628 3781 1,
660 3735 707 3783 p.
742 3725 847 3770 141.

521 3851 813 3899 commu,
847 3867 871 3888 «ι
901 3848 1083 3897 Lucina
1111 3849 1308 3911 rogatur
1324 3849 1381 3896 ut
1406 3845 1691 3908 parturienti
1706 3858 1849 3910 opem
1869 3847 2011 3897 serat.

462 3946 523 3958 --
552 3925 593 3969 1.
626 3920 836 3982 Orlyqe'a
855 3917 959 3967 sive
984 3917 1143 3966 insula
1168 3919 1245 3967 est
1268 3916 1351 3965 illa
1376 3915 1511 3965 haud
1536 3915 1676 3978 longe
1702 3930 1731 3966 a
1753 3917 1876 3966 Delo
1900 3918 2012 3976 sita,

462 3989 565 4036 sive
590 3987 733 4036 lucus
759 3999 909 4048 prope
932 3985 1178 4047 Ephesum
1195 4025 1207 4046 ‚
1228 3985 1290 4035 de
1322 3999 1421 4047 quo
1438 3983 1591 4034 Tacit.
1622 3986 1791 4036 Annal.
1814 3988 1903 4048 111,
1933 3991 2012 4037 01.

460 4055 603 4105 Cont'.
648 4055 837 4104 Dissen.
894 4055 958 4104 ad
1003 4055 1199 4105 Pindari
1235 4058 1375 4104 Nem.
1428 4069 1476 4117 p.
1524 4061 1617 4105 350
1662 4069 1764 4118 seq.
1802 4058 2011 4107 Brunck.

462 4125 655 4187 ἔχοισα,
676 4129 876 4187 propter
910 4127 1091 4185 Δᾶλον,
1126 4128 1177 4174 et
1202 4137 1317 4174 mox
1337 4125 1399 4180 ἐς.
1427 4151 1491 4160 —-
1513 4131 1541 4174 2
1578 4126 1697 4186 ἁγνὰ
1718 4126 1863 4174 adcon
1888 4127 2011 4176 cod.

462 4197 656 4257 Χάριτες
696 4194 865 4243 Dianae
908 4207 997 4256 pro
1026 4193 1260 4243 ministris
1294 4193 1501 4253 additae,
1531 4197 1589 4242 ut
1622 4194 1733 4242 alibi
1761 4194 1939 4244 Veneri
1964 4199 2015 4246 et

462 4266 490 4312 J
496 4265 673 4320 unoniz
700 4263 875 4326 hisque
903 4267 959 4314 ut
994 4265 1093 4314 tela
1126 4265 1317 4315 interim
1350 4263 1512 4315 tradat
1546 4268 1757 4327 rogatur.
1786 4267 1909 4315 Nam
1936 4267 2013 4316 Ili-

464 4333 615 4396 thyiae
638 4348 837 4396 quoque
856 4335 956 4385 tela
980 4339 1123 4394 sunt,
1152 4334 1533 4398 parturientibus
1552 4335 1747 4398 gravia3
1777 4337 1921 4384 Hom.
1953 4337 2008 4386 11.

466 4409 527 4464 Δ,
558 4411 650 4455 269
672 4417 773 4467 seq.
798 4405 942 4454 cons.
975 4417 1052 4469 ep.
1073 4409 1182 4468 271,
1201 4409 1249 4455 4.
1280 4424 1305 4448 κ
1325 4407 1439 4454 Jac.
1456 4429 1516 4440 —-
1544 4409 1591 4454 3.
1621 4425 1645 4448 «ι
1664 4405 1787 4454 Hinc
1804 4405 2011 4456 suidas:

463 4472 676 4533 Ἰνιιητὸς,
696 4474 845 4535 ὄνομα
866 4474 1013 4523 τόπου
1036 4477 1067 4534 ἢ
1097 4481 1327 4539 ποταμοῦ.
1353 4477 1479 4524 Sunt
1504 4473 1701 4524 codices
1716 4475 1803 4538 qui
1824 4479 1853 4534 ἢ
1870 4494 2011 4525 ποτα·

466 4547 556 4602 pao
582 4541 838 4602 omittunt3
864 4544 1187 4594 omittendum
1214 4544 1377 4607 potius
1413 4545 1508 4594 fuit
1534 4543 1680 4594 τόπου
1711 4547 1756 4603 ἦ.
1788 4545 1913 4594 Μο10
1940 4545 2010 4595 10-

465 4615 598 4660 ctum
631 4612 969 4674 compendium
1003 4611 1209 4662 nominis
1244 4619 1457 4676 ποταμοῦ
1486 4614 1769 4664 varietatem
1794 4612 2016 4663 lectionis

464 4681 667 4742 peperit.
724 4701 747 4724 ι»
798 4682 859 4730 B.
900 4685 989 4732 Est
1042 4683 1222 4732 fluvius
1260 4683 1435 4732 insulae
1472 4682 1613 4742 Deli,
1640 4682 1703 4731 ad
1732 4696 1880 4745 quem
1922 4682 2015 4732 dea

468 4753 581 4798 nata
606 4763 714 4799 esse
741 4751 999 4802 serebatur.
1027 4753 1231 4802 Dianam
1262 4753 1353 4802 tibi
1380 4752 1507 4816 tinge
1531 4765 1563 4801 a
1584 4753 1837 4802 venatione
1870 4751 1996 4802 rode-

470 4822 638 4867 untem
654 4857 666 4876 ,
686 4821 885 4883 pulvere
898 4825 949 4870 et
970 4823 1203 4886 sanguine
1221 4835 1561 4886 conspersam:
1586 4834 1737 4884 quare
1751 4835 1805 4871 se
1831 4822 2012 4883 abluit,

470 4891 527 4938 ut
554 4893 803 4948 venatores
826 4904 970 4952 opere
1000 4895 1196 4954 peracto
1230 4892 1403 4942 solent.
1434 4895 1495 4942 V.
1517 4892 1672 4954 Apoll.
1694 4891 1786 4941 Rb.
1816 4894 1882 4952 11,
1903 4898 2012 4942 937.

468 4957 692 5021 inprimis
726 4963 890 5010 autem
921 4965 1056 5022 grata
1094 4960 1259 5010 Dianae
1284 4965 1531 5010 mam-na
1566 4963 1720 5023 Inopi·
1756 4959 1903 5011 unda
1935 4972 2011 5010 se-

1588 164 2092 228 ANTHOLOGIAE
2137 166 2536 227 PALATINAE

2111 298 2328 348 cundum
2373 299 2532 349 valer.
2569 299 2724 348 Flacc.
2759 300 2819 358 V,
2873 304 2976 349 105.
3021 302 3133 349 Jac.
3193 301 3416 349 Fortasse
3453 300 3682 348 Ὶνωπῶ
3701 336 3718 355 ,

2109 370 2342 433 genitivo,
2373 368 2683 418 scribendum
2702 380 2808 417 esse
2835 370 3034 418 annotat
3059 369 3259 419 Meineli.
3279 382 3330 431 p.
3359 375 3436 419 95.
3467 368 3724 418 Minime

2109 439 2379 488 necessaria
2406 438 2566 487 Botnii
2592 438 2864 487 observatio
2904 459 2917 487 ι
2951 458 2975 481 ιι
3010 438 3138 487 Dixit
3171 441 3366 500 καθαρὸν
3394 439 3458 487 011
3484 439 3716 488 effectu

2109 508 2300 557 lavandi
2335 528 2348 557 ι
2385 508 2564 571 alioqui
2597 508 2812 571 ineptum
2844 509 2983 557 soret.
3025 530 3047 551 »
3075 508 3258 557 Deinde
3283 508 3526 558 edebatur
3575 511 3716 569 βέώι

2110 579 2152 627 δ’
2179 579 2223 634 ἐς
2249 579 2432 639 οἴκους,
2458 599 2481 621 «ι
2517 577 2721 640 quibus,
2760 578 2919 641 inquit
2953 578 3154 628 Hecker.
3203 581 3243 639 1,
3272 591 3323 641 p.
3356 585 3462 637 12³,
3501 578 3722 626 nullus

2109 649 2187 697 est
2230 647 2518 697 commodus
2556 660 2754 707 sensus,
2779 647 2912 709 quod
2941 646 3152 698 domina
3189 648 3398 709 aedium,
3435 648 3499 697 ad
3549 660 3718 709 quas

2107 718 2310 768 Dianam
2335 718 2570 767 Lucinam
2599 718 2766 767 venire
2792 722 3018 781 precatur
3044 718 3230 781 poetria
3244 755 3258 778 ‚
3279 732 3452 767 nomen
3478 718 3700 766 adden-

2107 789 2226 839 dum
2253 794 2358 840 erat
2372 829 2385 851 ‚
2424 804 2514 839 nec
2538 793 2650 851 apte
2679 788 2777 839 huc
2804 803 2978 839 nomen
3003 788 3230 839 Alcetidis
3257 790 3503 839 retrabere
3541 789 3716 836 licet-

2104 860 2278 923 Neque
2305 860 2512 910 dubium
2544 859 2661 921 quin
2689 858 2808 908 urbs
2835 860 2966 922 ipsa,
2996 873 3092 909 non
3118 860 3295 907 domus
3329 858 3550 907 hominis
3583 858 3714 920 pri-

2109 930 2210 979 vati
2233 928 2315 979 1110
2339 928 2651 979 memoranda
2673 928 2751 978 sit.
2771 929 3118 992 corrigendum
3140 930 3243 993 βᾶθι
3269 931 3316 977 δὲ
3337 930 3580 991 Λοκρούς.
3623 930 3716 976 lta

2106 996 2158 1048 hi
2189 1012 2362 1049 versus
2383 998 2682 1049 luculentius
2700 999 2846 1047 etiam
2872 1012 3071 1049 manum
3100 997 3310 1063 produnt
3327 999 3564 1048 mulieris
3591 1000 3716 1045 Lo-

2106 1069 2319 1128 0101101ος
2342 1083 2392 1117 v.
2411 1071 2522 1129 vll,
2542 1082 2616 1132 ep.
2647 1072 2753 1118 718.
2779 1089 2800 1111 »ι

2168 1208 2453 1259 chxxiv.
2485 1206 2612 1255 Tisis
2637 1209 2795 1256 mater
2827 1204 2954 1255 sacta
2981 1206 3176 1255 Lucinae
3203 1218 3407 1255 munera
3435 1205 3712 1267 quaedam

2107 1277 2316 1328 dedicat.
2341 1304 2404 1314 —
2443 1282 2463 1326 1
2495 1277 2664 1326 πότνια
2689 1281 2865 1339 κοῦροσ
2891 1278 2918 1324 ὁ
2951 1278 3122 1325 ταύταν
3159 1277 3234 1325 ἐπὶ
3271 1278 3463 1325 amica
3489 1280 3711 1337 νύμφην

2108 1346 2450 1409 (superposito
2483 1346 2545 1408 α)
2576 1346 2719 1407 cod„
2755 1346 2967 1396 correxit
2999 1346 3280 1408 Jacobsius,
3305 1347 3415 1395 coll.
3447 1346 3712 1395 Callima-

2107 1415 2186 1465 chi
2212 1418 2272 1465 Η.
2297 1417 2348 1465 111
2372 1417 2527 1479 Apoll.
2553 1420 2629 1466 32.
2656 1418 2766 1466 Jam
2789 1416 3011 1467 Reiskius
3036 1417 3275 1479 κωροσὸα.
3307 1416 3384 1465 ob
3413 1417 3708 1466 lenitatem

2111 1485 2397 1536 mutationis
2431 1486 2649 1537 obsecuti
2681 1499 2854 1535 sumus
2879 1483 3069 1549 egregio
3095 1486 3200 1535 viro
3227 1487 3298 1535 s‘c
3320 1500 3524 1535 versum
3559 1487 3710 1535 sci-i-

2106 1554 2238 1605 benti
2267 1555 2315 1605 in
2345 1555 2532 1604 ultimae
2566 1568 2742 1605 manus
2773 1556 3011 1617 exemplo.
3044 1555 3138 1605 Sed
3177 1555 3455 1605 audiendus
3482 1556 3708 1605 Lobec-

2107 1625 2218 1673 kius
2236 1625 2422 1675 Pathol.
2447 1625 2570 1688 prol.
2604 1639 2651 1688 p.
2682 1630 2774 1676 450
2802 1640 2814 1670 =
2840 1646 2864 1667 «ι
2884 1628 2977 1675 Res
3006 1625 3291 1688 principales
3308 1639 3338 1674 a
3365 1626 3705 1676 secundariis

2107 1694 2433 1759 cognominari
2459 1695 2576 1744 mihi
2595 1709 2688 1745 non
2713 1699 2934 1751 constat:
2957 1695 3006 1743 in
3033 1696 3313 1745 Callimachi
3340 1697 3449 1746 loco
3473 1698 3702 1757 ἐπιπορ·

2105 1768 2183 1821 uie.
2225 1766 2331 1815 sine
2357 1765 2508 1815 dubio
2543 1780 2640 1815 non
2673 1770 2868 1816 vestem
2895 1764 3174 1823 fibulatam
3213 1766 3479 1829 significat,
3510 1771 3576 1816 ut
3609 1769 3708 1814 Ja-

2106 1836 2274 1885 cobsio
2299 1836 2462 1885 visum
2479 1874 2492 1893 ,
2542 1836 2630 1886 sed
2674 1836 2724 1885 id
2771 1837 2906 1899 quod
2941 1836 3091 1886 schol.
3141 1836 3258 1887 dicit
3281 1842 3312 1895 ἡ
3361 1838 3539 1900 περόνη
3575 1838 3702 1885 sive

2105 1906 2268 1969 potius
2298 1906 2565 1969 capitulum
2602 1906 2768 1955 fibulas
2801 1906 3056 1969 pectoralis
3091 1919 3212 1955 auro
3257 1906 3508 1955 caelatum.
3551 1910 3704 1955 Proe-

2107 1978 2211 2026 fero
2227 1975 2436 2041 priorem
2449 1976 2794 2025 correctionem
2813 1976 3025 2025 Jacobsii
3039 2014 3052 2036 ‚
3080 1978 3253 2025 ταύταν
3273 1977 3370 2025 ἐπὶ
3391 1994 3476 2025 πα
3491 1994 3525 2024 o·
3537 1979 3616 2025 τά
3635 1978 3668 2025 δ
3683 1994 3699 2025 z

2105 2049 2300 2110 νύμφαν.
2325 2046 2403 2097 Sic
2435 2046 2688 2095 donarium
2708 2046 2959 2108 reponitur
2979 2046 3075 2095 ὑπὸ
3093 2046 3310 2095 παστάδα
3333 2058 3409 2108 ep.
3441 2052 3559 2103 119,
3585 2050 3694 2096 ὑπὸ

2105 2116 2308 2165 παστάδι
2332 2130 2414 2179 op.
2447 2119 2556 2168 342.
2576 2116 2664 2164 ἀνὰ
2691 2116 2908 2163 παστάδα
2943 2113 3161 2177 Append.
3188 2128 3266 2177 ep.
3306 2119 3410 2166 149.
3441 2136 3468 2159 n
3511 2121 3700 2177 Atque

2105 2185 2199 2236 hoc
2239 2186 2400 2248 ipsum
2433 2186 2579 2235 etiam
2605 2185 2948 2235 Boissonadius
2973 2189 3234 2247 receperat.
3263 2187 3460 2247 Νύμφαν
3503 2193 3694 2237 autem

2105 2256 2168 2307 de
2189 2268 2343 2319 pte-pa
2385 2256 2684 2319 intelligunt,
2713 2256 2957 2317 virginum
2986 2256 3342 2305 oblectamento
3379 2255 3532 2315 (vide
3567 2271 3698 2305 mox

2105 2326 2252 2387 epigr.
2281 2332 2389 2384 280,
2421 2332 2448 2374 2
2479 2328 2530 2375 et
2559 2326 2651 2387 3),
2691 2326 2910 2388 Toupius
2937 2326 3204 2375 ἐπιποντίδα
3229 2327 3406 2386 νύμφαν
3439 2326 3508 2373 (10
3543 2340 3700 2387 pupa

2106 2394 2361 2455 corallina,
2395 2408 2457 2443 ex
2487 2395 2682 2444 corallio
2713 2396 2858 2444 sacta.
2886 2421 2947 2431 —
2980 2403 3006 2442 2
3043 2398 3251 2457 λιπαρῶν
3289 2395 3331 2443 τ’
3363 2396 3415 2442 ἐκ
3445 2395 3607 2447 cod-z
3643 2398 3692 2443 τ’

2104 2464 2284 2515 delevit
2297 2465 2606 2515 Brunck.Sed
2627 2467 2882 2528 praei'erarn
2895 2464 3122 2527 equidem
3141 2465 3272 2527 quod
3289 2465 3428 2515 estin
3449 2467 3692 2527 margine

2105 2534 2364 2598 apographi
2380 2535 2640 2597 Lipsiensis
2663 2556 2674 2584 :
2694 2537 2887 2599 λιπαρόν
2912 2534 2949 2583 τ’
2967 2536 3020 2583 ἐκ
3037 2537 3236 2594 κεφαλᾶς
3255 2536 3520 2595 πλόκαμον,
3539 2536 3696 2597 quod

2105 2604 2253 2654 etiam
2276 2604 2338 2653 de
2372 2604 2594 2667 pluribus
2609 2604 2866 2665 πλοκάμοις
2895 2603 2990 2653 (1101
3015 2606 3194 2667 potest.
3219 2606 3291 2653 De
3311 2604 3393 2653 illo
3429 2607 3644 2653 Jacobs.
3675 2626 3688 2653 2

2107 2692 2131 2716 «ι
2161 2673 2345 2724 Dubito
2375 2678 2540 2723 utrum
2568 2674 2630 2725 de
2659 2674 2932 2723 velamento
2959 2672 3291 2736 accipiendum
3326 2676 3392 2724 sit
3433 2676 3690 2733 στεεοὶνη,

2105 2757 2166 2793 an
2193 2744 2256 2795 de
2289 2744 2410 2807 ipsis
2439 2744 2652 2794 crinibus
2686 2745 2736 2793 iu
2785 2743 2913 2793 divae
2953 2742 3184 2793 honorem
3231 2742 3468 2793 detonsis.
3521 2746 3690 2793 Coma

2103 2817 2270 2864 autem
2297 2815 2527 2865 verticem
2547 2814 2793 2875 ambiens,
2813 2814 3015 2875 στεφάνη
3051 2816 3282 2871 vocatum
3317 2827 3362 2861 v.
3403 2814 3601 2863 Polluc.
3641 2820 3685 2876 1,

2103 2889 2193 2944 4ος
2225 2888 2310 2945 lv,
2342 2889 2445 2934 144.
2470 2905 2494 2928 ι»
2522 2885 2740 2935 Alterum
2768 2885 3080 2947 probabilius.
3116 2885 3310 2933 Servavi
3339 2885 3604 2948 vulgatam
3633 2890 3690 2934 et

2103 2954 2403 3004 Boissonadii
2441 2954 2605 3004 latina.
2640 2981 2703 2990 —
2727 2959 2756 3004 3
2799 2955 2973 3002 ὅλὸια*
3019 2956 3226 3010 sii-noorai
3251 2953 3392 3012 Cod.‚
3423 2968 3682 3018 superpo·

2103 3025 2198 3074 sito
2215 3025 2272 3074 εί.
2305 3027 2660 3086 Πολυμνήστοιο
2683 3025 2834 3074 Boiss.
2866 3025 3013 3073 vertit
3031 3025 3186 3085 lonqa
3206 3028 3462 3075 memoria
3477 3026 3685 3087 dismw,

2103 3094 2311 3144 Bothius
2331 3097 2567 3157 expetitae
2590 3109 2625 3144 a
2647 3097 2848 3145 arculfi-5.
2872 3120 2936 3130 —
2953 3098 2982 3143 4
3012 3096 3182 3148 τισίδος
3211 3094 3351 3154 Cod.,
3381 3094 3432 3142 in
3469 3113 3519 3144 τι
3553 3097 3686 3151 εἶδος

2103 3166 2387 3226 corruptum
2411 3177 2488 3226 ap.
2511 3163 2648 3212 Suid.
2691 3161 2816 3212 Vide
2851 3161 3058 3210 Lobecli.
3097 3163 3284 3212 Patliol.
3313 3163 3436 3226 prol.
3473 3177 3527 3226 p.
3561 3169 3679 3212 51¹.

2108 3233 2353 3284 Edebatur
2378 3235 2580 3288 Τίσιδος.

2163 3327 2395 3390 sequitur
2434 3327 2486 3376 in
2539 3325 2719 3378 Codice
2774 3326 3063 3389 epigramma
3102 3324 3206 3386 iam
3253 3339 3404 3389 supra
3449 3329 3680 3390 positum

2102 3413 2152 3450 n.
2183 3402 2290 3460 140,
2313 3396 2395 3447 hic
2431 3411 2544 3446 cum
2582 3397 2846 3446 lemmate:
2884 3397 3372 3460 Καὶλ(μὰχου.ζὴτει·
3404 3399 3474 3454 δὶς
3493 3405 3678 3448 κεῖται.

2163 3526 2428 3575 CCLXXV.
2463 3521 2696 3585 Samytha
2722 3523 2896 3573 Veneri
2917 3536 3070 3572 comae
3095 3522 3430 3572 redimiculum
3451 3523 3674 3574 dedicat.

2102 3622 2162 3632 -
2193 3601 2210 3645 1
2250 3594 2430 3658 χαίροις
2447 3595 2503 3642 ἅν
2529 3610 2600 3642 τοι
2627 3595 2749 3642 ἔοι-ιε
2781 3594 2933 3655 κόμαν
2957 3593 3050 3642 ἀπὸ
3075 3593 3216 3653 c0d.‚
3247 3607 3372 3643 corr.
3399 3597 3672 3644 Kusterus.

2102 3691 2164 3701 —·
2189 3668 2218 3714 3
2251 3665 2377 3714 hecti
2411 3666 2518 3713 Jac.
2552 3677 2614 3712 ex
2655 3662 2834 3712 Codice
2866 3662 2950 3725 qui
2989 3663 3079 3720 ὄζει
3111 3664 3412 3726 superposita
3443 3663 3594 3715 litera
3629 3669 3674 3716 δ.

2105 3753 2129 3776 α
2159 3733 2284 3782 Hinc
2309 3733 2486 3782 Suidas
2510 3752 2524 3781 ι
2553 3734 2815 3782 δαιδαλέαν·
2835 3738 2894 3795 τῇ
2917 3739 3183 3794 κατασκευῇ
3211 3735 3434 3783 ποικίλον.
3467 3755 3486 3775 =
3521 3739 3582 3784 B.
3611 3765 3676 3776 —·

2099 3808 2128 3854 4
2150 3805 2318 3852 τούτωι
2335 3805 2416 3852 καὶ
2438 3807 2555 3860 τῆνα
2572 3804 2623 3852 et
2646 3803 2801 3850 ἂδωνα
2817 3800 2996 3851 codex.
3032 3821 3054 3844 «ι
3083 3801 3160 3850 Ad
3183 3814 3326 3850 aures
3344 3803 3523 3851 melius
3547 3805 3678 3852 acti·

2101 3872 2238 3923 deret
2253 3873 2380 3922 τοῦδ·-
2399 3866 2452 3929 ᾧ.
2474 3893 2497 3914 »2
2527 3872 2748 3922 Meioielc.
2768 3886 2814 3934 p.
2845 3877 2904 3921 95
2919 3907 2933 3928 .
2956 3872 3042 3933 qni
3059 3873 3256 3921 Ἀδωνα.
3287 3892 3312 3914 α
3347 3873 3442 3922 Sed
3463 3873 3675 3923 demon·

2101 3941 2361 3992 strativum
2405 3954 2670 4004 pronomen
2717 3942 2807 4002 (ut
2858 3943 2989 3990 recte
3029 3941 3309 3990 observavit
3344 3943 3595 3991 Heckerus
3631 3947 3671 4001 1,

2102 4027 2153 4076 p.
2199 4008 2296 4070 74)
2331 4007 2450 4056 huic
2490 4007 2600 4057 loco
2625 4021 2800 4070 parum
2839 4011 3032 4070 aptum3
3076 4021 3235 4070 neque
3263 4009 3435 4072 corripi
3473 4013 3675 4070 poterat

2101 4076 2256 4138 prima
2283 4077 2469 4139 syllaba
2486 4077 2623 4126 verbi
2650 4077 2795 4140 χρίει,
2821 4091 2934 4139 quae
2962 4091 3153 4140 semper
3179 4081 3230 4127 et
3263 4077 3444 4139 ubique
3473 4079 3668 4140 produ—

2101 4147 2244 4197 citur.
2275 4147 2496 4210 Denique
2537 4150 2772 4197 Venerem
2795 4147 2894 4196 dici
2931 4151 3239 4197 etiamnunc
3267 4147 3450 4197 illinere
3476 4148 3670 4198 Adonin

2102 4219 2325 4267 nectareo
2350 4220 2622 4280 unguento,
2653 4217 2891 4266 absonum
2931 4223 3022 4270 est.
3055 4237 3079 4261 x·
3110 4217 3288 4268 Scribit
3323 4223 3491 4268 autem
3519 4241 3532 4266 ι

2228 4359 2296 4417 τῷ
2314 4353 2432 4403 τὸιια
2449 4355 2529 4401 καὶ
2548 4354 2664 4412 τήνα
2693 4359 2857 4418 χρῖσεν
2888 4354 3068 4403 Ἀδωνα
3095 4353 3252 4402 καλὸν.

2101 4479 2264 4529 Malim
2293 4485 2360 4540 τῷ
2383 4495 2524 4528 ποκα.
2556 4478 2774 4528 Alterum
2812 4481 2979 4527 autem
3011 4477 3376 4528 hemistichium
3397 4479 3498 4541 jam
3539 4481 3662 4529 olim

2103 4548 2174 4597 sic
2191 4547 2455 4609 scripserat
2480 4545 2556 4593 vir
2583 4545 2764 4596 doctus
2797 4544 2848 4594 in
2883 4548 3054 4595 Museo
3083 4547 3311 4596 cantabr.
3340 4549 3426 4604 Vl,
3463 4561 3509 4608 p.
3545 4553 3658 4600 315.

2103 4617 2229 4667 Nihil
2251 4617 2408 4677 movi,
2429 4617 2514 4678 qui
2541 4619 2707 4680 putem
2733 4616 2911 4666 vitium
2935 4615 3082 4666 etiam
3108 4616 3159 4665 in
3186 4619 3304 4681 χρίει
3331 4615 3562 4666 residere.

2162 4755 2360 4804 CCLXX
2369 4757 2447 4805 vl.
2465 4757 2813 4817 Argumentum
2829 4755 3070 4820 eleganter
3085 4757 3286 4819 exponit
3299 4755 3521 4805 Piccolos
3543 4777 3556 4807 ε
3582 4759 3652 4804 Lo

2101 4826 2274 4884 vict-qe
2289 4825 2484 4886 Hippe,
2498 4823 2623 4886 pres
2645 4823 2710 4873 de
2725 4836 2779 4872 se
2790 4829 3008 4884 mai-ier,
3024 4823 3200 4875 reli-ve
3214 4837 3343 4875 avec
3363 4827 3469 4882 art,
3485 4838 3584 4874 sur
3593 4837 3652 4872 sa

2102 4891 2230 4952 le‘te,
2247 4905 2307 4941 sa
2325 4891 2459 4941 belle
2479 4894 2529 4941 et
2551 4891 2696 4942 riche
2713 4890 3012 4953 chevelure,
3031 4906 3155 4942 sans
3175 4893 3380 4944 oublc'er
3395 4893 3468 4942 les
3489 4895 3652 4942 serta·-

2103 4973 2184 5009 ccs
2221 4975 2317 5024 quc
2343 4959 2431 5010 des
2455 4959 2750 5011 substances
2773 4959 3084 5025 perfundes
3102 4965 3334 5026 pem-ent
3357 4959 3551 5011 rendre
3577 4973 3649 5009 αι(
