3829 5747
361 136 480 195 ‘200
1484 125 1993 188 ANTHOLOGIAE
2038 125 2441 190 PALATINAE

439 263 761 344 σπείρεσθαι,
789 261 928 328 λιτός
950 263 996 320 θ’
1022 263 1050 319 ὃ
1069 259 1255 340 σχεδὸν
1285 258 1586 336 ἀμπελεὼν,
2070 267 2412 320 ad-serendum
2426 308 2439 332 ,
2460 269 2735 335 exiguaque
2750 282 2904 335 prope
2929 271 3089 332 vinea,

361 351 510 410 τοῦτό
534 373 592 409 τε
621 349 873 429 ῥωπεύειν
897 347 1213 429 ὀλιγόξυλον·
1242 350 1360 407 ἀλλ’
1389 347 1476 406 ἐπὶ
1501 345 1702 414 τούτοις
2008 356 2199 420 hocque
2228 358 2727 422 virgultis-medendis
2750 373 3162 424 parvum-nemus
3187 374 3199 403 :
3222 362 3399 411 tamen
3430 361 3493 410 in
3518 359 3607 409 his

441 437 676 499 Κλείτων
707 435 982 516 ὀγδώκοντ’
1010 435 1281 516 ἐξεπέρησ’
1304 433 1441 494 ἔτεα.
2070 447 2197 496 Clito
2216 447 2463 511 octoginta
2493 447 2703 499 absolvit
2718 462 2890 499 annos.

491 590 624 642 227.
674 581 1162 664 ΚΡΙΝΑΓΟΡΟΥ
1220 577 1778 640 ΜΥἸἸΛΗΝΑΙΟΥ.
2316 591 2425 638 227.
2457 591 2836 639 cRmAGonAE
2866 592 3251 642 MITYLENAEI.

357 727 409 787 Ἀ
419 725 630 807 ργύρεόν
655 750 738 786 σοι
763 726 938 804 τόνδε,
969 725 1228 804 γενέθλιον
1255 727 1306 791 ἐς
1327 724 1442 783 τεὸν
1466 715 1634 802 ἦμαρ,
2011 736 2305 797 Argenteum
2326 734 2417 784 tibi
2434 734 2644 797 huncce,
2674 737 2885 787 natalem
2904 738 2954 786 in
2978 741 3123 787 tuum
3142 738 3271 788 diem
3288 776 3307 799 ,

446 813 650 894 Πρόκλε
667 859 682 890 ,
711 814 1032 892 νεόσμηκτον
1059 815 1082 840 *
1111 811 1387 893 δουρατίην
1416 811 1691 888 κάλαμον,
2071 823 2257 884 Prot-ie,
2285 823 2695 886 recens-politum
2726 861 2820 874 .....
2850 825 3122 886 calamum,

360 893 418 960 εῧ
449 902 544 978 μὲν
567 900 894 982 ἔῢσχίστοισι
921 901 1237 978 διάγλυπτον
1261 899 1560 979 κεράεσσιν,
2010 907 2135 958 bene
2162 908 2503 960 ex-arte-fissis
2525 908 2797 960 dissectum
2814 908 3045 958 cornibus
3062 949 3075 974 ,

437 983 496 1049 εὖ
519 989 573 1048 δὲ
596 988 958 1070 ταχυνομένην
985 987 1161 1069 εὕροον
1188 990 1260 1055 εἷς
1291 986 1474 1046 σελίδα
1499 1031 1516 1058 ,
2072 996 2295 1058 beneque
2320 999 2628 1061 properatam
2655 1000 2934 1047 currentem
2959 998 3011 1046 in
3034 997 3259 1061 paginam
3277 1037 3291 1058 ‚

357 1076 556 1153 πέμπει
587 1079 916 1158 Κριναγόρης
931 1120 946 1147 ,
977 1076 1158 1153 ὀλίγην
1188 1076 1354 1151 δόσιν,
1381 1073 1503 1134 ἀλλ’
1532 1071 1638 1131 ἀπὸ
1662 1075 1831 1146 θυμοῦ
2012 1081 2165 1132 mittit
2180 1082 2486 1147 CrinagoraS,
2506 1083 2733 1146 exiguum
2753 1097 2953 1146 munus,
2968 1084 3055 1135 sed
3066 1085 3129 1133 ab
3150 1087 3337 1134 affectu
3352 1085 3373 1148 [
3390 1087 3597 1136 studio.

446 1164 707 1238 πλείονος,
733 1167 968 1248 ἀρτιδαεῖ
996 1163 1259 1241 σύμπνοον
1289 1161 1538 1242 εὐμαθίῃ.
2074 1171 2272 1234 majore,
2294 1175 2773 1236 recens-comparatae
2792 1173 3295 1236 conspirantem-cum
3314 1173 3599 1224 doctrina-⁵

599 1315 738 1366 228.
786 1306 1114 1374 ΑΔΔΑΙΟΥ
1157 1303 1648 1365 ΜΑΚΕΔΟΝΟΣ.
2404 1317 2511 1362 228.
2545 1313 2759 1362 Anna-1
2786 1314 3165 1364 mennoma

360 1457 574 1520 Αὗλακι
602 1459 692 1520 καὶ
726 1459 866 1540 γήρα
896 1459 1204 1538 τετρυμένον
1231 1459 1506 1539 ἐργατίνην
1542 1462 1666 1538 βοῦν
2014 1450 2162 1499 5¹¹1oe
2182 1452 2233 1501 et
2264 1452 2518 1501 senectute
2550 1451 2770 1502 &tritum
2802 1454 3077 1516 operarium
3098 1455 3273 1506 bovem

440 1547 646 1607 Ἄλκων
672 1548 730 1606 οὔ
751 1548 930 1626 φονίην
959 1547 1128 1625 ἤγαγε
1157 1547 1285 1625 πρὸς
1308 1546 1524 1620 κοπίδα,
2075 1539 2227 1588 Alcon
2253 1552 2351 1589 non
2368 1538 2507 1590 duxit
2532 1538 2596 1588 ad
2624 1543 2881 1590 cruentam
2907 1543 3136 1602 securim,

364 1619 819 1714 “tggffflelq'ngmw
850 1639 877 1692 ὃ
906 1635 962 1694 δέ
991 1658 1092 1693 που
1120 1637 1280 1714 βαθέῃ
1313 1635 1386 1694 ἐνὶ
1409 1634 1534 1713 ποίῃ
2016 1626 2258 1676 reveritus
2273 1626 2465 1676 labores
2492 1628 2607 1689 ejus
2625 1645 2643 1679 :
2676 1627 2766 1678 sed
2792 1629 2871 1679 ille
2892 1629 3076 1680 alicubi
3094 1633 3194 1681 alto
3206 1633 3255 1682 in
3274 1636 3513 1697 gramine

445 1724 739 1800 μυκηθμοῖς
765 1723 986 1806 ἀρότρου
1013 1724 1220 1804 τέρπετ’
1253 1721 1538 1803 ἐλευθερίῃ.
2076 1713 2343 1780 mussifflssffl
2368 1715 2593 1765 libertae
2610 1715 2863 1766 abaram
2886 1718 3080 1780 gandet-

366 2005 554 2063 Αἷετοῦ
573 2003 950 2082 ἄγκυλοχείλου
977 2002 1296 2082 ἀκρόπτερον
1319 2003 1406 2071 ὀξὺ
1433 2000 1632 2082 σιδήρῳ
2017 1999 2207 2062 Aquilae
2231 1999 2600 2052 adunco-rostro
2628 2005 3123 2086 extremam-pennam¹
3148 2005 3431 2059 m-acumen
3462 2012 3603 2065 ferro

443 2089 692 2170 γλυφθὲν,
719 2091 808 2149 καὶ
835 2094 1012 2170 βαπτῇ
1036 2091 1322 2169 πορφύρεον
1351 2091 1552 2167 κυάνῳ,
2082 2088 2344 2151 sculptam,
2366 2090 2418 2138 et
2432 2087 2659 2140 tinctorio
2678 2091 2993 2154 nigricantem
3011 2107 3180 2157 cyano,

366 2178 433 2250 ἤν
457 2201 508 2237 τι
529 2179 666 2259 λάθῃ
696 2176 884 2254 μίμνον
910 2176 1257 2256 μεταδόρπιον
1282 2177 1424 2242 ἐντὸς
1448 2175 1668 2235 ὀδόντων
1683 2220 1700 2249 ,
2020 2173 2065 2225 si
2093 2174 2214 2238 quid
2236 2174 2434 2230 latuerit
2451 2189 2655 2227 manens
2670 2180 2782 2241 post
2805 2179 2975 2242 epulas
2992 2179 3043 2231 in
3068 2180 3294 2232 dentibus

448 2270 660 2338 κινῆσαι
689 2273 848 2349 πρηεῖ
870 2263 1070 2346 κέντρῳ
1101 2264 1475 2341 ἐπιστάμενον,
2082 2276 2310 2312 emovere
2332 2263 2441 2314 miti
2458 2263 2661 2327 cuspide
2686 2265 2899 2328 doctam,

371 2354 521 2440 βαιὸν
549 2356 644 2412 ἀπ’
673 2355 769 2413 οὔκ
795 2352 972 2430 ὀλίγης
993 2354 1192 2428 πέμπει
1223 2352 1400 2432 φρενὸς
1429 2345 1515 2411 οἷα
1542 2351 1568 2374 *
1593 2352 1812 2417 δεδαπὸς
2020 2351 2246 2414 exiguam
2263 2365 2325 2402 ex
2350 2365 2449 2401 non
2466 2353 2643 2416 exiguo
2661 2354 2811 2406 mittit
2828 2354 3034 2418 affectu,
3056 2360 3114 2408 ut
3132 2358 3429 2422 in-tenui-re,

449 2443 614 2521 δῶρον
637 2439 882 2506 1’ὀπάσεΐ
911 2441 998 2499 ἐπὶ
1033 2439 1114 2506 σοὶ
1131 2487 1152 2512 ,
1187 2439 1397 2512 Λεύκιε,
1423 2440 1766 2521 Κριναγόρης.
2083 2439 2267 2489 donum
2295 2442 2430 2490 totus
2448 2439 2646 2492 deditus
2667 2442 2757 2492 tibi
2774 2481 2787 2505 ,
2818 2443 2983 2507 Lucie,
3012 2445 3315 2510 Grinagoras.

873 2590 1007 2642 280.
1061 2581 1420 2642 ΚΟΙΝΤΟΥ.
2477 2591 2584 2636 2³0.
2621 2590 2837 2645 eumn
2866 2593 3085 2643 MAEcn.

367 2721 602 2803 Ἀκρείτᾳ
633 2719 846 2802 Φοίδῳ,
873 2719 1138 2788 Βιθυνίδος
1166 2719 1220 2787 ὃς
1240 2719 1358 2778 τόδε
1386 2717 1564 2808 χώρης

445 2809 738 2892 κράσπεδον
769 2811 1024 2888 αἰγιαλοῖς
1049 2808 1302 2884 γειτονέον
1331 2807 1598 2885 συνέχεις,

368 2904 542 2977 Δᾶμις
575 2902 602 2956 δ
628 2898 948 2978 κυρτευτὴς,
970 2898 1176 2979 ψάμμῳ
1195 2900 1352 2975 κέρας
1384 2896 1492 2955 αἰὲν
1523 2895 1748 2973 ἐρείδων,

450 2986 734 3066 φρουρητὸν
766 2986 951 3065 κήρυκ’
984 2987 1234 3067 αὖτοφυεῖ
1269 2984 1489 3045 σκόλοπι

371 3078 498 3145 θῆκε
521 3072 696 3155 γέρας,
723 3072 863 3132 λιτὸν
891 3073 1005 3149 μὲν,
1035 3075 1115 3131 ἐπ’
1149 3072 1360 3151 εὗσεὸίῃ
1380 3072 1448 3145 δ’,
1483 3075 1511 3129 ὁ
1537 3068 1744 3149 γεραιὸς
1763 3114 1779 3145 ,

451 3158 729 3239 εὐχόμενος
755 3159 951 3225 νούσων
983 3159 1127 3227 ἐκτὸς
1149 3162 1275 3217 ἰδεῖν
1308 3155 1501 3230 Ἀΐδην.

2023 2722 2202 2774 Acritae
2226 2722 2436 2786 Phoebo,
2467 2725 2743 2789 Bithynidis
2770 2728 2858 2790 qui
2880 2729 3067 2781 hancce
3091 2733 3300 2796 regionis

2081 2812 2441 2862 extremitatem
2456 2813 2703 2864 littoribus
2733 2815 2943 2867 vicinam
2970 2819 3188 2870 contines
3201 2859 3214 2881 ,

2022 2897 2187 2949 Damis
2213 2899 2440 2963 piscator,
2469 2901 2521 2949 in
2548 2916 2694 2953 arena
2718 2918 2871 2953 cornu
2894 2918 3087 2970 semper
3110 2907 3394 2974 infulcienS‚

2081 2985 2336 3037 defensum
2354 2989 2591 3041 muricem
2617 2991 2797 3041 nativis
2822 2994 3005 3045 aculeis

2022 3076 2187 3138 posuit
2212 3075 2417 3138 donum,
2448 3077 2687 3141 exiguum
2712 3080 2928 3143 quidem,
2950 3082 3168 3135 sedcum
3190 3086 3394 3150 pietate.
3415 3103 3595 3152 senex.

2082 3166 2387 3226 precatus-ut
2403 3165 2507 3215 sine
2532 3166 2716 3217 morbis
2740 3167 2905 3219 videat
2922 3173 3122 3222 Orcum.

787 1872 928 1924 229.
975 1864 1485 1925 κΡιΝΑιόΡοΥ.
1970 1819 1984 2598 γ
2526 1861 2633 1908 229.
2676 1858 3075 1966 cmmconAE.

1975 3224 1983 3357 !

848 3308 983 3360 2³1.
1026 3297 1435 3357 ΦΙΛΙΠΠΟΥ.
2580 3309 2683 3357 231.
2718 3308 3007 3361 PHILIPPI.

373 3439 643 3516 Αἰγύπτου
669 3437 930 3517 μεδέουσα
961 3437 1345 3515 μελαμὸὡλου,
1373 3435 1660 3494 λινόπεπλε

453 3530 666 3606 δαῖμον,
696 3530 779 3587 ἐπ’
808 3526 1030 3606 εὖῖἐρους
1061 3529 1181 3606 βῆθι
1209 3522 1522 3596 θυηπολίας.

374 3615 470 3677 Σοὶ
491 3615 592 3698 γὰρ
610 3616 741 3699 ὑπὲρ
759 3616 1024 3696 σχιδάκων
1046 3614 1276 3694 λαγαρὸν
1297 3612 1612 3687 ποπάνευμα
1638 3606 1928 3688 πρόκειται,

449 3708 542 3766 καὶ
569 3706 749 3765 πολιὸν
777 3708 954 3785 χηνῶν
984 3708 1158 3781 ζεῦγος
1187 3699 1500 3781 ἔνυδροὸίων
1523 3744 1543 3775 ,

371 3793 462 3851 καὶ
493 3791 678 3872 νάρδος
703 3792 923 3874 ψαφαρὴ
954 3790 1271 3871 κεγχρίτισιν
1301 3787 1508 3868 ἰσχάσιν
1533 3787 1668 3865 ἀμφὶ
1686 3830 1702 3858 ,

451 3879 543 3938 καὶ
572 3882 810 3961 σταφυλὴ
838 3880 1026 3961 γραίη,
1049 3882 1132 3960 χώ
1164 3879 1442 3955 μελίπνους
1468 3878 1696 3947 λίὸανος.

371 3970 439 4027 Εἰ
467 3968 513 4026 δ’
539 3972 607 4035 ὣς
636 3970 696 4027 ἐκ
722 3970 975 4043 πελάγους
1002 3969 1227 4049 ἐῤῥύσαο
1248 3971 1445 4045 Δᾶμιν,
1477 3965 1679 4024 ἄνασσα
1695 4009 1713 4041 ,

450 4057 559 4127 κήκ
581 4055 792 4129 πενίης,
820 4055 967 4115 θύσει
995 4055 1328 4136 χρυσόκερων
1357 4054 1585 4130 κεμάδα.

809 4210 947 4264 232.
993 4202 1494 4264 ΚΡΙΝΑΓΟΡΟΥ.

2020 3446 2213 3511 AEgypti
2240 3446 2485 3511 regnatrix
2501 3448 2847 3513 nigrae-glebas
2863 3489 2876 3511 ‚
2906 3452 3107 3517 linigera

2082 3538 2201 3596 Dea,
2228 3534 2292 3584 ad
2308 3534 2507 3599 rite-pia
2524 3536 2636 3586 veni
2653 3538 2904 3589 sacrificia.

2020 3620 2129 3671 Tibi
2151 3622 2280 3671 enim
2298 3635 2447 3683 super
2464 3623 2645 3673 assulis
2668 3627 2821 3675 tenue
2852 3640 3103 3689 popanum
3126 3634 3330 3693 prostat.

2083 3711 2135 3760 et
2153 3722 2331 3759 canum
2352 3723 2581 3760 anserum
2600 3724 2687 3774 par
2710 3713 3072 3781 undicolarum,

2025 3798 2078 3848 et
2102 3796 2285 3846 nardus
2308 3796 2444 3847 arida
2466 3798 2679 3850 mfliares
2700 3801 2884 3852 caricas
2910 3804 3063 3865 circa,

2082 3886 2133 3936 et
2152 3898 2251 3934 uva
2273 3898 2419 3948 anuS,
2444 3889 2495 3937 et
2520 3889 2923 3941 suave-redolens
2945 3893 3078 3944 thuS.

2020 3972 2069 4022 si
2094 3986 2211 4023 vero
2235 3975 2293 4022 ut
2318 3986 2379 4022 ex
2406 3974 2528 4023 mari
2547 3977 2751 4026 servasti
2776 3980 2968 4042 Damin,
3000 3980 3218 4045 (lomina,
3246 3985 3586 4049 [hinnuleum.

2082 4061 2133 4110 et
2164 4073 2221 4109 ex
2246 4064 2533 4125 paupertate
2574 4064 2834 4127 servabis,
2872 4068 3106 4118 mactabit
3144 4071 3589 4129 cornibus-auratis

2526 4206 2633 4251 232.
2669 4203 3059 4254 cmNAGORAE.

376 4340 600 4421 Βότρυες
625 4342 1012 4417 οἰνοπὲπαντοι,
1043 4342 1337 4423 ἒῦσχίστοιό
1363 4364 1420 4400 τε
1451 4342 1592 4419 ῥοιῆς
2022 4342 2143 4389 Uvoe
2165 4339 2678 4405 vino-maturo-plenae,
2706 4346 2757 4394 et
2778 4345 3008 4397 multifidi
3034 4348 3328 4419 mali-punici

452 4427 762 4509 θρύμματα,
791 4432 882 4489 καὶ
908 4430 1080 4500 ξανθοὶ
1112 4432 1292 4504 μυελοὶ
1317 4432 1377 4489 ἐκ
1405 4426 1717 4504 στροὸίλων,
2084 4427 2267 4488 frusta,
2294 4431 2343 4478 et
2364 4428 2503 4478 flavae
2526 4430 2753 4480 medullio
2776 4431 2837 4481 de
2864 4434 3103 4497 strobilis,

374 4516 466 4575 καὶ
492 4517 657 4577 δειλαὶ
687 4518 961 4579 δάκνεσθαι
991 4518 1289 4597 ἀμυγδάλαι
1306 4564 1323 4595 ,
1351 4516 1386 4588 ἥ
1415 4538 1472 4573 τε
1504 4514 1766 4589 μελισσῶν
2020 4517 2073 4571 et
2098 4518 2375 4566 metuentes
2401 4516 2613 4568 morderi
2640 4519 2933 4583 amygdalae,
2964 4526 3113 4587 atque
3136 4538 3281 4587 apum

455 4603 719 4686 ιίμὸροσίη
738 4652 756 4686 ,
786 4606 978 4667 πυκναί
999 4609 1045 4665 τ’
1075 4606 1290 4688 ἷτρινέαι
1315 4604 1572 4676 ποπάδες,
1970 4549 1981 4645 l
2084 4602 2351 4667 ambroffll·
2379 4604 2701 4671 Plffl'imaeque
2724 4610 2983 4660 sesamiflae
3007 4612 3264 4675 ΡῙὸὓθΠίᾶἓι

2088 4760 2163 4808 Ad
2186 4760 2394 4809 cultrum
2420 4760 2639 4812 dominus
2662 4780 2760 4812 non
2785 4776 2921 4815 vocat
2946 4768 3067 4818 Alco
3092 4770 3259 4819 bovem
3292 4786 3303 4819 :

2020 4845 2172 4894 Tanta
2196 4841 2297 4892 viro
2322 4853 2390 4893 est
2422 4859 2621 4910 operum
2642 4847 2929 4898 reverentia.
2960 4851 3113 4915 Mugit
3132 4851 3179 4901 in
3210 4853 3363 4907 herba

2088 4925 2200 4983 Ille,
2236 4940 2323 4974 nec
2348 4925 2396 4975 iu
2425 4927 2547 4976 collo
2574 4926 2695 4978 liber
2722 4939 2881 4980 aratra
2904 4930 3056 4982 timet.

836 4792 951 4840 228.
994 4807 1158 4840 nom
1187 4803 1474 4839 ammonis.

376 4906 622 4957 neressum
639 4908 772 4958 senio
794 4908 1037 4977 longisque
1053 4910 1298 4963 laboribus
1321 4916 1422 4967 arvi
