3829 5747
1340 217 1411 276 IN
1462 215 1709 275 CAPUT
1752 216 1877 276 VIII
1923 215 2378 276 ANNOTATIO.

3344 215 3460 272 549

326 353 471 400 XLII.
508 353 598 413 Ap.
622 351 801 398 Murat.
832 363 880 412 p.
907 352 999 405 90,
1024 347 1108 397 ubi
1140 347 1276 410 prius
1294 346 1542 398 distichon
1566 345 1817 410 sequentis
1856 360 1865 412 1
1907 365 1932 389 α
1957 346 2102 406 Quod
2127 347 2359 411 praestare
2395 347 2532 409 putat
2564 347 2666 394 Jac.
2708 343 2965 394 Genitivus
2993 341 3220 392 firmatur
3248 341 3357 392 loeo
3389 341 3459 391 ei-

265 419 537 470 Ietrastiehi
556 419 673 469 huic
703 433 781 484 ep.
806 418 1047 468 adhoeret.

1856 425 1862 458 ἱ
1904 417 2008 468 mili
2044 431 2123 480 ep.
2158 421 2233 466 71.
2271 435 2298 461 ι»
2320 419 2381 467 Β.

322 559 489 608 XLIII.
514 561 609 621 Ap.
645 560 823 608 Mutat.
844 571 893 621 p.
922 561 1000 608 90.
1020 582 1083 594 -
1106 561 1125 605 1
1156 561 1238 614 τῆς
1256 557 1307 606 δὲ
1330 556 1451 606 cod.
1474 583 1539 592 —
1556 565 1584 606 2
1603 557 1716 606 πόσι
1736 570 1812 620 ap.
1856 504 1863 594 2
1967 559 2071 607 Lu.
2106 561 2194 619 ΑῙ).
2218 559 2396 607 Murat.
2429 571 2477 620 p.
2503 561 2578 606 99.
2612 583 2672 592 ·—
2705 563 2720 606 1
2752 559 2879 612 λίπες
2902 557 3138 606 ποθέουσα
3174 553 3314 614 00d.;
3335 556 3463 612 λίπες

260 630 409 688 Mun,
439 629 525 692 qui
558 629 709 679 vertit
741 629 889 692 apud
917 629 1210 689 conjuqem.
1254 628 1383 677 Infra
1416 641 1494 690 ep.
1522 633 1582 678 50
1612 644 1625 675 ι
1662 630 1816 688 άγνοῐς
1856 601 1861 649 ¹

1856 703 1861 719 ¹
1906 704 1952 746 2.
1969 719 1990 738 «ι
2017 699 2218 761 Ἀὅραὰμ
2233 698 2438 754 κόλπων,
2461 711 2508 746 v.
2525 699 2626 747 not.
2645 697 2708 746 ad
2725 711 2802 759 ep.
2831 701 2935 748 148.
2951 717 2976 739 v·
2993 699 3054 747 B.
3072 727 3134 738 —
3152 700 3180 745 4
3199 702 3298 752 νηῶ
3317 694 3462 758 eod.;

260 700 388 758 παρὰ
416 701 561 749 ποσσὶ
600 701 841 762 τραπέζης.
877 726 941 735 -
965 704 994 749 3
1034 699 1283 760 μεγακ).ἑο;
1313 699 1453 756 cod..
1490 700 1698 748 alterum
1733 711 1812 761 ap.

258 771 387 820 Mur.
418 797 483 806 —
509 775 537 821 4
570 771 701 828 τοίην
730 788 809 834 μοι
834 784 911 833 ap.
952 772 1102 828 Marx,
1129 771 1261 819 τοίαν
1291 789 1371 831 μοι
1412 770 1627 830 Jacobs„
1664 789 1689 812 «ι
1720 769 1815 820 nisi

258 841 395 961 {gii-ga
409 842 669 962 {orelam-ius
695 859 753 890 αν
779 841 1019 904 corripere
1043 853 1193 889 ausus
1217 843 1297 890 est
1326 855 1378 898 »ς
1409 840 1541 902 quod
1567 843 1700 890 recte
1725 840 1811 891 ad·

319 1055 487 1102 xuv.
524 1057 615 1117 Ap.
644 1054 825 1104 Murat.
857 1065 907 1117 p.
955 1057 1035 1104 97.
1077 1078 1140 1088 -
1172 1057 1191 1101 1
1236 1052 1408 1109 Νὸννηι
1436 1053 1465 1109 ἢ
1494 1052 1650 1116 δάκρυ’
1690 1053 1816 1116 (pro

258 1125 339 1172 καὶ
370 1124 411 1173 ὃ.
432 1126 447 1182 )
472 1123 787 1188 probabiliter
812 1123 1008 1186 corrigit
1044 1123 1148 1170 sac.
1177 1147 1237 1157 -
1268 1127 1297 1172 3
1322 1123 1369 1171 ἐν
1392 1122 1431 1171 δ’
1452 1120 1572 1171 Cod.
1591 1124 1641 1170 et
1664 1124 1813 1184 Mun,

258 1205 382 1242 corr.
412 1192 518 1242 Jac.
538 1219 603 1229 —
628 1197 674 1242 4.
696 1212 721 1236 α
741 1191 801 1242 Ni
828 1192 959 1254 legas
974 1192 1056 1241 τόν
1070 1191 1115 1252 γ’
1140 1193 1207 1240 ἔτι
1231 1204 1259 1240 e
1291 1191 1501 1240 Jacobsii
1518 1192 1813 1254 conjectura,

256 1260 635 1324 confugiendum
667 1261 762 1311 erit
786 1260 848 1310 ad
874 1261 1073 1324 liquidae
1098 1259 1199 1309 vim
1226 1273 1359 1319 eam,
1383 1263 1440 1310 ut
1465 1261 1816 1324 pronuncietur

262 1333 369 1379 τὸνν
396 1333 496 1392 ἑτι,
522 1345 633 1394 quaa
655 1331 705 1380 in
732 1331 855 1382 locis
882 1330 1143 1381 meliorum
1182 1333 1435 1393 poetarum
1462 1330 1665 1382 obtinet.
1696 1334 1816 1380 Haec

258 1402 341 1450 iila
370 1401 497 1451 ratio
512 1401 669 1466 magis
691 1402 867 1465 placet.
897 1402 1039 1452 cons.
1074 1415 1154 1464 ep.
1177 1405 1256 1460 78,
1282 1407 1323 1450 1.
1347 1421 1371 1445 ι-
1396 1403 1454 1450 B.

318 1545 463 1593 XLV.
499 1547 589 1607 Ap.
609 1547 789 1596 Murat.
810 1559 859 1608 p.
884 1551 962 1598 98.
986 1572 1039 1582 -
1066 1552 1095 1596 3
1115 1547 1342 1612 εὐχομένη
1366 1561 1443 1610 ap.
1465 1550 1615 1606 Mum
1637 1550 1735 1611 ἱερὴ
1758 1565 1809 1597 π.

256 1615 453 1674 τραπίζη
481 1613 601 1662 Cod.
635 1642 696 1655 -·
723 1618 752 1664 4
772 1615 953 1671 εὐσεὸἑς
973 1614 1116 1673 Cod.;
1138 1619 1271 1666 recte
1298 1629 1376 1679 ap.
1406 1618 1533 1666 Mur.

318 1761 491 1810 XLVI.
527 1765 616 1822 Ap.
646 1765 824 1813 Murat.
866 1779 914 1828 p.
962 1769 1039 1816 98.
1079 1793 1140 1803 -
1168 1771 1215 1818 4.
1258 1786 1281 1809 «ε
1324 1766 1503 1816 Ultima
1547 1766 1694 1830 hujus
1723 1780 1801 1830 ep.

254 1829 405 1878 verba
448 1829 573 1880 mihi
603 1831 815 1882 obscura
848 1833 1095 1884 videntur.
1146 1855 1170 1878 ι»
1217 1839 1335 1887 Jac.
1378 1836 1531 1886 Boiss.
1562 1837 1612 1886 in
1652 1835 1813 1887 latinis

255 1920 277 1940 u
314 1900 525 1950 cadaver
558 1904 715 1966 pium
754 1923 779 1946 ιι
798 1939 813 1963 ,
844 1905 905 1953 ut
950 1905 1262 1970 participium
1308 1907 1373 1956 sit
1414 1908 1659 1956 εὐσεδέων.
1698 1910 1808 1964 Quo

252 1970 467 2020 solvitur
490 1971 668 2022 nodus.
688 1975 794 2022 Non
822 1972 1138 2036 probabiliter
1155 1977 1263 2025 Jac.
1298 1976 1518 2026 tentabat
1551 1993 1563 2024 :

374 2113 443 2168 ri:
460 2111 636 2162 πλάσιν
652 2114 749 2176 (vel
766 2117 954 2178 πλάσει)
974 2117 1227 2180 εὐχομένης
1238 2118 1295 2166 N.
1313 2115 1459 2166 τύπον
1472 2130 1483 2142 ·
1497 2119 1560 2173 ὡς
1580 2117 1655 2165 ἐπὶ
1673 2116 1809 2178 δηρὸν

438 2183 594 2239 ἤθελεν
620 2184 653 2232 ἄ
667 2203 693 2231 ν
704 2199 733 2233 τ
746 2200 777 2234 α
805 2188 954 2249 μένειν
977 2189 1069 2236 καὶ,
1082 2191 1211 2243 νέκυς
1233 2189 1484 2246 εὐσεὸἑων,

252 2345 277 2369 ι
309 2328 369 2376 in
412 2332 685 2391 conspectu
722 2331 959 2394 piorum.
997 2334 1103 2381 Hoc
1147 2331 1318 2394 fieret,
1366 2332 1406 2382 si
1438 2333 1545 2383 alioe
1578 2333 1810 2383 mulieres

250 2397 435 2446 Nonnae
458 2399 702 2461 precantis
728 2399 937 2464 speciem
961 2402 1328 2462 aemularentur,
1352 2405 1393 2452 εί
1412 2406 1670 2453 πλασαιντο
1697 2405 1810 2454 Νον-

252 2483 333 2522 νης
352 2467 605 2531 εὐχομένης
621 2469 784 2519 τύπον.
808 2491 833 2516 υ

310 2606 507 2655 XLVII.
536 2608 627 2668 Ap.
652 2606 834 2656 Murat.
858 2621 906 2670 p.
928 2611 1005 2656 98.
1037 2633 1100 2644 -
1131 2613 1147 2657 1
1184 2609 1411 2672 εὐχομένη
1441 2609 1576 2668 νόννη
1602 2609 1721 2660 Cod.
1749 2636 1809 2644 —

250 2677 277 2722 4
308 2675 640 2737 ἐπιλισσομὲνη
658 2689 738 2739 ap.
759 2679 889 2727 Mur.

311 2828 531 2878 XLVUI·
565 2829 865 2891 Ap.Murat.
893 2843 945 2893 p.
982 2834 1084 2881 100.
1118 2855 1178 2866 -
1212 2834 1229 2880 1
1264 2831 1467 2892 εὐγένεος
1490 2829 1601 2881 cod.
1629 2830 1803 2881 Medic.

254 2914 277 2937 a
308 2898 427 2957 Σάρξ
447 2900 599 2960 ἱερῆος
631 2897 786 2949 schol.
807 2912 885 2962 ap.
912 2902 1041 2950 Mur.
1073 2900 1271 2964 exponit
1288 2895 1673 2968 σύζυγοςῑερέως.
1698 2925 1721 2946 n
1746 2907 1806 2953 B.

249 2991 311 3001 —
337 2970 366 3016 3
394 2967 624 3016 ἐκείνωσα
656 2971 708 3017 et
726 2970 925 3033 ἑσχατον
954 2969 1058 3033 [sic
1076 2970 1095 3035 ]
1114 2972 1233 3021 Cod.
1262 2972 1399 3022 Idem
1426 2986 1475 3021 v.
1503 2976 1552 3035 4,
1585 2976 1643 3023 ut
1668 2974 1804 3024 ride-

250 3038 348 3097 tur,
375 3037 619 3099 γηραλὲην.

310 3175 475 3224 xux.
510 3179 601 3239 Ap.
632 3178 811 3227 Μαι-111.
838 3192 886 3241 p.
914 3183 1018 3229 101.
1040 3206 1102 3215 —
1155 3180 1330 3237 ιὴὶίαν
1360 3180 1504 3243 Cod.,
1536 3183 1594 3232 ut
1621 3180 1809 3245 antiqui

254 3243 356 3293 libri
390 3248 607 3295 patrum.
638 3265 663 3291 α
695 3249 949 3311 Proprium
986 3252 1063 3299 eat
1090 3252 1311 3313 μετέθηκε
1337 3250 1400 3300 de
1431 3250 1597 3301 Enoch
1630 3254 1803 3303 Genea.

256 3317 309 3374 V,
330 3320 387 3364 24
424 3333 434 3363 :
469 3319 717 3377 μετέθηκεν
748 3319 887 3368 αὐτὸν
926 3322 951 3369 ὁ
971 3322 1087 3375 θεὸς.
1118 3322 1317 3383 Gregor.
1352 3324 1466 3370 Naz.
1494 3324 1530 3371 t.
1569 3323 1701 3386 11,p.
1724 3328 1804 3384 47,

252 3385 353 3445 pari
400 3385 541 3435 initio
582 3399 803 3437 versus:
848 3390 1011 3447 Πίστις
1040 3393 1198 3453 Ἑνὼχ
1241 3394 1476 3453 μετέθηκε.
1512 3392 1647 3442 Idem
1689 3396 1729 3442 t.
1764 3396 1805 3455 1,

250 3470 298 3517 p.
326 3460 421 3507 36⁶
453 3477 466 3507 :
506 3458 657 3521 Ἐνὼχ
683 3462 900 3519 μετετέθη
936 3467 1100 3525 μικρᾶς
1132 3462 1369 3519 εὐσεὸείας
1400 3464 1535 3511 ἆθιον
1564 3464 1807 3527 εὑράμενος

249 3528 331 3583 τὴν
380 3527 644 3588 μετάθεσιν.
694 3530 833 3579 conf.
886 3532 1075 3582 psellus
1118 3534 1259 3581 Orac.
1316 3546 1365 3595 p.
1412 3536 1490 3583 57.
1533 3533 1656 3585 vide
1699 3548 1811 3584 mea

250 3595 432 3645 Aneed.
453 3598 491 3646 t.
521 3599 610 3660 ΙΙΙ,
638 3613 686 3662 p.
718 3603 797 3650 48.
830 3600 903 3651 lbi
926 3602 1197 3666 junguntur
1220 3601 1365 3652 etiam
1396 3601 1559 3652 Enoch
1590 3608 1641 3653 et
1660 3604 1804 3653 Elias,

252 3668 373 3721 Quae
410 3665 661 3717 nominum
699 3670 907 3721 societas
940 3672 1167 3735 frequens
1200 3672 1253 3721 iu
1295 3672 1431 3722 libris
1462 3675 1673 3723 Patrum.
1704 3677 1806 3723 Ire·

252 3748 387 3785 naeus
412 3736 535 3786 Λᾶν.
570 3738 745 3789 Iiaeres.
778 3743 839 3801 V,
871 3754 913 3792 c.
937 3746 983 3801 5,
1007 3757 1055 3806 p.
1079 3746 1171 3792 404
1192 3760 1205 3790 ι
1228 3744 1382 3805 Ἑνὼχ
1412 3744 1721 3807 εὗαρεστήσας
1738 3750 1807 3807 τῷ

252 3808 340 3867 θεῷ
360 3808 409 3855 lv
431 3809 615 3867 σώματι
638 3812 852 3871 μετετέθη
869 3848 882 3873 ,
905 3814 987 3870 τὴν
1012 3814 1255 3875 μετάθεσιν
1278 3819 1371 3861 τῶν
1400 3814 1594 3863 δικαίων
1622 3831 1803 3877 προμη-

252 3876 396 3923 νύων·
430 3878 509 3925 καὶ
536 3878 725 3939 Ἠλίας,
762 3884 823 3935 ὡς
856 3881 912 3941 ἦν
940 3883 987 3929 ἐν
1021 3888 1078 3945 τῇ
1110 3888 1195 3932 τοῦ
1219 3884 1489 3947 πλάσματος
1515 3884 1772 3933 ὑποστάσει
1790 3922 1803 3947 ,

252 3945 502 4005 ἀνελήιθη,
538 3949 621 4005 τὴν
654 3948 883 4011 ἀνάληψιν
912 3956 1004 3999 τῶν
1032 3958 1359 4013 πνευματικῶν
1384 3956 1699 4016 προφητεύων.
1732 3956 1807 4005 lbi

252 4014 551 4075 Ferardent.,
579 4030 727 4079 quem
746 4018 859 4069 vide
876 4023 995 4082 etp.
1026 4026 1135 4071 405.
1170 4020 1309 4073 Adde
1330 4022 1577 4086 Dartignyi
1600 4027 1803 4074 Memor.

250 4087 285 4133 t.
313 4088 353 4143 Ι,
388 4098 438 4147 p.
476 4090 581 4137 128.
612 4088 829 4137 Tenuavi
863 4103 1039 4141 nomen
1074 4092 1269 4152 Ἠλίαν,
1312 4094 1371 4141 ut
1408 4096 1485 4141 est
1528 4096 1659 4143 recte
1693 4095 1807 4144 scri-

250 4157 387 4215 ptum
414 4153 465 4203 in
483 4166 647 4219 apogr.
676 4160 727 4205 et
758 4170 789 4207 a
807 4160 1095 4210 Muratorio.
1116 4164 1176 4211 Et
1208 4162 1280 4211 sic
1305 4176 1382 4225 ep.
1408 4166 1485 4213 59.
1515 4166 1571 4213 In
1596 4168 1805 4229 utroque

250 4223 355 4273 ioco
386 4224 649 4275 secundam
677 4225 911 4289 syllabam
938 4231 1177 4294 corripuit
1202 4232 1660 4297 Gregoriua,quam
1690 4250 1801 4299 pro-

249 4292 389 4343 duxit
414 4296 451 4343 t.
475 4296 543 4355 II,
574 4308 622 4359 p.
645 4302 673 4345 5
696 4312 707 4343 :
734 4296 898 4346 Ἠλίαν
927 4300 1058 4362 εἶχον
1078 4303 1125 4349 ἐν
1152 4302 1277 4365 λόγῳ
1306 4304 1385 4352 τὸν
1413 4304 1658 4362 Θεσὸἰτην.
1694 4326 1718 4349 »
1738 4310 1801 4357 B.

249 4388 307 4397 —
335 4370 365 4413 3
389 4364 728 4428 ἀναιμάκτῃσιν
747 4367 856 4416 ood.
891 4370 1046 4420 Paris.
1070 4398 1129 4408 —
1158 4376 1206 4422 4.
1235 4373 1398 4423 501101.
1420 4385 1500 4437 81).
1538 4376 1664 4424 Mur.
1688 4397 1701 4425 ι
1732 4377 1803 4426 ἐν·

247 4434 403 4483 τεῦθεν
429 4436 517 4497 γὰρ
542 4437 833 4499 τελουμένων
855 4444 947 4487 τῶν
980 4440 1152 4489 θυσιῶν
1180 4443 1353 4501 ἀνέπτη
1370 4444 1484 4506 πρὸς
1502 4445 1709 4507 οὐρανόν.

306 4579 359 4626 1..
397 4581 487 4643 Ap.
516 4581 694 4629 Mutat.
730 4594 779 4645 p.
816 4586 917 4632 102.
948 4590 1051 4634 -1
1089 4586 1218 4645 ἀνείη
1247 4586 1369 4637 cod.
1400 4606 1425 4629 «
1458 4590 1493 4637 Γ
1496 4594 1607 4652 ἤρας
1627 4590 1805 4650 ὀμοίίον

249 4648 455 4707 pessime
504 4648 721 4700 reddidit
778 4653 1077 4703 muratorius
1125 4660 1358 4708 senectus
1393 4658 1533 4707 alter
1574 4660 1801 4710 morbus.

248 4716 451 4836 fflaeg'a:
480 4719 780 4837 ἆνὲρώπινον,
810 4720 950 4771 bene.
988 4726 1075 4773 ssst
1109 4731 1251 4790 γῆρας
1286 4726 1464 4788 ὁμοίϊον
1494 4726 1678 4777 locutio
1712 4728 1801 4778 ho·

431 4825 441 4835 .
470 4807 493 4830 ὓ
570 4825 582 4836 .

276 4996 392 5046 tiam
416 4998 465 5047 in
492 5000 707 5064 antiquie
725 5005 923 5052 Patrum
942 5004 1097 5055 libris.
1133 5034 1179 5043 --
1200 5012 1225 5055 4
1251 5008 1473 5069 εὐχωλαῖς
1504 5008 1613 5057 cod.
1650 5011 1800 5059 Paris,

1903 630 1934 686 ἡ
1966 631 2056 676 ποθ
2112 641 2190 691 ap.
2241 631 2442 687 murat„
2483 627 2618 690 quod
2659 627 2845 691 recepit
2887 627 3068 686 BoIss.;
3109 626 3140 686 ἦ
3169 625 3363 676 Jacobs.
3400 653 3464 662 --

1902 773 2014 825 νηοῦ
2035 781 2113 830 ap.
2144 771 2290 828 Mur„
2312 767 2445 830 quod
2470 781 2646 818 verum
2675 767 2902 826 videtum
2931 773 3056 825 νηῶν
3091 769 3196 816 Jac.
3227 769 3280 816 et
3304 765 3460 816 BoisS.

1903 863 1966 874 —
1991 843 2020 886 5
2057 841 2187 900 μόγις
2215 839 2298 900 μὲν
2342 852 2418 901 ap.
2457 842 2578 886 Mur.
2621 857 2644 880 «ι
2679 837 2808 887 Illud
2851 849 3030 886 nomen
3065 838 3202 900 μόγοι
3232 835 3465 900 Gregorio

1904 907 2095 957 reddidi
2139 921 2202 957 ex
2245 907 2412 957 codiee
2428 947 2439 966 ,
2495 911 2598 957 not.
2647 913 2677 956 6
2729 907 2791 956 ad
2835 907 2991 970 Epist.
3043 914 3102 957 55
3153 905 3461 966 Philostrati,

1904 991 1955 1040 p.
1983 983 2087 1028 153.
2113 999 2134 1020 υ
2163 981 2223 1028 B.
2249 981 2352 1027 Non
2371 977 2542 1028 dubito
2566 977 2685 1041 quin
2711 991 2894 1027 novum
2917 978 3011 1027 hoe
3035 977 3098 1028 sit
3123 977 3460 1038 tetrastichon,

1905 1061 1935 1096 a
1956 1047 2116 1110 priore
2137 1047 2479 1110 separandum.
2515 1051 2575 1099 Et
2595 1048 2836 1110 separavi.
2855 1076 2917 1086 -
2946 1053 2972 1098 7
2999 1049 3212 1108 τελευτὴν
3231 1061 3310 1111 ap.
3332 1050 3444 1099 Mur

1912 1147 1966 1158 -
1994 1124 2022 1169 8
2041 1120 2261 1182 εὑρομένη
2290 1133 2368 1182 ap.
2407 1121 2534 1168 Mur.

1965 1255 2092 1303 LIII.
2138 1255 2337 1303 Lemma
2387 1269 2398 1296 τ
2441 1253 2620 1316 ήρωῑκὰ
2678 1255 2740 1308 εἰς
2798 1255 2881 1312 τὴν
2933 1255 3094 1310 αὐτήν.
3145 1254 3234 1317 Ap.
3279 1254 3460 1304 Mutat.

1902 1335 1954 1384 p.
1981 1325 2088 1382 103,
2104 1321 2188 1384 qui
2209 1321 2304 1370 hoc
2315 1335 2394 1385 ep.
2422 1321 2470 1371 in
2487 1321 2586 1372 duo
2600 1320 2784 1380 divisit,
2804 1321 3212 1385 probabiliter.—
3238 1327 3279 1371 1.
3299 1319 3460 1372 schol.

1904 1390 2014 1441 cod.
2055 1392 2280 1441 AmbroS.
2321 1409 2332 1439 z
2381 1394 2435 1441 τὸ
2473 1393 2724 1454 ὸμοοῦσιον
2767 1397 2895 1454 φῶς,
2932 1392 2984 1442 τὸ
3030 1393 3078 1441 ἓν
3121 1392 3201 1440 καὶ
3239 1391 3466 1453 ὁμότιμον

1903 1461 2138 1522 σὲὃοισμα.
2165 1487 2228 1497 --
2252 1467 2298 1510 5.
2326 1459 2480 1524 Ἁθέῳ,
2514 1461 2668 1511 schol.
2700 1461 2900 1525 ἀπίστῳ.
2928 1483 2950 1504 ¹«
2981 1462 3196 1512 Eandem
3226 1460 3458 1512 severita-

1902 1531 2004 1578 tem
2053 1527 2104 1577 in
2149 1531 2305 1579 matre
2331 1529 2498 1580 laudat
2527 1533 2669 1593 Greg.
2706 1533 2844 1580 Orat.
2873 1533 3012 1590 xlx,
3040 1544 3089 1593 p.
3136 1533 3243 1590 292,
3273 1532 3311 1580 13
3355 1549 3369 1578 ι
3407 1532 3462 1579 τὸ

1904 1600 2087 1661 μήποτε
2104 1599 2253 1654 δεξιὰν
2273 1601 2552 1660 ἐμδληθῆναι
2573 1603 2602 1658 ἣ
2626 1601 2757 1663 χείλη
2780 1607 2967 1662 μιγῆναι
2993 1603 3149 1664 χερσὶν
3171 1603 3462 1658 Ἑλληνικαῖς

1905 1673 1936 1728 ἢ
1959 1671 2232 1734 laihaim...
2255 1669 2372 1719 ἀλλὰ
2392 1671 2510 1732 μηδὲ
2536 1672 2662 1720 ἀλῶν
2681 1677 2958 1730 κοιωνῆσαι.
2992 1691 3014 1716 ιι
3041 1675 3158 1722 Jac.
3181 1674 3242 1722 Et
3264 1674 3348 1720 Or.
3375 1672 3462 1732 xl,

1902 1753 1953 1802 p.
1992 1744 2076 1790 178
2107 1757 2119 1788 z
2146 1740 2211 1803 μὴ
2243 1741 2368 1789 ἁλῶν
2390 1755 2506 1789 ποτε
2534 1747 2816 1796 κοινωνῆσαι
2842 1748 2939 1797 τοῖς
2964 1742 3010 1798 l}
3029 1742 3252 1790 εἰδώλων.
3295 1742 3460 1791 Boi-3³.

1964 1879 2086 1928 LIV.
2121 1882 2212 1942 Ap.
2239 1879 2419 1928 Murat.
2439 1890 2487 1941 p.
2523 1883 2626 1928 105.
2654 1906 2714 1914 -
2744 1885 2772 1928 2
2798 1880 2998 1941 καθαρὸν
3021 1889 3098 1940 ap.
3120 1879 3256 1927 Mur.

1963 2017 2064 2065 Lv.
2100 2017 2300 2064 Lemma
2335 2029 2348 2058 ι
2399 2016 2553 2076 ἑλεγια
2600 2014 2736 2076 (sic)
2757 2015 2820 2070 εἷς
2845 2015 2930 2072 τὴν
2966 2013 3129 2072 αὐτήν.
3158 2016 3251 2076 Ap.
3277 2014 3458 2064 Mutat.

1899 2099 1951 2148 p.
1983 2091 2087 2135 105.
2121 2115 2179 2126 -
2209 2092 2235 2134 2
2272 2087 2514 2148 οἰχομένης
2555 2085 2666 2135 eod.
2707 2083 2861 2134 Paris·
2898 2097 2976 2147 ap.
3018 2086 3168 2144 Mum
3208 2084 3461 2147 εὐχομένης

1900 2154 2044 2216 cod.;
2064 2156 2314 2218 εὐχομένης
2333 2156 2375 2204 δ’
2393 2154 2567 2205 Medic.
2597 2181 2656 2192 ·—
2683 2160 2712 2205 3
2731 2156 2954 2218 ἐγρομένη
2977 2152 3099 2204 eod.
3121 2156 3174 2204 et
3202 2153 3302 2214 ed„
3327 2153 3460 2217 quod

1899 2224 1949 2273 in
1971 2225 2144 2287 graecis
2173 2237 2271 2274 non
2301 2225 2460 2289 tetIgit
2482 2225 2662 2286 Beier„
2704 2227 2942 2275 annotans
2966 2245 2978 2274 ι
3002 2243 3026 2267 «ι
3055 2226 3178 2274 Sunt
3198 2224 3462 2274 varietates

1899 2295 2123 2357 ἐργομένη
2155 2295 2568 2360 [typographico,
2609 2299 2670 2346 ut
2707 2295 2923 2354 videtur,
2970 2294 3092 2345 vitio
3135 2308 3215 2359 ap.
3240 2296 3395 2346 ‚Mun
3421 2293 3458 2358 ],

1899 2366 2153 2427 ἐρχομένην
2175 2361 2300 2428 [ίργ.
2321 2378 2349 2414 e
2377 2364 2485 2414 ood.
2515 2365 2663 2415 Paris.
2682 2365 2890 2414 affertur
2903 2363 2942 2428 J.
2973 2364 3153 2428 Scripsi
3180 2364 3460 2428 ιὲρχομὲνη.

1898 2434 2072 2483 Anima
2099 2437 2323 2498 οἰχομένη
2361 2447 2538 2485 rursus
2567 2435 2748 2486 veniet.
2772 2455 2798 2480 n
2832 2435 3111 2498 Legebatur
3142 2435 3307 2498 ἀέρθη,
3327 2433 3460 2498 quod

1897 2505 2004 2553 Jac.
2032 2505 2244 2567 explicat
2281 2522 2294 2554 ι
2326 2507 2548 2569 ἐγρομένη
2585 2507 2634 2554 ἐν
2655 2510 2722 2569 τῷ
2748 2509 2849 2568 νηῷ
2877 2507 2981 2554 ὅθεν
3013 2506 3150 2568 ἀέρθη
3168 2542 3182 2566 ,
3215 2507 3267 2555 et
3299 2504 3458 2554 Boias.

1901 2577 2115 2624 veniens
2144 2578 2340 2640 purius
2367 2575 2511 2626 uvida
2537 2576 2750 2627 sublata
2791 2577 2884 2626 est.
2915 2575 3011 2626 Sed
3055 2576 3126 2626 ita
3159 2579 3460 2626 structuram

1898 2643 2043 2694 video
2059 2645 2260 2696 nuliam.
2282 2647 2446 2703 Quare
2461 2660 2574 2696 cum
2593 2645 2862 2696 MuratorIo
2879 2644 2996 2696 dedi
3012 2647 3166 2708 ἀερθῇ.
3194 2671 3258 2683 -
3275 2650 3306 2695 4
3332 2645 3460 2708 ἐφεσ·

1898 2717 2073 2777 σομένη
2109 2715 2256 2766 etiam
2287 2715 2398 2766 cod.
2427 2716 2603 2778 Paris.;
2637 2717 2930 2780 ὶφεσσαμὲνη
2965 2714 3164 2778 Medio„
3198 2715 3332 2779 quod
3350 2717 3456 2766 Jac.

1898 2785 1950 2835 in
1971 2789 2138 2837 nostro
2160 2787 2386 2851 exemplo
2406 2788 2589 2852 posuit.

1959 2927 2076 2975 LVI.
2116 2929 2206 2989 Ap.
2239 2928 2418 2976 Murat.
2461 2940 2508 2990 p.
2536 2930 2595 2977 92
2614 2964 2628 2989 ‚
2647 2924 2854 2989 iunctim
2885 2940 2998 2975 cum
3027 2929 3260 2989 sequente
3289 2939 3367 2991 ep.
3399 2951 3462 2963 —

1902 2998 1922 3043 1
1949 2996 2082 3051 ἀλλος
2101 3009 2182 3058 ap.-
2202 2996 2352 3054 Mum
2377 2997 2528 3057 ἁγνῶν
2547 2996 2691 3058 cod„
2721 3016 2745 3040 α
2780 2999 2838 3046 ut
2856 2996 2995 3046 solet.
3031 3017 3054 3041 υ

1960 3133 2106 3181 Lvn.
2161 3136 2252 3195 Ap.
2293 3132 2494 3193 Mutat„
2525 3130 2668 3187 ibid..
2702 3131 2788 3181 sed
2842 3130 2990 3181 tertio
3034 3142 3182 3181 versu
3233 3129 3456 3189 auctius,

1898 3202 2038 3264 cuius
2065 3201 2203 3251 loeus
2232 3214 2420 3251 vacuus
2452 3201 2668 3251 cernitur
2702 3201 2754 3250 in
2801 3200 2982 3249 Codice
3010 3204 3062 3250 et
3102 3199 3153 3248 in
3181 3197 3460 3263 apographo

1898 3275 2010 3323 Par.
2034 3298 2098 3308 —
2125 3277 2164 3321 1.
2194 3272 2468 3335 Legebatur
2486 3273 2526 3321 ὦ
2548 3289 2622 3321 στ.
2647 3271 2790 3321 conr.
2813 3271 2970 3322 Boiss.
2997 3271 3059 3321 ad
3088 3283 3163 3334 ep.
3188 3282 3312 3333 seq„
3332 3283 3381 3318 v.
3408 3274 3456 3320 3.

1898 3344 1956 3391 ln
1975 3342 2167 3405 egregio
2189 3342 2358 3391 codice
2380 3342 2657 3392 orationum
2682 3342 2930 3406 Gregorii,
2957 3355 3104 3404 quem
3126 3354 3237 3390 saec.
3271 3342 3330 3389 IX
3362 3342 3454 3389 Ba-

1897 3412 2038 3461 silius
2063 3412 2262 3462 Macedo
2285 3413 2551 3477 imperator
2587 3413 2896 3463 scribendum
2927 3412 3142 3471 curavit,
3167 3410 3261 3459 hoe
3280 3410 3454 3461 discri-

1896 3494 2011 3529 men
2034 3481 2289 3544 diligenter
2307 3481 2623 3532 observatum
2647 3482 2836 3532 videas,
2862 3508 2922 3518 -—
2951 3485 2980 3531 3
3013 3480 3212 3530 additus
3248 3493 3277 3529 a
3297 3480 3452 3529 Bolas.

1897 3553 1946 3599 et
1967 3562 1997 3599 a
2023 3552 2127 3599 Jao.
2153 3550 2204 3599 in
2221 3554 2387 3601 nostro
2412 3552 2650 3615 exemplo.

1958 3687 2129 3736 Lvlu.
2167 3688 2222 3735 ln
2265 3686 2386 3736 Cod.
2431 3686 2536 3736 sine
2583 3686 2811 3736 lemmate
2828 3724 2841 3745 ‚
2885 3686 3112 3749 junctum
3153 3698 3268 3735 eum
3303 3685 3452 3748 epigr.

1895 3756 2231 3818 praecedente,
2249 3758 2300 3806 et
2323 3756 2603 3806 adboerente
2627 3756 2785 3819 primo
2809 3768 2958 3805 versu
2989 3755 3239 3823 sequentis
3255 3793 3268 3815 ,
3287 3754 3356 3804 Ὠ
3375 3772 3456 3804 κα-

1896 3830 2035 3876 λοῦ...
2059 3831 2149 3889 Ap.
2177 3828 2356 3875 Murat.
2395 3840 2444 3889 p.
2475 3830 2580 3876 106.
2613 3844 2636 3868 τι
2667 3826 2896 3889 Dialogus
2915 3828 2992 3875 est
3017 3823 3200 3876 tumuli
3221 3826 3273 3873 et
3294 3824 3452 3875 viato-

1896 3896 1982 3945 ris.
2001 3923 2064 3933 -—
2091 3904 2110 3945 1
2137 3896 2274 3945 νόννα
2307 3896 2430 3945 Cod.
2464 3922 2528 3931 —
2557 3900 2604 3944 8.
2635 3894 2980 3959 Apographum
3015 3898 3123 3944 Par.
3151 3907 3209 3943 ae
3234 3897 3451 3944 Murato·

1894 3966 2026 4017 rium
2047 3971 2246 4017 secutus
2271 3966 2388 4015 huie
2408 3964 2746 4029 epigrammati
2764 3964 2964 4015 attribui
2985 3977 3182 4014 versum
3203 3963 3288 4029 qui
3308 3964 3456 4027 vulgo

1896 4037 2147 4100 sequentis
2178 4038 2367 4100 primus
2396 4039 2490 4086 est.
2530 4041 2602 4085 Ac
2627 4034 2799 4097 scripsi
2827 4036 2886 4095 ὢ,
2915 4038 2972 4085 ut
3007 4034 3334 4095 MuratoriuS,
3367 4047 3456 4098 pro

1896 4110 2097 4171 vngan
2117 4109 2176 4156 ὦ.
2201 4110 2264 4157 Et
2287 4106 2359 4155 sic
2378 4119 2456 4169 ep.
2477 4108 2555 4169 89,
2575 4108 2654 4166 90,
2681 4111 2788 4154 211.
2819 4124 2843 4148 n
2865 4107 2928 4154 B.

1961 4246 2082 4295 ΗΧ.
2117 4248 2209 4307 Ap.
2235 4245 2417 4294 Mutat.
2442 4258 2493 4307 p.
2518 4247 2626 4293 100.
2661 4268 2721 4279 -
2757 4246 2775 4291 1
2799 4243 2970 4305 ἅρματι
2999 4246 3049 4291 et
3070 4242 3197 4301 ἠλίας
3223 4240 3344 4290 Cod.

1959 4387 2052 4435 Lx.
2091 4388 2184 4447 Ap.
2226 4384 2406 4435 Murat.
2432 4397 2483 4447 p.
2523 4387 2632 4434 107.
2655 4410 2718 4421 -
2742 4389 2770 4432 2
2801 4384 2930 4438 ἵλαος
2950 4380 3093 4441 cod.,
3121 4400 3146 4425 ιι
3175 4382 3234 4429 ιιι
3253 4379 3395 4430 nolet.
3431 4399 3454 4423 υ

1898 4458 1956 4506 ln
1979 4455 2152 4505 eodem
2175 4455 2290 4504 hnic
2316 4454 2650 4519 epigrammati
2682 4452 2936 4503 cohaerent
2959 4451 3214 4515 sequentia
3245 4449 3376 4514 du03
3405 4450 3456 4499 in

1895 4526 2150 4576 Muratorii
2171 4524 2316 4575 codd.
2353 4526 2590 4589 sejuncta.

1958 4666 2077 4713 Lxl.
2115 4669 2204 4726 Ap.
2241 4664 2487 4726 Μαι-1114).
2526 4666 2626 4712 107.
2653 4691 2710 4703 -
2749 4668 2785 4711 1.
2810 4660 2954 4711 Cous.
2975 4673 3058 4724 ep.
3086 4668 3164 4723 55,
3190 4665 3238 4711 3.

1961 4802 2102 4851 LXII.
2141 4804 2226 4863 Ap.
2267 4801 2447 4849 Μαι-111.
2485 4812 2534 4861 p.
2573 4802 2678 4847 107.
2709 4824 2764 4833 —-
2807 4806 2822 4846 1
2864 4796 2996 4857 νὸννη
3033 4798 3173 4859 Cod.;
3205 4798 3330 4861 εὐχὴ·
3346 4796 3454 4849 cod.

308 4929 383 4977 LI.
407 4934 499 4992 ΑΡ.
520 4931 701 4979 Murat.
726 4946 770 4995 Ρ.
812 4937 912 4982 102.
947 4941 1045 4983 ——i
1080 4938 1267 4999 ᾰὸράαμ
1286 4938 1407 4987 Cod.
1436 4939 1643 5001 Spu-11⁰⁸
1664 4955 1803 5004 asper
1844 4921 1851 4943 5
1898 4877 2049 4922 Paris.

1844 4952 1851 5070 ἰ
1965 5009 2128 5057 LXIII.
2168 5014 2254 5071 Ap.
2283 5010 2459 5057 Murai.
2487 5020 2530 5067 p.
2573 5012 2670 5055 Ios,
