3829 5747
318 2634 369 2671 10

429 250 545 307 3:33
1462 286 1479 298 ,
1524 247 2024 307 ANTHOLOGIAE
2069 246 2468 305 PALATINAE

417 379 530 437 ἀλλ’
555 379 639 437 ἐπὶ
659 380 1051 454 Θερμοπύλαισι
1080 378 1138 434 τὸ
1170 379 1419 454 Περσικὸν
1447 378 1582 445 ἔθνος
1610 379 1813 455 ἀμύνων

494 468 750 542 ε’δμᾶθης,
774 464 1010 542 πατέρων
1036 464 1277 537 ἁζόμενος
1304 464 1517 541 νόμιμα.

848 616 980 664 438.
1026 604 1506 668 ΔΑΜΑΓΗΤΟΥ.

416 742 583 803 Ὠλεο
611 742 672 813 δὴ
702 744 939 823 πατέρων
962 744 1083 823 περὶ
1108 742 1263 815 ληΐδα
1284 743 1375 802 καὶ
1398 743 1461 801 σὺ
1478 790 1497 817 ,
1526 743 1759 823 Μαχάτα
1776 788 1792 815 ,

496 830 675 907 δριμὺν
701 832 783 889 ἐπ’
810 832 1057 897 Αἰτωλοῖς
1083 831 1365 912 ἀντιφέρων
1387 832 1633 907 πόλεμον,

416 916 695 997 πρωθήὸας
710 941 723 954 ·
749 917 978 995 χαλεπὸν
1000 918 1099 995 γὰρ
1123 918 1385 996 Ἀχαιϊκὸν
1408 919 1568 996 ἄνδρα
1597 924 1780 990 νοῆσαι

496 1009 733 1082 ἄλκιμον,
758 1010 825 1072 εἰς
858 1004 1039 1065 πολιὰν
1068 1006 1202 1072 ὅστις
1232 1006 1399 1083 ἔμεινε
1424 1006 1598 1086 τρίχα.

868 1159 897 1206 4
910 1157 999 1205 39.
1043 1149 1492 1207 ΘΕΟΔΩΡΙΔΑ.

420 1282 577 1342 Οὕτω
602 1284 663 1353 δὴ
696 1284 889 1342 Πύλιον
918 1283 1005 1342 τὸν
1029 1282 1324 1363 Ἀγήνορος,
1345 1286 1521 1365 ἄκριτε
1550 1289 1721 1365 Μοῖρα
1740 1330 1755 1357 ,

496 1370 689 1450 πρώϊον
718 1370 768 1437 ἐξ
795 1371 927 1441 ἥὸας
952 1370 1157 1449 ἔθρισας
1180 1370 1425 1443 Αἰολέων,

422 1460 601 1533 Κῆρας
624 1457 970 1515 ἐπισσεύσασα
998 1456 1109 1532 βίου
1135 1458 1302 1523 κύνας.
1321 1448 1395 1517 ’Ὦ
1418 1458 1599 1531 πόποι,
1629 1461 1760 1536 ἀνὴρ

496 1538 593 1611 οἶος
622 1545 884 1625 ἄμειδήτῳ
913 1554 1079 1604 κεῖται
1110 1545 1246 1625 ἕλωρ
1274 1542 1415 1627 Ἀΐδῃ
1440 1550 1455 1607 !

654 1690 792 1773 440.
837 1682 1169 1741 ΛΕΩΝΙΔΑ
1209 1684 1709 1742 ΤΑΡΑΝΤΙΝΟΪ.

420 1814 621 1893 ἸΙρίον,
642 1808 745 1875 οἶον
767 1817 912 1876 νυκτὶ
940 1817 1340 1898 καταφθιμένοιο
1366 1818 1641 1887 καλύπτεις

496 1902 689 1976 ὀστέον,
710 1901 840 1974 οἵην,
862 1907 1001 1981 γαῖ’,
1024 1904 1316 1983 ἀμφέχανες
1342 1906 1571 1981 κεφαλήν
1590 1912 1602 1965 !

418 1990 606 2049 πολλὸν
635 1987 727 2066 μὲν
757 1990 1013 2058 ξανθαῖσιν
1038 1990 1382 2070 ἀρεσκομένου
1409 1993 1721 2071 Χαρίτεσσι,

500 2078 762 2136 πολλοῦ-δ’
786 2078 841 2134 ἐν
870 2078 1051 2157 μνήμῃ
1075 2088 1231 2137 πᾶσιν
1258 2078 1693 2158 Ἀριστοκράτεος.

417 2164 569 2249 ’ῌδει
597 2164 994 2245 Ἀριστοκράτης
1016 2168 1106 2224 καὶ
1135 2166 1346 2245 μείλιχα
1372 2167 1726 2245 δημολογῆσαι
1742 2214 1758 2238 ,

500 2255 791 2335 [στρεὸλὴν
816 2260 909 2316 οὐκ
930 2256 1087 2337 ὀφρὺν
1112 2259 1288 2323 ἐσθλὸς
1316 2258 1650 2336 ἐφελκόμενος
1667 2284 1679 2297 ·

418 2343 529 2422 ᾔδει
559 2344 649 2402 καὶ
679 2343 905 2423 Βάκχοιο
930 2342 1074 2421 παρὰ
1102 2348 1357 2423 κρητῆρος
1384 2346 1595 2422 ἅδηριν]

498 2433 662 2487 ἷθῧναι
688 2429 861 2502 κείνην
890 2428 1138 2488 εὗκύλικα
1165 2430 1368 2500 λαλιήν·

418 2518 531 2595 ᾔδει
558 2518 645 2576 καὶ
675 2516 876 2585 ξείνοισι
901 2519 987 2577 καὶ
1020 2517 1285 2593 ἐνδήμοισι
1308 2518 1569 2596 προσηνέσι

501 2606 685 2685 ἔρδειν.
711 2609 829 2666 Γαῖ’
848 2605 1034 2683 ἐρατὴ,
1058 2613 1193 2665 τοῖον
1221 2604 1356 2684 ἔχεις
1383 2605 1639 2685 φθίμενον.

880 2757 1015 2805 441.
1062 2744 1520 2803 ΑΡΧΙΛΟΧΟΥ.

422 2877 682 2958 Ὑψηλοὺς
701 2877 1005 2954 Μεγάτιμον
1034 2872 1441 2954 Ἆριστοφόωντᾶ
1467 2897 1525 2932 τε
1554 2872 1726 2940 Νάξου

500 2969 697 3040 κίονας,
723 2957 767 3026 ὦ
792 2969 993 3044 μεγάλη
1014 2967 1137 3046 γαῖ’,
1160 2965 1430 3046 ὑπένερθεν
1456 2965 1615 3044 ἔχεις.

876 3117 1010 3166 442.
1058 3105 1501 3166 ΣΙΜΩΝΙΔΟΥ.
1562 3161 1567 3166 .

424 3245 750 3323 Εὗθυμάχων
780 3245 973 3321 ἀνδρῶν
1004 3245 1349 3320 μνησώμεθα,
1380 3247 1482 3302 τῶν
1510 3243 1595 3301 ὅδε
1624 3243 1846 3320 τύμῧος,

501 3329 550 3389 οἳ
578 3332 725 3388 θάνον
754 3328 977 3405 εὔμηλον
1004 3330 1239 3408 ῥυόμενοι
1262 3330 1487 3408 Τεγέαν,

425 3417 682 3497 αἰχμηταὶ
708 3416 810 3494 πρὸ
839 3417 1062 3492 πόληος,
1087 3415 1173 3476 ἵνα
1203 3417 1347 3497 σφίσι
1378 3417 1451 3492 μὴ
1482 3416 1761 3490 καθέληται

503 3503 695 3570 Ἑλλὰς
719 3502 1067 3584 ἀποφθιμένου
1090 3502 1272 3582 κρατὸς
1296 3503 1602 3583 ἐλευθερίαν.

2041 387 2127 435 sed
2154 386 2282 449 apud
2306 385 2648 447 Thermopylas
2677 382 2914 432 Persicam
2938 385 3135 444 gentem
3156 382 3388 444 repellens

2101 474 2408 533 domitus-es,
2433 473 2624 535 patrum
2645 470 2883 520 reveritus
2907 468 3130 517 instituta
3181 471 3190 483 ‘

2551 614 2660 660 438.
2692 588 3063 659 DAMAGETAE.

2043 748 2230 798 periisti
2255 761 2369 797 sane
2395 751 2587 811 patrum
2606 746 2657 796 in
2682 745 2875 809 praediis
2895 748 2952 794 tu
2971 758 3186 807 quoque,
3206 743 3452 803 Machata,

2103 845 2212 883 acre
2236 832 2406 881 AEtolis
2423 844 2666 895 opponens
2692 834 2936 881 certamen
2953 867 2966 891 ,

2045 918 2496 982 in-prima-juventa
2518 939 2530 968 ι
2557 918 2756 968 difficile
2777 917 2904 967 enim
2925 920 2998 967 est
3021 916 3281 967 Achaicum
3311 916 3471 965 virum
3499 930 3606 964 eo·

2105 1007 2277 1056 sortem
2293 1043 2307 1067 ‚
2329 1006 2380 1055 in
2401 1019 2546 1056 canos
2567 1006 2652 1068 qui
2677 1004 2909 1054 manserit
2925 1004 3138 1067 capillos,
3415 1002 3606 1067 [git-‘nte

2529 1150 2636 1196 439.
2663 1147 3095 1195 THEODORIDAE.

2045 1289 2122 1337 Sic
2149 1301 2263 1337 sane
2285 1288 2472 1350 Pylium
2485 1287 2715 1350 Agenoris
2731 1286 2903 1347 filium,
2933 1285 3390 1335 nescia-discernere
3415 1288 3608 1345 Parca,

2106 1388 2273 1425 recens
2290 1388 2536 1437 egressum
2549 1375 2852 1437 pubertatem
2875 1373 3120 1423 messuisti
3141 1371 3536 1422 ex·AEolensibus
3555 1408 3576 1429 ,

2048 1465 2164 1511 Fata
2181 1462 2442 1511 immittens
2465 1462 2579 1511 vitae
2599 1474 2758 1511 canes.
2780 1463 2821 1509 Ο
2843 1460 2912 1509 dii
2927 1460 3247 1509 immortales!
3267 1459 3345 1507 vir

2107 1548 2261 1611 qualis
2285 1546 2610 1611 risus-experti
2623 1550 2753 1611 jacet
2773 1546 2934 1611 praeda
2951 1546 3170 1596 Plutoni!

2401 1692 2508 1737 440.
2541 1688 2828 1736 LEONJDAE
2861 1688 3209 1737 TARENTml.

2049 1828 2090 1874 Ο
2109 1827 2383 1888 sepulcrum
2397 1864 2410 1885 ‚
2437 1826 2582 1888 quale
2605 1825 2786 1875 mortui
2809 1828 2950 1875 nocte
2974 1824 3228 1874 abscondis

2107 1926 2164 1961 os
2176 1952 2189 1973 ‚
2209 1913 2349 1975 quale
2361 1951 2374 1974 ,
2393 1926 2424 1962 o
2441 1914 2588 1963 tellus
2602 1949 2616 1972 ,
2647 1910 3092 1963 hiatu-tuo-cinxisti
3111 1913 3256 1974 caput

2049 2001 2258 2050 multum
2287 2000 2484 2062 quidem
2509 2000 2646 2051 ssavis
2665 1999 2898 2063 placentis
2916 2000 3115 2060 Gratiis,

2108 2088 2344 2150 multique
2369 2088 2418 2138 in
2436 2089 2666 2138 memoria
2688 2088 2914 2137 omnibus
2942 2085 3260 2137 aristocratia.

2047 2178 2255 2225 Noverat
2274 2176 2590 2225 Aristocratcs
2615 2178 2664 2225 et
2689 2175 2834 2225 dulce
2862 2174 3158 2234 concionari,

2113 2263 2322 2325 [tortum
2351 2276 2448 2311 non
2472 2262 2782 2325 supercilium
2805 2262 2976 2311 nobilis
2995 2259 3438 2323 qui-contraherem

2048 2355 2246 2401 noverat
2264 2354 2312 2401 et
2329 2350 2503 2400 Bacchi
2531 2352 2662 2414 apud
2685 2355 2894 2401 crateras
2918 2350 3380 2413 &rixis-remotum]

2109 2452 2271 2501 regere
2291 2439 2424 2488 illum
2442 2439 2820 2502 aptum-poculis
2839 2452 3136 2497 sermonem;

2049 2529 2247 2575 noverat
2273 2529 2323 2575 et
2345 2526 2627 2591 iii-hospites
2644 2530 2693 2576 et
2712 2527 2843 2576 cives
2860 2526 3117 2589 benignum
3233 2500 3248 2529 ⁸

2113 2627 2362 2676 ste-gerere.
2386 2614 2550 2663 Tellus
2574 2614 2792 2663 amabilis
2805 2650 2818 2673 ,
2841 2614 2984 2664 talem
3005 2612 3156 2663 habes
3177 2618 3452 2665 mortuum.

2546 2758 2653 2804 441.
2688 2756 3085 2805 ARCHILOCHI.

2051 2897 2211 2944 celsos
2237 2893 2546 2956 Megatimum
2573 2893 3104 2957 Aristophoontemque,
3127 2893 3242 2943 Naxi

2111 2981 2358 3030 columnas
2371 3019 2382 3041 ‚
2404 2995 2434 3029 ο
2455 2993 2627 3043 magna
2642 2980 2790 3029 tellus
2803 3015 2818 3039 ,
2841 2977 3074 3028 ima-sede
3095 2977 3272 3028 habes!

2579 3120 2690 3167 442.
2721 3116 3056 3166 SlMONlms.

2052 3253 2596 3319 Adverse·pugnantium
2614 3254 2828 3304 virorum
2840 3255 3269 3313 simus-memores,
3287 3267 3502 3315 quorum
3521 3253 3618 3304 hic

2111 3343 2194 3404 qui
2217 3343 2438 3392 obierunt
2455 3355 2730 3406 pecorosam
2745 3341 3061 3391 defendentes
3087 3341 3307 3404 Tegeam,
3328 3340 3612 3403 [tumulus‚

2053 3430 2307 3479 bellatores
2332 3443 2420 3492 pro
2441 3429 2560 3478 urbe
2573 3467 2584 3489 ‚
2605 3443 2702 3492 quo
2725 3443 2786 3477 nc
2803 3429 2922 3492 ipsis
2943 3427 3150 3492 deripiat

2114 3517 2300 3566 Graecia
2322 3517 2383 3566 ab
2405 3517 2638 3566 exstincto
2661 3516 2816 3578 capite
2839 3515 3124 3565 libertatern.

424 3719 511 3768 Sed
533 3717 658 3766 cadis
672 3755 687 3779 ,
714 3716 889 3766 OEtaeis
911 3720 1073 3764 Persas
1090 3715 1202 3763 dnm
1230 3715 1441 3765 saucibus
1463 3732 1594 3766 arces
1610 3753 1625 3777 ,

492 3798 726 3862 Missaque
750 3813 835 3862 per
854 3797 1141 3862 multosjura
1158 3799 1303 3846 tueris
1328 3814 1455 3847 aros.

976 3907 1103 3960 ¹638.
1142 3923 1404 3955 narsaeus.

427 4017 497 4061 Tu
522 4027 711 4077 quoque
734 4011 867 4066 dum,
897 4010 1108 4076 patribus
1134 4027 1239 4075 quae
1256 4010 1383 4060 bello
1413 4020 1563 4075 parta,
1592 4012 1765 4066 tueris.

494 4095 644 4144 Fortis
669 4093 731 4142 ab
753 4093 907 4142 AEtolo
930 4095 1085 4141 Marte
1104 4092 1324 4142 Machala
1347 4094 1502 4153 cadis;

426 4176 631 4224 Vixdum
656 4173 807 4240 puber
825 4172 995 4223 adhuc.
1020 4177 1199 4221 Rarum
1234 4183 1307 4222 est
1333 4183 1387 4222 ut
1407 4175 1539 4222 miles
1566 4173 1763 4223 Achaeus

496 4257 647 4305 Possit
665 4255 722 4304 ad
742 4269 966 4303 annosam
988 4254 1147 4302 vivere
1171 4254 1407 4304 canitiem.

952 4365 1067 4421 439.
1098 4378 1442 4410 τυεοοοιιιοε.

430 4469 613 4520 Siccine
639 4469 688 4517 in
722 4467 933 4522 AEolion.
962 4468 1117 4533 Pylius
1144 4485 1286 4533 quem
1306 4469 1425 4517 sevit
1442 4473 1644 4532 Agenor,

497 4555 655 4606 Parca,
686 4558 790 4597 tuos
803 4548 926 4612 juvit
950 4558 997 4598 te
1021 4549 1261 4598 stimulare
1279 4565 1415 4598 canes
1430 4585 1444 4604 ‚

434 4630 711 4680 Morborum
746 4631 867 4678 mala
886 4645 1030 4690 saeva,
1069 4630 1238 4694 quibus
1264 4631 1495 4695 discerpta
1524 4631 1713 4695 juventa
1746 4640 1810 4678 est
1838 4633 1848 4676 ἔ

498 4715 637 4760 Nunc
668 4711 766 4758 Diti
792 4711 943 4775 prceda
962 4720 1030 4760 est
1059 4728 1071 4760 :
1102 4721 1151 4759 at
1171 4713 1308 4759 modo
1336 4719 1537 4775 quantus
1564 4716 1685 4759 erat!

1003 4827 1113 4874 440.
1155 4833 1390 4866 nonium.

436 4920 607 4986 Qualia
631 4923 867 4988 perpetuis
899 4922 1107 4971 tenebris
1130 4920 1244 4986 tegis
1267 4937 1365 4971 ossa
1384 4957 1398 4981 ‚
1420 4919 1749 4984 sepulchrum!

503 5008 768 5053 Hauseruut
789 5013 924 5053 terrae
950 5005 1123 5053 viscera
1151 5004 1289 5068 quale
1313 5005 1478 5068 caput!

2057 3719 2196 3780 Quod
2219 3733 2353 3766 coma
2370 3717 2562 3766 flaventi
2586 3719 2764 3766 circum
2785 3717 2970 3766 velabat
2991 3717 3192 3777 amictu,

2121 3807 2365 3850 AEternum
2390 3801 2546 3849 meriti
2567 3816 2736 3849 nomeu
2754 3836 2767 3858 ,
2795 3800 3118 3849 Aristocratis.

2056 3886 2204 3930 Norat
2225 3883 2532 3930 Aristocrates
2555 3881 2782 3947 populum
2809 3881 3018 3929 mulcere
3038 3881 3294 3945 ΙοιῃιιειιιΙοτ

2123 3967 2232 4012 Non
2261 3963 2457 4011 tetricus
2475 3971 2602 4010 torta
2621 3963 2747 4011 nube
2773 3960 3033 4026 supercilii.

2057 4048 2206 4095 Norat
2232 4045 2357 4093 etad
2376 4046 2543 4094 calices
2557 4044 2810 4094 hilar-antia
2833 4044 2976 4093 verba
3005 4044 3180 4110 profari
3195 4082 3212 4108 ‚

2121 4131 2179 4177 Et
2207 4127 2401 4176 miscere
2423 4127 2566 4182 sales,
2589 4136 2637 4176 et
2649 4127 2749 4176 siue
2772 4126 2881 4174 felle
2901 4127 3050 4191 jocos.

2059 4214 2207 4260 Norat
2229 4219 2278 4257 et
2303 4209 2566 4274 hospitibus
2584 4210 2702 4258 dare
2719 4225 2768 4257 se
2799 4210 3071 4274 pariterque
3102 4209 3357 4274 benignum

2123 4291 2312 4340 Civibus
2332 4305 2346 4338 t
2368 4289 2430 4339 ah
2453 4301 2614 4356 pectus
2636 4291 2775 4355 quale
2803 4290 3018 4340 recondit
3036 4291 3233 4358 humus!

2613 4459 2734 4506 [04⁴²-
2766 4467 3012 4500 amortuis
3023 4487 3038 4512 ‚

2189 4604 2248 4654 de
2273 4605 2624 4656 Atheniensium
2647 4609 2898 4674 potissimis
2926 4606 2996 4658 ad
3020 4611 3220 4676 Tegeam
3253 4609 3473 4658 moretm.

2062 4760 2168 4805 Non
2193 4755 2407 4805 oblivisci
2431 4758 2566 4806 decet
2604 4757 2693 4806 hac
2719 4759 2890 4807 tellure
2914 4759 3171 4824 sepultam,

2128 4844 2245 4902 Quae
2263 4843 2455 4903 Tegeaea
2474 4850 2608 4889 tuens
2626 4842 2798 4890 moenia
2813 4843 2951 4890 turba
2978 4841 3120 4908 perit,

2063 4922 2142 4970 Nil
2164 4930 2361 4971 mortem
2387 4932 2628 4984 metuens,
2657 4932 2844 4988 poterat
2865 4922 2997 4988 queis
3014 4923 3192 4971 Graecia
3223 4923 3408 4980 hiet-m,

2049 5023 2052 5026 ⁴
2127 5003 2214 5051 Sed
2241 5003 2510 5054 libertatem
2541 5005 2731 5054 demere
2751 5021 2845 5054 non
2869 5015 3072 5070 poterat.
