3829 5747
973 220 1219 280 CAPUT
1260 223 1380 281 Vll.
1426 224 1976 285 EPIGRAMMATA
2020 230 2552 291 SEPULCRALIA.
3221 237 3334 295 407

403 359 531 411 696.
582 352 861 410 ΛΡΧῙΟΥ
912 352 1458 413 ΜΙΤΥΛΗΝΑΙΟΥ.

188 482 349 559 Αἰωρῇ
379 478 574 559 θήρειον
603 480 954 555 ἱμασσόμενος
981 477 1139 555 δέμας
1172 479 1349 559 αὔραις

252 570 442 643 τλᾶμον
459 613 475 643 ,
504 565 770 645 ἅορτηθεὶς
795 568 854 624 ἐκ
874 564 1058 633 λασίας
1086 567 1260 634 πίτυος
1280 613 1297 640 ,

187 658 352 732 αἰωρῇ·
380 654 565 733 Φοίδῳ
588 652 688 730 γὰρ
716 652 957 731 ἀνάρσιον
983 657 1054 719 εἰς
1076 652 1179 733 ἔριν
1209 654 1386 726 ἔστης,

252 746 423 818 πρῶνα
452 741 763 812 Κελαινίτην
793 740 1043 799 ναιετάων
1060 784 1076 813 ,
1104 740 1325 819 Σάτυρε.

188 833 275 888 Σεῦ
298 830 347 887 δὲ
369 828 493 907 βοὰν
512 830 689 887 αὖλοῑο
717 827 1033 906 μελίόρομον
1056 828 1225 887 οὐκέτι
1254 828 1502 907 Νύμφαι,

250 921 312 983 ὡς
330 916 522 995 πάρος,
549 918 601 973 ἐν
632 914 879 994 Φρυγίοις
909 914 1081 993 οὔρεσι
1107 915 1422 991 πευσόμεθα.

578 1062 716 1113 697.
750 1054 1295 1113 ΧΡΙΣΊῸΔΩΡΟΥ.

185 1189 328 1262 Οῧτος
348 1195 593 1265 Ἰωάννην
618 1196 835 1275 κρύπτει
862 1194 1019 1276 τάφος
1036 1242 1052 1275 ‚
1078 1196 1131 1263 ὅς
1156 1198 1201 1278 ῥ’
1228 1196 1549 1273 Ἐπιδάμνου

250 1284 425 1363 ἄστρον
454 1282 577 1357 ἔην,
606 1282 671 1353 ἣν
698 1284 819 1361 πρὶν
845 1285 1025 1349 παῖδες
1046 1282 1351 1362 ἀριπρεπέες

186 1373 367 1428 ἔκτισαν
396 1368 719 1447 Ἡρακλῆος·
748 1370 861 1428 ὅθεν
888 1371 976 1428 καὶ
1004 1368 1259 1449 μέρμερος
1288 1370 1427 1449 ἥρως

251 1458 343 1515 αἰεὶ
368 1460 471 1515 τῶν
502 1458 695 1515 ἀδίκων
725 1456 949 1535 σκληρὸν
979 1458 1166 1516 ἔκοπτε
1199 1456 1365 1531 μένος.

127 1566 143 1597 5
186 1537 295 1623 Εἶχε
316 1547 359 1603 δ’
387 1547 479 1604 ἀπ’
508 1542 761 1603 εὖσεὸέων
783 1543 1049 1624 προγόνων
1081 1544 1316 1625 ἐρικυδέα
1346 1544 1545 1621 πάτρην

249 1631 492 1711 Λυχνιδὸν
510 1678 528 1703 ,
555 1632 619 1703 ἣν
652 1632 835 1701 Φοῖνιξ
859 1632 1075 1710 Κάδμος
1098 1630 1269 1707 ἔδειμε
1298 1631 1465 1689 πόλιν.

184 1722 339 1780 Ἔνθεν
364 1720 553 1801 λύχνος
592 1719 683 1789 ἔην
711 1718 1012 1785 Ἑλικώνιος
1032 1763 1049 1792 ,
1080 1716 1263 1777 οὔνεκα
1294 1718 1509 1793 Κάδμος

248 1808 505 1887 στοιχείων
538 1812 758 1872 Δαναοῖς
785 1808 987 1887 πρῶτος
1015 1804 1173 1873 ἔδειξε
1201 1804 1383 1864 τύπον.

185 1898 263 1961 Εἰς
286 1894 499 1961 ὑπάτους
518 1896 563 1952 δ’
598 1893 892 1974 ἀνέλαμψε,
922 1894 1011 1952 καὶ
1040 1892 1337 1973 Ἰλλυριοῖσι
1375 1891 1625 1963 δικάζων,

108 2006 145 2043 1⁰
249 1982 447 2049 Μούσας
478 1982 569 2040 καὶ
592 1980 823 2059 καθαρὴν
851 1979 1173 2055 ἐστεφάνωσε
1202 1978 1383 2049 Δίκην.

567 2130 701 2182 698.
754 2119 1290 2181 ΧΡΙΣΤΟΔΩΡΟΥ.

186 2262 329 2327 Αὐτὸς
354 2260 597 2332 Ἰωάννης
619 2260 957 2334 Ἐπιδάμνιος
976 2259 1150 2317 ἐνθάδε
1180 2262 1349 2317 κεῖται
1366 2305 1381 2335 ‚

250 2348 525 2428 τηλεφανὴς
552 2346 764 2406 ὑπάτων
790 2345 982 2422 κόσμος
1003 2346 1309 2424 ἅειφανέων·

188 2441 209 2492 ὁ
229 2438 375 2511 γλυκύ
405 2459 493 2513 μοι
514 2435 767 2495 Μουσέων
790 2435 1021 2501 πετάσας
1048 2436 1201 2514 φάος,
1221 2437 1249 2492 ὁ
1267 2431 1422 2492 πλέον
1453 2431 1623 2489 ἄλλων

250 2524 447 2602 εὐρύνας
468 2523 634 2591 ξενίου
656 2522 895 2600 δαίμονος
916 2522 1158 2602 ἐργασίην
1174 2565 1190 2591 ,

129 2628 147 2661 b
188 2610 473 2689 παμφόρὸην
500 2610 756 2687 παλάμην
784 2610 1099 2685 κεκτημένος
1116 2655 1131 2681 ,
1156 2608 1334 2679 ἥντινα
1370 2609 1562 2681 μούνην

250 2700 332 2755 οὐκ
358 2698 430 2756 ἴδε
458 2698 677 2777 δωτίνης
708 2695 893 2777 μέτρον
913 2693 1225 2775 ὁριζόμενον.

190 2788 459 2860 Αἷπυτάτην
485 2790 532 2845 δ’
559 2785 750 2857 ηὔξησε
781 2784 976 2867 [νόμοις
1006 2784 1325 2864 πα]τρίοισιν
1356 2784 1591 2857 ἀπήνην,

249 2875 511 2955 φαιδρύνας
532 2879 762 2956 καθαρῆς
790 2875 915 2955 ἔργα
947 2872 1291 2946 δικαιοσύνης.

185 2949 245 3018 Ὦ
266 2962 439 3036 πόποι,
467 2965 564 3022 οὐκ
597 2965 749 3034 ἔζησε
776 2962 937 3021 πολὺν
967 2961 1151 3041 χρόνον
1171 3007 1186 3036 ,
1209 2963 1327 3020 <me
1356 2959 1611 3026 ἐνιαυτοὺς

120 3075 152 3108 ιι·
252 3057 422 3120 Μῦνον
449 3052 759 3124 ἀναπλήσας
778 3050 1167 3127 τεσσαράκοντα
1203 3047 1322 3124 δύο,

187 3133 327 3212 ᾤχετο
353 3139 719 3215 μουσοπόλοισι
740 3137 902 3209 ποθὴν
931 3135 1210 3194 πάντεσσιν
1234 3134 1391 3199 ἐάσας
1409 3177 1424 3204 ,

250 3223 325 3292 οὓς
350 3226 516 3286 ἐπόθει
542 3225 781 3306 πατέρων
806 3223 1025 3304 φέρτεροι
1049 3221 1384 3299 γειναμένων.

652 3377 775 3428 699.
824 3379 1188 3424 ΑΔΕΣΠΟΤΟΝ
1197 3412 1208 3423 .

188 3498 365 3576 Ἰκάρου
391 3491 434 3558 ὦ
462 3501 717 3580 νεόφοιτον
756 3503 805 3567 ἐς
830 3500 962 3579 ἠέρα
989 3497 1307 3570 πωτηθέντος

252 3587 444 3668 Ἰκαρίη
478 3593 667 3668 πικρῆς
689 3587 857 3664 τύμὸε
895 3583 1269 3664 κακοδρομίης,

189 3673 327 3733 ἂὸάλε
354 3679 481 3753 μήτε
506 3699 565 3734 σε
595 3676 761 3740 κεῖνος
787 3677 941 3747 ἰδεῖν,
976 3673 1099 3750 μήτ’
1133 3672 1283 3736 αὐτὸς
1306 3674 1499 3728 ἀνεῖναι

251 3761 441 3838 Τρίτων
465 3762 683 3837 Αἰγαίου
706 3765 867 3819 νῶτον
894 3761 1022 3838 ὑπὲρ
1050 3759 1323 3836 πελάγευς.

190 3848 255 3904 Οὖ
278 3851 372 3928 γάρ
394 3872 475 3908 σοι
502 3848 737 3918 σκεπανή
767 3871 844 3913 τις
872 3847 1167 3928 ὑφόρμισις,
1198 3846 1313 3906 οὔτε
1344 3847 1539 3926 βόρειον

254 3939 297 4001 ἐς
316 3937 481 4004 κλίτος
496 3985 513 4007 ,
535 3939 639 3997 οὔτ’
667 3936 799 4014 ἀγὴν
822 3936 1054 4012 κύματος
1076 3938 1124 4000 ἐς
1152 3934 1343 4004 νοτίην.

189 4019 402 4102 Ἔῤῥοις,
428 4015 471 4084 ὦ
500 4026 773 4084 δύσπλωτε
790 4071 807 4099 ,
838 4021 1103 4090 κακόξενε·
1134 4033 1240 4081 σεῖο
1263 4021 1317 4079 δὲ
1343 4025 1501 4092 τηλοῦ

2163 375 2268 419 696.
2306 372 2553 419 ΑΒΟΗΙΔΞ
2597 372 2968 421 MITYLENAEI.

1794 480 1977 529 Pendes
2005 482 2210 541 lerinum
2237 483 2504 545 flagellatus
2531 498 2706 546 corpus
2736 484 2869 532 auris

1850 569 2012 631 miser,
2033 584 2298 634 suspensus
2319 573 2382 623 de
2407 572 2595 623 hirsuta
2615 574 2756 635 pinu,

1791 658 1972 719 pendes
2003 680 2015 707 ·.
2049 659 2364 709 cum-Phoebo
2385 659 2515 709 enim
2532 660 2744 711 arduum
2761 664 3001 709 certarnen
3017 660 3162 710 iniisti
3179 698 3190 719 ,

1852 747 2106 808 scopulum
2126 747 2385 797 celaeniten
2405 748 2627 799 habitans
2639 786 2653 809 ,
2682 751 2865 810 satyro.

1790 834 1907 881 Tuae
1945 835 2110 884 sutem
2140 848 2309 885 vocem
2347 835 2480 884 tihiae
2504 836 2805 885 mellisonum
2833 834 3043 896 non-Jam
3077 832 3334 898 Nymphae,

1852 920 1998 969 sicuti
2027 922 2186 983 prius,
2207 922 2256 971 in
2280 922 2498 985 Phrygiis
2518 922 2763 973 montibus
2785 922 3058 972 audiemus.
3113 986 3122 1005 ἱ

2284 1067 2389 1113 697.
2420 1064 2847 1112 cunls'ronom.

1792 1197 1883 1247 Hic
1902 1200 2137 1249 Joannem
2169 1200 2288 1263 tegit
2312 1201 2557 1261 tumulus,
2587 1200 2672 1264 qui
2696 1200 2942 1263 Epidamni

1850 1287 1988 1338 sidus
2006 1291 2136 1351 erat,
2163 1302 2310 1351 quam
2334 1288 2448 1339 olim
2471 1289 2608 1339 liberi
2625 1290 2842 1339 illustres

1792 1377 2108 1428 condiderunt
2125 1378 2375 1437 Herculis3
2400 1378 2530 1429 unde
2552 1382 2603 1430 et
2625 1378 2896 1429 laboriosus
2921 1379 3062 1428 heros

1849 1479 2006 1529 usque
2022 1466 2310 1527 injustorum
2327 1466 2506 1517 durum
2535 1466 2784 1530 frangebat
2803 1466 2970 1516 robur.

1793 1551 1972 1603 Habuit
2000 1556 2165 1603 autem
2188 1568 2219 1603 a
2243 1555 2336 1618 piis
2369 1554 2630 1617 majoribus
2655 1553 3050 1616 valde-insignem
3077 1554 3278 1617 patriam

1850 1638 2174 1700 Lychnidum,
2195 1652 2342 1701 quam
2370 1640 2574 1689 Phoenix
2600 1639 2813 1689 Cadmus
2842 1640 3022 1689 struxit
3055 1640 3244 1690 urbem.

1791 1726 1907 1775 Inde
1925 1726 2130 1789 lychnus
2156 1727 2397 1790 (lumen)
2418 1729 2524 1776 erat
2549 1726 2848 1788 Heliconius,
2868 1728 2984 1789 quia
3009 1728 3223 1777 Cadmus

1853 1814 2204 1863 elementorum
2225 1813 2401 1862 Danais
2421 1813 2609 1876 primus
2634 1813 2845 1864 ostendit
2867 1814 3085 1863 sormam.
3123 1868 3128 1873 ,

1791 1901 1865 1950 Ad
1888 1901 2112 1951 consules
2143 1901 2540 1964 (consulatum)
2565 1903 2730 1951 autem
2752 1901 3175 1964 emicuit-fulgens,
3205 1904 3256 1951 et
3275 1902 3336 1952 ΙΙ·

1854 1994 2017 2040 Musas
2035 1993 2086 2041 et
2103 2002 2276 2053 puram
2292 1990 2538 2041 coronavit
2562 1992 2590 2039 J
2595 1990 2826 2040 ustitiam.
2856 1991 3022 2055 [lyr-iis
3041 1990 3306 2053 ius-dicens
3321 2030 3336 2053 ,

2281 2126 2386 2181 698.
2413 2130 2846 2180 cmus'ronom.

1791 2274 1897 2334 Ipse
1922 2273 2128 2321 Joannes
2146 2270 2456 2334 Epidammus
2477 2268 2559 2321 hic
2587 2271 2892 2335 positus-est,

1850 2350 2203 2421 late-fulgidum
2230 2357 2482 2408 consulum
2502 2371 2732 2407 ornamen
2757 2356 3262 2421 usque-tumidorum,

1791 2444 1875 2505 qui
1898 2456 2100 2493 suavem
2121 2444 2241 2493 mihi
2273 2447 2526 2495 Musarum
2548 2444 2738 2509 speruit
2768 2444 2926 2495 lucem
2941 2483 2955 2506 ,
2979 2445 3064 2507 qui
3097 2444 3206 2508 plus
3232 2445 3337 2494 aliis

1853 2530 2163 2601 amplificavit
2179 2530 2434 2596 hospitalis
2459 2532 2538 2583 dei
2561 2544 2758 2597 operam
2772 2570 2785 2591 ,

1790 2619 2260 2669 omnium-nutricem
2279 2633 2478 2669 manum
2500 2620 2710 2681 habene,
2738 2632 2886 2683 quam
2911 2620 3064 2669 solam

1851 2720 1947 2755 non
1965 2706 2088 2755 vidit
2112 2706 2250 2757 donis
2269 2707 2560 2757 constitutus
2581 2707 2772 2759 modus.

1790 2794 2125 2844 Celsissimum
2161 2794 2241 2845 ille
2263 2794 2402 2844 auxit
2427 2794 2614 2857 legibus
2646 2795 2817 2858 patriis
2843 2810 3042 2845 currum
3076 2794 3336 2859 (consula-

1852 2877 2110 2932 taetificans'
2126 2896 2262 2946 purae
2282 2896 2428 2946 opera
2447 2882 2666 2945 justitiae.
3146 2885 3164 2948 [
3185 2884 3333 2946 luviz),

1790 2974 1920 3020 Bone
1936 2971 2060 3020 deus
2076 3009 2088 3031 ‚
2113 2984 2207 3019 non
2226 2971 2348 3020 vixit
2368 2969 2579 3020 multum
2602 2974 2828 3034 tempus;
2851 2970 2938 3021 sed
2958 2985 3106 3021 annos

1850 3058 2172 3121 ubi-implevit
2189 3061 2380 3108 tantum
2404 3057 2717 3122 quadraginta
2746 3056 2899 3122 duos,

1791 3149 1998 3198 excessit
2037 3148 2510 3199 Musarum-famulis
2535 3147 2830 3198 desiderium
2865 3150 3056 3200 cunctis
3089 3150 3330 3212 linquens,

1850 3250 1973 3298 quos
2001 3237 2192 3287 amabat
2209 3235 2486 3299 parentibus
2503 3236 2770 3299 impensius
2793 3237 3171 3300 qui-genuerant.

2300 3382 2406 3428 699.
2449 3387 2824 3429 ANONYMUM.

1787 3502 1908 3550 Icari
1927 3515 1958 3548 o
1981 3498 2705 3563 tum-primum·t'requentatum
2735 3497 2785 3546 in
2811 3511 2970 3546 aerem
2996 3497 3226 3546 evolantis

1850 3589 2000 3638 icaria
2022 3601 2269 3638 ex-amaro
2295 3587 2572 3650 sepulcrum
2591 3584 2997 3641 cursu-infausto,

1790 3676 1972 3725 utinam
2000 3688 2156 3737 neque
2181 3676 2231 3724 te
2253 3675 2334 3724 ille
2351 3672 2581 3733 vidisset,
2606 3683 2762 3734 neque
2782 3670 2885 3734 ipse
2915 3669 3190 3719 admisisset

1848 3763 2016 3811 Triton
2035 3763 2186 3825 AEgoei
2209 3774 2355 3824 super
2380 3759 2580 3808 dorsum
2603 3758 2778 3808 maris!
2956 3755 3072 3819 [que
3097 3756 3336 3806 borealem

1788 3854 1892 3900 Non
1914 3853 1984 3899 est
2013 3851 2142 3900 enim
2159 3849 2244 3899 tibi
2263 3849 2506 3910 protectus
2530 3845 2702 3908 aliquis
2715 3844 3238 3904 tid-stationem-locus,
3259 3857 3335 3893 ne·

1849 3939 1895 3986 in
1917 3938 2130 4000 plagam,
2150 3948 2305 3997 neque
2335 3933 2598 3983 allisionem
2617 3933 2796 3982 fluctus
2829 3932 2880 3980 in
2911 3931 3189 3981 australem.
3239 3929 3336 3992 [cul

1788 4029 1962 4074 Pereas
1976 4060 1989 4084 ,
2009 4039 2040 4073 o
2055 4019 2522 4083 difficilis-navibus,
2541 4001 2930 4082 malasshospitio:
2955 4021 3054 4068 a-te
3079 4031 3196 4068 vero
3224 4031 3336 4081 pro-

581 4197 697 4258 696.
732 4211 923 4242 Ancum
934 4229 945 4248 ,
978 4209 1278 4241 κιτνιειωιι.

191 4329 341 4377 Pendes
362 4331 485 4380 hirta
508 4329 629 4394 vagis
652 4331 863 4396 pulsatus
888 4339 1071 4394 tergora
1094 4329 1268 4387 ventis,

243 4413 426 4462 Exuxias
446 4414 582 4479 pinus
603 4413 802 4463 sustinet
820 4414 916 4463 alta
940 4423 1040 4462 tuas
1070 4429 1081 4463 :

192 4493 343 4542 Pendes
366 4511 381 4542 :
412 4510 555 4560 usque
572 4496 691 4544 adeo
710 4494 889 4544 Phoebo
910 4503 1113 4544 certasse
1132 4493 1337 4542 nocebat
1362 4507 1373 4539 ε

244 4577 354 4624 Note
377 4577 607 4626 Celaenoeis
625 4575 891 4632 montibus,
925 4593 955 4625 o
982 4579 1163 4642 Satyre.

192 4658 272 4703 Nec
289 4666 365 4706 tua
379 4659 475 4724 jam
496 4668 677 4709 nostras
702 4659 1033 4723 Nympharum
1060 4657 1195 4708 nabit
1221 4657 1279 4704 ad
1304 4670 1440 4704 sures

245 4742 291 4784 In
319 4739 525 4806 Phrygiis
546 4757 769 4792 resonans
792 4741 911 4789 tibia
935 4738 1109 4789 blanda
1135 4738 1273 4803 jugis.

678 4881 793 4942 697.
840 4893 1181 4926 cunin-onon.

194 4995 371 5044 'enimes
400 5001 509 5048 situs
532 5001 606 5049 hic
622 5039 636 5062 ,
668 5001 915 5066 Epidamni
940 5001 1099 5050 nobile.
1124 4999 1276 5056 sidus,

1864 4185 2068 4233 Hercule
2085 4181 2340 4249 progenitae
2368 4197 2508 4246 quam
2533 4197 2732 4246 posuere
2753 4195 2922 4228 manus
2945 4198 2956 4229 :

1796 4269 1938 4332 Cujus
1963 4283 2090 4316 nunc
2117 4267 2260 4316 etiarn
2277 4280 2386 4314 cum
2409 4264 2468 4313 sit
2487 4279 2670 4313 memor
2699 4264 2902 4328 inclytus
2921 4263 3083 4317 heros.

1862 4350 2029 4399 Robur
2053 4348 2208 4398 adhuc
2225 4349 2350 4414 justo
2377 4349 2504 4413 quod
2530 4356 2658 4396 caret
2682 4363 2822 4396 omne
2842 4347 3018 4397 domat.

1795 4431 1871 4480 illi
1896 4432 2025 4481 clara
2047 4430 2127 4497 pio
2145 4429 2204 4479 de
2227 4431 2451 4494 sanguine
2481 4429 2681 4494 praebuit
2704 4438 2862 4478 ortum

1860 4512 2126 4578 Lychnidus
2149 4549 2163 4572 ,
2187 4528 2214 4560 a
2243 4517 2385 4561 Poeno
2407 4511 2596 4560 condita
2615 4511 2880 4574 Agenoride
2908 4527 2920 4558 :

1794 4597 1890 4660 Qui
1916 4601 2102 4646 Graecas
2118 4595 2277 4646 docuit
2299 4611 2433 4644 voces
2449 4596 2632 4659 signare
2653 4593 2810 4657 figuris
2826 4631 2840 4654 ,

1862 4680 1985 4730 Hinc
2010 4688 2136 4730 satus
2162 4681 2258 4745 ipse
2283 4680 2425 4728 etiam
2449 4679 2524 4728 fax
2546 4676 2782 4728 Heliconis
2812 4686 2930 4726 erat.

1795 4763 1967 4812 Consul
1987 4771 2036 4812 et
2051 4761 2241 4827 Illyrico
2265 4759 2508 4826 profectus
2527 4761 2576 4808 in
2599 4759 2716 4808 orbe
2731 4793 2746 4814 .
2778 4773 2974 4808 coronas

1862 4849 1990 4906 Quas
2007 4843 2196 4902 retulit,
2219 4841 2367 4891 Musis
2393 4841 2696 4904 ,institiaeque
2719 4840 2866 4890 dedit.
