3829 5747
418 167 536 225 501
1099 240 1104 255 ⁵
1542 173 2049 237 ANTHOLOGIAE
2091 180 2493 244 PALATINAE

475 295 694 345 occul.
722 297 922 346 Lemma
946 318 956 345 :
983 299 1044 353 εἰς
1063 298 1232 362 Θύρσιν
1247 301 1326 349 τὸν
1349 302 1556 364 κομήτην
1576 304 1594 363 (
1608 303 1722 367 sic),
1751 306 1804 357 ὃν
1823 306 1955 356 ἐπαι·
1990 318 1997 390 l

412 370 483 413 νεῖ
535 364 778 427 Θεόκριτος
817 367 844 414 ό
878 369 1092 429 Δωριεύς.
1142 373 1349 431 Apparet
1384 371 1644 435 cephalam
1677 377 1799 426 εὕδει
1830 391 1881 426 v.
1924 382 1953 428 3

411 434 536 484 male
563 435 804 497 accepisse
829 435 889 485 de
913 440 1144 499 perpetuo
1170 452 1355 489 somno.
1379 461 1403 484 «ι
1427 442 1624 494 Tabulae
1655 446 1795 507 pictae
1816 460 1954 511 argu-

410 508 626 554 mentum
669 504 760 553 hoc
785 506 995 556 carmine
1033 508 1246 558 enarrari
1290 511 1510 574 suspicor
1545 528 1556 555 2
1596 515 1819 577 Thyrsis,
1866 519 1953 579 qui

409 573 738 637 Nympharum
763 589 930 638 greges
957 578 1143 627 solebat
1182 594 1400 643 pascere,
1429 582 1478 630 in
1501 584 1600 646 pini
1631 586 1804 635 umbra
1833 587 1950 637 dor-

411 643 529 701 mit3
552 658 698 707 prope
725 644 886 694 adstat
922 650 1085 706 Amor,
1114 648 1334 711 pedoque
1355 656 1550 714 sumpto
1573 657 1816 717 pastorem
1835 658 1950 721 agit.

414 716 504 761 Pro
523 717 696 763 Amore
715 714 947 764 sollicitus
961 720 1107 777 poeta
1138 720 1386 783 Nymphas
1409 725 1573 772 monet
1595 728 1649 774 ut
1666 726 1953 787 Thyrsidem

409 784 790 846 expergefaciant
808 821 821 844 ,
860 799 920 835 ne
951 792 1097 835 Amor
1124 789 1332 839 serarum
1355 791 1522 854 praeda
1551 792 1648 843 fiat.
1678 822 1740 833 --
1763 801 1784 846 1
1814 799 1946 858 Νυμ·

405 855 530 915 (pinni.
563 854 810 905 Habebunt
835 856 998 918 itaque
1018 860 1251 923 Nymphae
1278 876 1472 925 quoque
1489 879 1656 929 greges
1677 881 1808 926 suos,
1840 882 1951 919 eos·

404 938 500 987 que
512 924 786 974 homiuibus
799 927 1062 989 pascendos
1076 932 1455 985 committebant.
1477 939 1720 987 Αἰπολικαὶ
1731 940 1781 988 et
1795 940 1949 999 νὸμιοιι

403 997 638 1060 Nymphae
666 1002 778 1047 sunt
803 1010 880 1062 ap.
922 1000 1070 1063 Orph.
1117 1005 1290 1065 Hymn.
1334 1008 1386 1065 L,
1423 1014 1495 1057 11.
1535 1010 1806 1060 Antoninus
1843 1011 1948 1060 Lib.

403 1082 446 1116 c.
477 1074 554 1128 22,
581 1068 642 1118 de
673 1070 934 1129 Teramh0‚
972 1072 1157 1122 musico
1197 1078 1593 1138 praestantisshno
1635 1101 1648 1130 ι
1688 1082 1868 1142 ἐγένετο
1907 1082 1950 1130 δ’

402 1138 530 1199 αὐτῷ
552 1139 789 1200 θρέμματα
807 1141 1002 1189 πλεῖστα
1019 1176 1033 1199 ,
1055 1144 1132 1190 καὶ
1151 1145 1268 1193 αὐτὰ
1296 1146 1557 1209 ἐποίμαινεν
1579 1152 1716 1205 αὐτὸς
1730 1187 1745 1211 ,
1761 1152 1949 1214 Νύμφαι

402 1208 450 1256 δὲ
468 1208 808 1271 συνελάμὸανον
837 1210 993 1272 αὐτῷ,
1018 1212 1132 1261 διότι
1160 1214 1299 1271 αὐτὰς
1317 1215 1364 1265 ἐν
1391 1224 1487 1275 τοῖς
1507 1220 1658 1283 ὄρεσιν
1677 1221 1802 1283 ᾅδων
1829 1224 1949 1285 ἔτερ-

398 1294 499 1326 πεν.
524 1297 548 1321 ν
574 1280 688 1328 Jac.
707 1306 769 1315 —
785 1284 814 1330 3
835 1280 1066 1339 οἶνοπότηι
1081 1282 1220 1340 God.3
1250 1286 1333 1343 τήν
1348 1304 1401 1337 π.
1424 1289 1558 1338 Plan.
1586 1289 1794 1339 Mediam
1813 1292 1948 1343 vocis

399 1350 542 1405 ἔνδιος
555 1352 700 1400 etiam
713 1352 990 1413 Apollonius
1003 1353 1091 1402 nh.
1109 1355 1353 1418 corripuit.
1371 1385 1434 1394 —
1443 1363 1466 1407 4
1479 1396 1488 1407 .
1503 1358 1851 1419 Trajectionem
1863 1361 1948 1413 im-

397 1420 607 1482 probans
633 1422 990 1491 qulkampius
1009 1425 1219 1489 correxit
1238 1428 1372 1484 αὐτὸς
1391 1429 1502 1491 ἔρως
1521 1446 1571 1478 π.
1592 1432 1639 1493 β.
1659 1433 1791 1492 ἑλὼν,
1811 1434 1947 1481 Nova

398 1490 516 1539 Bibl.
543 1490 648 1539 crit.
679 1494 764 1551 1v.‚
785 1506 835 1555 p.
859 1496 935 1543 46.
961 1492 1163 1543 Bothius
1187 1497 1369 1557 ποιμένι
1389 1498 1596 1559 scripsit.
1625 1506 1747 1557 -5‚
1773 1507 1819 1549 ὅ.
1842 1502 1946 1549 Hoc

397 1558 638 1609 distichon
682 1575 777 1610 non
812 1565 889 1611 est
919 1563 968 1611 in
993 1563 1192 1623 Codice,
1232 1565 1319 1614 scd
1346 1566 1477 1614 haud
1517 1566 1664 1617 dubie
1691 1582 1719 1617 a
1748 1571 1939 1633 Myrino

397 1630 651 1692 scriptum.
675 1635 975 1695 Δυκοθαιρσής
1012 1633 1284 1695 Hesychius
1325 1636 1528 1697 explicat
1559 1640 1750 1699 θρασύς,
1787 1640 1940 1703 «lupi

395 1712 530 1749 more
550 1699 728 1759 audax,
754 1701 914 1763 lupina
934 1702 1143 1763 quadam
1163 1703 1362 1753 audacia
1379 1705 1613 1767 praeditus
1625 1744 1637 1766 ‚
1661 1727 1686 1750 υ
1709 1706 1940 1772 Hsteph.

394 1795 456 1804 ·—
473 1777 502 1819 o
521 1770 668 1830 γε’νηθ1
688 1772 715 1818 ὁ
739 1770 886 1833 Ἔρως
913 1772 1065 1831 Plan„
1094 1786 1221 1823 corr.
1241 1776 1449 1825 Brunck.

454 1909 648 1957 1)ch
653 1946 664 1957 .
705 1910 903 1957 Lemma
931 1930 942 1957 2
971 1911 1138 1966 ἄδηλον
1163 1911 1240 1960 ἐπί
1279 1929 1364 1961 τινι
1391 1913 1468 1962 vel
1497 1914 1570 1963 ἐπὶ
1605 1914 1712 1964 τίνι.
1742 1918 1943 1967 Lemma

392 1978 523 2026 Plan.
546 1992 557 2019 :
590 1978 860 2037 ἀδέσποτον,
889 1982 932 2027 οἱ
949 1980 998 2027 δὲ
1027 1982 1263 2041 Νέρωνος,
1293 1981 1380 2031 sed
1400 1982 1571 2031 ultima
1589 1997 1686 2033 non
1712 1984 1941 2049 leguntur

389 2045 439 2095 in
467 2045 608 2096 codd.
653 2067 674 2087 κ
709 2047 842 2095 Prior
869 2052 1000 2097 certe
1031 2048 1206 2099 horum
1251 2065 1481 2101 versuum
1524 2053 1608 2103 diu
1645 2058 1759 2105 ante
1790 2058 1940 2106 Nero·

389 2130 501 2165 nem
527 2116 764 2179 proverbii
781 2117 880 2166 vim
899 2117 1124 2167 obtinuit.
1144 2122 1341 2170 Sueton.
1363 2135 1406 2170 c.
1433 2126 1492 2171 38
1525 2137 1536 2164 =
1569 2126 1781 2173 Dicente
1809 2138 1935 2189 quo-

390 2186 514 2236 dam
537 2190 590 2236 in
609 2200 846 2236 sermone
871 2191 1116 2246 convivii,

509 2319 654 2383 Ἐμοῦ
681 2321 894 2379 Θανὸντος
921 2328 1034 2385 γαῖα
1058 2325 1269 2388 μιχθήτω
1287 2326 1396 2390 πυρί
1409 2364 1424 2389 ,

370 2456 519 2512 imo,
554 2454 738 2516 inquit,
781 2456 896 2515 ἐμοῦ
937 2461 1130 2518 ζῶντος,
1173 2458 1439 2523 planeque
1465 2464 1543 2512 ita
1576 2463 1719 2526 fecit.
1763 2462 1935 2514 Cicero

385 2525 457 2572 De
484 2522 618 2572 finib.
647 2523 739 2583 111,
777 2528 848 2585 19,
889 2526 919 2588 §
961 2530 1019 2576 64
1054 2541 1066 2570 2
1112 2541 1217 2577 vox
1255 2528 1548 2581 inhumana
1583 2535 1632 2581 et
1671 2532 1930 2582 scelerata

384 2593 598 2643 ducitur
621 2606 798 2652 eorum
829 2599 916 2659 qui
934 2599 1128 2659 neqant
1150 2611 1205 2648 se
1229 2611 1472 2650 recusare
1501 2604 1778 2664 quominus
1805 2605 1932 2665 ipsis

381 2666 605 2713 mortuis
635 2669 902 2715 terrarum
947 2670 1182 2717 omnium
1219 2668 1527 2733 deflaqralio
1559 2675 1928 2735 consequatur,

382 2734 522 2797 quod
540 2736 747 2798 vulqari
771 2736 998 2800 quodam
1025 2751 1181 2787 versu
1209 2753 1371 2800 qroeeo
1392 2744 1735 2803 pronuntiari·
1775 2742 1924 2793 solet.

383 2802 551 2861 (Adde
575 2806 740 2855 senec.
779 2808 850 2855 De
885 2807 1108 2857 clement.
1141 2812 1206 2869 ll,
1235 2813 1311 2869 2.)
1347 2811 1566 2860 Eundem
1602 2811 1792 2861 Tiberio
1821 2826 1927 2862 cre·

379 2870 466 2922 bro
507 2872 557 2922 in
594 2888 677 2923 ore
705 2877 854 2926 ruisse
882 2877 1031 2927 tradit
1073 2879 1162 2929 Dio
1201 2882 1339 2930 Cass.
1382 2883 1551 2940 LVIII,
1598 2887 1672 2933 23.
1705 2883 1927 2933 Alterum

377 2956 574 2993 vorsum
609 2946 884 3010 subjectum
909 2948 1112 3011 legimus
1155 2964 1231 3013 ap.
1263 2951 1507 3000 Stobaeum
1545 2953 1644 3002 Ecl.
1673 2953 1811 3015 phys,
1855 2956 1923 3014 11,

379 3019 424 3068 6,
454 3017 501 3069 7,
522 3027 570 3076 p.
603 3021 689 3064 252
718 3029 841 3078 ειη,
871 3017 920 3064 111
941 3017 1046 3066 loco
1071 3031 1132 3066 ex
1165 3019 1593 3082 Peripateticorum
1624 3021 1816 3084 scriptis
1843 3033 1926 3070 ex-

378 3085 560 3143 cerpto,
591 3083 859 3134 Aristotelis
889 3085 1106 3148 inprimis
1131 3091 1182 3137 et
1209 3088 1542 3151 Theophrasti.
1575 3112 1597 3133 »
1619 3093 1732 3141 Jae.
1768 3090 1925 3140 Julia-

376 3163 494 3200 1111111
524 3154 658 3202 Orat.
688 3157 822 3212 vlu,
859 3157 916 3218 p.‘
947 3161 1052 3215 242,
1084 3159 1136 3216 Β,
1169 3158 1303 3208 addit
1337 3161 1582 3210 Nauckius
1619 3161 1667 3209 in
1698 3160 1923 3227 Tragico-

378 3234 489 3270 rum
513 3223 598 3271 Gr.
618 3224 898 3286 fragmentis
925 3241 970 3289 p.
1008 3231 1116 3276 719.

437 3357 624 3404 DCCV.
653 3357 850 3405 Lemma
881 3377 892 3404 ι
926 3358 1232 3420 Ἀντιπάτρου.
1271 3360 1405 3417 Ζήτει
1441 3361 1494 3408 τὸ
1527 3361 1817 3424 ἐπίγραμμα,
1849 3365 1921 3415 ὅτι

373 3425 622 3480 δυσνόητόν
643 3427 739 3474 ἐστι
768 3427 847 3474 καὶ
877 3429 1175 3488 ἐσφαλμένον.
1210 3449 1232 3471 α
1265 3429 1444 3479 Gallice
1472 3431 1621 3480 vertit
1639 3435 1690 3480 et
1713 3433 1923 3484 illustra-

371 3496 443 3545 vit
465 3496 648 3545 Boivin.
691 3499 890 3546 Memor.
928 3498 1072 3548 Acad.
1107 3499 1353 3562 Inscriptt.
1395 3503 1431 3550 t.
1464 3503 1526 3560 Π,
1571 3515 1620 3564 p.
1649 3506 1755 3553 294.
1789 3523 1814 3547 ²»
1859 3509 1916 3555 B.

373 3565 680 3629 Amphipolin
709 3566 880 3616 urbem
907 3568 1021 3617 olim
1049 3568 1261 3619 deletam
1291 3571 1556 3633 alloquitur
1589 3573 1639 3620 et
1667 3572 1814 3635 luget.
1859 3601 1920 3611 —

375 3642 393 3685 1
421 3639 768 3699 πεπολησμὲνον
792 3637 931 3695 eod.;
954 3639 1115 3688 editur
1135 3643 1488 3702 πεπολισμένον,
1509 3642 1643 3704 quod
1663 3645 1919 3696 commode

369 3702 571 3756 refertur
596 3706 658 3756 ad
687 3709 834 3770 ἠρίον,
875 3723 964 3757 nec
997 3722 1120 3770 opus
1158 3713 1264 3760 erat
1286 3713 1603 3772 πεπολισμένη
1633 3713 1778 3762 scribi
1803 3729 1917 3764 cum

368 3778 600 3826 Bentleio.
629 3777 724 3827 Sed
759 3777 953 3828 dativus
978 3780 1080 3829 sino
1121 3781 1458 3843 praepositione
1493 3795 1608 3830 cum
1641 3781 1736 3832 hoc
1769 3785 1919 3834 verbo

366 3845 558 3894 admitti
586 3846 776 3908 nequit3
805 3861 918 3897 vera
936 3849 1178 3911 scriptura
1199 3850 1406 3900 debetur
1433 3853 1651 3900 Heckero
1683 3853 1913 3919 Philolog.

371 3921 504 3973 1849,
527 3931 573 3979 p.
605 3921 712 3976 486,
732 3917 818 3980 qui
842 3923 1174 3982 πεποτισμένη,
1203 3921 1420 3971 addens:
1450 3942 1472 3965 α
1504 3925 1574 3971 Ex
1603 3920 1702 3982 hoc,
1723 3936 1916 3987 quoque

365 3986 472 4035 loco
496 3987 765 4036 luculenter
791 3990 982 4037 constat
1014 4003 1208 4039 omnem
1232 3991 1530 4054 superiorem
1548 3996 1734 4056 partem
1761 3995 1910 4044 maris

363 4057 511 4120 AEgaei
537 4056 598 4104 ad
623 4056 786 4106 littora
806 4057 1020 4107 Thraciae
1041 4059 1220 4109 dietam
1245 4061 1394 4112 fuisso
1420 4063 1776 4119 Ἑλλήσποντον.
1805 4065 1912 4114 Fre·

363 4129 468 4175 tum
489 4139 605 4176 vero
623 4129 666 4174 oi
691 4127 1000 4189 ἀκριόἑστεροι
1015 4128 1186 4179 dicunt
1214 4131 1380 4188 Ἕλλης
1393 4132 1537 4194 πόρον
1551 4132 1626 4181 vel
1645 4134 1863 4194 πορθμόν.
1881 4155 1909 4178 υ

361 4222 424 4231 -
442 4204 468 4245 2
487 4197 667 4256 ἠδώνης
685 4200 736 4246 et
762 4199 1008 4258 ἀμφιπόλει
1041 4199 1224 4258 Codex,
1254 4214 1380 4250 corr.
1413 4202 1568 4250 chtl.
1595 4221 1618 4244 a
1647 4203 1909 4266 Amphipo-

360 4265 421 4314 lis
441 4266 620 4316 dioimr
639 4271 1006 4317 monumentum
1027 4269 1231 4331 Phyllidi
1256 4272 1578 4321 exstructum.
1616 4275 1741 4329 Qum
1775 4273 1908 4322 Edo-

360 4348 531 4385 norum
555 4336 685 4399 apud
717 4338 924 4387 Thracas
955 4341 1116 4402 regina
1155 4341 1574 4404 Demophoontem
1589 4379 1602 4400 ,
1639 4342 1813 4392 Thesei
1851 4343 1910 4392 fi-

357 4407 501 4464 lium,
545 4421 604 4457 ex
631 4407 759 4456 bello
781 4410 986 4471 Trojano
1029 4411 1308 4461 redeuntem
1327 4450 1340 4472 ,
1383 4411 1529 4460 domo
1573 4425 1665 4462 sua
1707 4415 1903 4476 recepit.

357 4479 526 4526 Paullo
570 4481 680 4540 post
719 4479 798 4528 ille
841 4480 938 4529 iter
979 4481 1315 4543 persequitur,
1361 4482 1600 4545 pollicitus
1639 4495 1720 4540 se.
1759 4483 1907 4534 rebus

355 4547 458 4594 suis
489 4546 767 4610 compositis
784 4585 797 4608 ,
830 4549 1105 4599 rediturum
1146 4550 1208 4599 ad
1247 4565 1354 4601 eam
1388 4564 1512 4601 esse.
1559 4551 1654 4608 Qui
1684 4551 1764 4600 dic
1789 4566 1907 4601 eon-

353 4615 524 4664 stituta
566 4629 718 4678 quum
759 4633 852 4668 non
896 4619 1133 4682 venisset,
1164 4621 1246 4670 illa
1289 4635 1350 4672 eo
1394 4622 1474 4672 die
1524 4621 1704 4672 dicitur
1737 4625 1904 4674 novies

351 4684 410 4732 ad
459 4685 598 4735 littus
649 4689 946 4749 cucurrisse,
1001 4690 1131 4739 unde
1181 4690 1262 4741 ille
1319 4693 1454 4742 locus
1520 4694 1769 4748 Εν-«εάοδος
1821 4696 1902 4745 vel

351 4754 511 4802 Ἐννέα
542 4757 639 4804 ὁδοὶ
670 4757 942 4818 appellatus
981 4762 1074 4809 est.
1101 4762 1228 4809 Tum
1267 4760 1507 4812 desiderio
1541 4763 1701 4812 mariti
1745 4763 1896 4814 vitam

348 4825 608 4888 suspendio
638 4825 794 4876 sinivit
823 4831 874 4878 et
892 4829 954 4878 ad
981 4834 1284 4894 Strymonem
1312 4834 1501 4897 sepulta
1529 4838 1620 4883 est.
1648 4835 1758 4884 vid.
1794 4839 1902 4886 Me-

2038 324 2169 375 seqq.
2203 314 2448 377 Oppidum
2478 316 2543 366 ibi
2568 318 2817 369 conditum
2849 321 2941 371 loci
2962 338 3135 375 nomen
3176 328 3382 391 accepit,
3420 330 3627 392 postea

1991 397 1997 420 ·
2043 383 2303 444 Ἀμφίπολις
2336 392 2670 451 nuncupatum
2707 393 2783 441 est
2811 410 2821 439 :
2864 393 2993 443 unde
3020 400 3218 458 apparet
3244 410 3331 447 cur
3354 399 3451 448 lite
3470 400 3629 461 ἠρίον

2039 456 2262 503 vocetur.
2290 480 2351 491 -
2384 463 2413 507 3
2440 458 2653 517 αἰθιόπης
2681 460 2823 521 Cod.‚
2850 464 3061 514 correxit
3084 467 3237 516 Bentl.
3261 469 3317 517 ln
3348 468 3457 517 tine
3486 473 3627 525 νηῶι

2038 522 2179 584 Cod.‚
2196 539 2322 577 corr.
2355 528 2638 593 wesseling.
2663 532 2858 590 Αἰῠοπίη
2888 535 2966 583 est
2988 535 3155 585 Dianai
3176 537 3449 600 epitheton,
3490 551 3627 601 pro·

2035 607 2128 723 grin
2145 597 2358 729 gig-ruzi&
2374 599 2506 699 loco,
2526 602 2585 650 ut
2612 601 2739 651 solet
2765 601 2815 653 in
2843 602 2935 665 his,
2956 606 3185 669 positum.
3214 608 3405 671 Sappho
3442 622 3627 671 supra

2159 804 2356 868 Αἰθοπίᾳ
2374 822 2432 867 με
2454 806 2571 869 κόρᾳ
2592 810 2769 865 Λατοῦς
2786 809 3004 869 ἀνέθηκεν
3020 814 3243 895 ,Ἄριοι-ὡ.

2036 940 2201 1002 steph.
2233 944 2367 1007 Byz.:
2400 946 2635 1001 Αῖθὸπιον,
2662 949 2834 1013 χωρίον
2863 951 3091 1009 Λυδίας...
3122 954 3200 1018 ἀφ’
3230 958 3287 1007 οὗ
3318 964 3349 1019 ἡ
3377 962 3618 1025 Ἄρτεμις

2034 1015 2249 1062 ΑἰΟοπία.
2284 1014 2467 1066 Eadem
2506 1017 2655 1067 Diana
2682 1020 2974 1083 Βραυρωνία,
3002 1036 3031 1072 a
3058 1025 3308 1079 Braurone
3326 1032 3375 1079 in
3401 1034 3612 1095 Attica.

2033 1094 2183 1143 quem
2226 1084 2387 1134 locum
2425 1086 2533 1136 deas
2569 1088 2719 1137 sacris
2755 1091 2805 1140 et
2846 1091 2981 1141 cultu
3020 1094 3390 1151 celeberrimum
3426 1104 3617 1155 fuisso

2033 1156 2241 1205 constat.
2286 1157 2443 1217 Hujus
2488 1159 2634 1223 igitur
2664 1163 2941 1213 Brauronia)
2976 1167 3215 1229 templum
3248 1173 3608 1225 Athenienses

2032 1224 2179 1273 etiam
2204 1227 2479 1291 Amphipoli
2506 1236 2777 1283 erexerant.
2821 1235 2978 1284 Λοιπὰ
3004 1237 3185 1299 μίμνει,
3230 1256 3317 1304 pro
3348 1246 3603 1297 λείπεται.

2030 1294 2125 1343 Sod
2150 1298 2291 1346 λοιπὰ
2310 1298 2412 1347 vim
2436 1302 2687 1352 sententiae
2714 1305 2931 1355 nonnihil
2967 1307 3252 1361 imminuere
3274 1312 3495 1377 videtur,
3536 1322 3607 1369 ut

2031 1366 2250 1427 suspicer
2265 1369 2570 1432 Antipatrum
2600 1374 2847 1437 scripsisse
2862 1378 2885 1423 λ
2900 1379 3043 1425 επτά
3060 1394 3148 1442 τοι,
3164 1384 3607 1443 quemadmodum

2031 1435 2213 1486 Plinius
2240 1437 2362 1489 dixit
2384 1442 2472 1500 111,
2510 1446 2540 1491 4
2580 1462 2592 1491 ε
2631 1456 2833 1507 maynae
2860 1446 3003 1495 urbis
3026 1448 3179 1499 tenue
3192 1456 3486 1515 vesuqium.
3530 1484 3603 1493 -—·

2028 1510 2077 1555 4.
2100 1508 2464 1573 Ἂμοιμάχητον,
2490 1511 2554 1560 oh
2571 1512 2698 1563 bella
2718 1514 2846 1564 inter
2862 1518 3141 1581 spartanos,
3169 1520 3509 1575 Athenienses
3541 1532 3602 1577 et

2032 1577 2323 1629 Macedonas
2350 1577 2411 1629 de
2438 1581 2521 1631 illa
2546 1582 2665 1634 urhe
2696 1580 2923 1649 pugnata.
2946 1588 3071 1638 Hinc
3095 1605 3143 1639 v.
3184 1598 3211 1641 5
3244 1594 3355 1657 ἔρις,
3382 1596 3506 1647 rixas
3540 1604 3603 1649 et

2026 1646 2140 1697 belli
2173 1662 2341 1710 causa,
2385 1652 2643 1714 Αἰγείδαις,
2680 1655 3068 1720 Atheniensibus,
3101 1662 3255 1713 fuisse
3281 1664 3481 1717 dicitur.
3526 1696 3597 1706 —

2004 1724 2073 1767 .5.
2099 1720 2229 1768 Inter
2264 1718 2357 1769 hoc
2378 1721 2619 1773 distichon
2663 1728 2713 1775 et
2739 1729 3063 1789 praecedentia
3094 1733 3308 1795 spatium
3347 1736 3598 1789 relictum

2026 1791 2104 1838 est
2138 1789 2187 1837 in
2210 1790 2403 1852 Codice,
2434 1806 2547 1843 cum
2572 1798 2689 1845 nota
2719 1796 2769 1845 in
2792 1811 2965 1863 marg.:
3008 1802 3148 1862 ζήτει,
3182 1804 3354 1863 ἄδηλον
3386 1809 3437 1856 ἐν
3466 1812 3589 1859 τίνι.

2026 1860 2143 1909 Cod.
2170 1862 2433 1923 αἰγείδεσιν,
2466 1863 2552 1914 sed
2567 1866 2607 1915 εί
2625 1864 2673 1914 in
2696 1867 2712 1915 ί
2748 1872 2965 1927 mutat03
2988 1874 3199 1923 correxit
3218 1876 3377 1925 Bentl.
3398 1880 3451 1927 In
3478 1880 3594 1929 fine

2025 1930 2152 1979 idem
2186 1930 2429 1991 ἅλιανθεὶς,
2460 1947 2584 1985 corr.
2628 1937 2871 1989 Boivinus.
2899 1942 3145 1991 Bentleius
3174 1946 3299 2008 conj.
3327 1948 3587 2012 ἁλινηχὲς,

2026 2002 2282 2064 tanquam
2319 2002 2520 2053 laceros
2546 2018 2754 2069 pannos
2792 2012 2909 2071 post
2935 2010 3282 2075 naufraqium
3322 2019 3383 2063 in
3422 2016 3589 2067 littus

2024 2074 2229 2135 ejectos.
2248 2074 2343 2124 Sed
2374 2076 2581 2126 alterum
2612 2081 2743 2128 recte
2761 2083 2812 2129 et
2834 2080 3077 2143 eleganter
3098 2083 3277 2134 dicitur
3298 2106 3311 2133 ι
3336 2089 3585 2149 tanquam

2021 2156 2237 2205 pannum
2263 2158 2589 2208 purpureum,
2610 2149 2873 2211 splendidae
2890 2152 3006 2201 olim
3032 2154 3182 2202 vestis
3206 2155 3433 2209 frustum.
3465 2162 3587 2211 Tali

2021 2215 2378 2277 comparatione
2421 2216 2483 2267 dc
2522 2221 2725 2280 Smyrna
2774 2220 2930 2269 utitur
2968 2222 3207 2274 Aristides
3232 2230 3387 2278 oratt.
3428 2234 3471 2281 t-
3533 2236 3581 2291 Ι,

2022 2297 2068 2345 p.
2101 2289 2209 2343 231,
2251 2285 2335 2335 11111
2361 2286 2533 2336 urbem
2571 2288 2865 2338 ornamentis
2896 2290 3127 2342 refertam
3161 2293 3307 2355 dicit,
3334 2300 3501 2363 ὥσπερ
3530 2306 3583 2351 οἱ

2020 2356 2308 2403 κατάπαστοι
2336 2362 2543 2418 χιτῶνες.
2564 2376 2589 2400 1»
2607 2360 2720 2407 Jac.

2078 2504 2284 2553 DCCVI.
2312 2506 2511 2553 Lemma
2545 2524 2558 2551 :
2580 2506 2643 2560 εἰς
2676 2506 2944 2569 Χρύσιππον
2972 2510 3051 2559 τὸν
3080 2512 3343 2577 φιλόσοφον,
3365 2516 3579 2567 Adscri-

2016 2574 2152 2634 ptum
2183 2576 2293 2637 post
2318 2574 2487 2637 siglam
2512 2574 2676 2635 (fort-z
2711 2576 2865 2636 ζήτει)
2895 2578 2953 2627 τὸ
2978 2581 3157 2645 μέτρον.
3191 2602 3216 2626 «ι
3242 2586 3315 2633 Ex
3352 2587 3580 2650 Diogene

2014 2646 2173 2694 Laert.
2215 2648 2322 2704 vn,
2374 2650 2477 2696 184.
2518 2647 2712 2697 Gallicis
2749 2649 2971 2700 versibus
3010 2652 3221 2705 reddidit
3259 2658 3447 2709 Ricard.
3502 2661 3577 2709 ad

2018 2715 2260 2765 Plutarch.
2310 2719 2402 2778 op.
2432 2718 2553 2766 Mor.
2589 2720 2629 2766 t.
2660 2720 2700 2779 l,
2732 2732 2780 2781 p.
2808 2724 2910 2769 iot.
2958 2741 3003 2770 ν.
3047 2727 3111 2774 B.
3150 2726 3453 2790 Epigramma
3494 2732 3578 2781 sic

2013 2786 2176 2836 editur
2192 2798 2253 2834 ex
2273 2786 2477 2836 Codice:

2134 2929 2379 2990 ’ἰλιγγίασε
2398 2933 2584 2995 Βάκχον
2614 2934 2787 2984 ἐκπιὼν
2810 2939 2979 2999 χανδὸν
3000 2941 3290 3003 Χρύσιππος,

2132 2997 2227 3047 οὐδ’
2255 3001 2469 3060 ἐφείσατο
2491 3003 2547 3050 οὐ
2571 3009 2650 3062 τῆς
2674 3010 2812 3061 στοᾶς
2831 3042 2844 3062 .
2878 3009 2975 3057 οὐδ’
2992 3009 3047 3070 ἧς
3074 3013 3247 3075 πάτρας
3262 3050 3277 3074 ,

2133 3071 2188 3118 οὐ
2208 3076 2288 3126 τῆς
2316 3073 2468 3134 ψυχῆς
2482 3108 2497 3131 ,
2517 3073 2616 3120 ἀλλ’
2640 3073 2749 3133 ἦλθε
2776 3075 2895 3138 δῶμ’
2924 3078 2970 3134 ἐς
2991 3079 3165 3129 Ἀΐδεω.

2007 3206 2101 3256 Sed
2144 3210 2259 3257 sunt
2280 3207 2487 3257 disticha
2520 3207 2621 3258 duo
2654 3223 2666 3252 :
2715 3211 2923 3262 trimetri
2956 3219 3234 3282 scazontes,
3268 3233 3394 3282 quos
3420 3225 3562 3273 exei-

2006 3277 2149 3339 piunt
2172 3276 2364 3326 dimetri
2388 3278 2579 3328 iambici
2598 3282 2864 3332 acatalecti.
2892 3287 2963 3334 De
2983 3299 3036 3336 re
3057 3287 3213 3352 Diog.:
3236 3298 3399 3340 τοῦτον
3420 3294 3466 3342 ἐν
3488 3301 3566 3357 τῷ

2009 3347 2179 3408 Ὠδείῳ
2198 3349 2485 3409 σχολάζοντά
2502 3365 2640 3410 φησιν
2664 3350 2927 3414 Ἕρμιππος
2946 3355 3020 3403 ἐπὶ
3055 3359 3215 3406 Θυσίαν
3232 3361 3327 3409 ὑπὸ
3348 3368 3442 3410 τῶν
3460 3380 3563 3424 μα·

2007 3422 2156 3476 θητῶν
2182 3420 2420 3476 κληθῆναι·
2450 3421 2557 3468 ἔνθα
2587 3425 3011 3484 προσενεγκάμενον
3044 3429 3214 3485 γλυκὺν
3239 3431 3438 3493 ἄκρατον
3470 3437 3561 3483 καὶ

2006 3488 2322 3550 ἰλιγγιάσαντα
2342 3489 2603 3551 πεμπταῖον
2624 3491 2833 3542 ἀπελθεῖν
2860 3498 2903 3548 ἐξ
2934 3497 3202 3560 ἀνθρώπων.
3225 3521 3285 3532 -
3317 3507 3334 3549 1
3372 3505 3557 3565 Εἰλιγγ.

2005 3559 2124 3608 Cod.
2152 3587 2214 3597 --
2236 3565 2266 3608 3
2294 3560 2439 3622 οὗχης
2462 3560 2635 3624 πάτρας
2670 3562 2810 3621 eod.;
2842 3567 2939 3614 οὐδ’
2966 3567 3018 3626 ἧς
3042 3567 3203 3628 (quod
3231 3569 3421 3634 editur)
3453 3577 3555 3620 πά·

2003 3647 2109 3692 τρης
2134 3629 2270 3693 Diog.
2300 3649 2323 3672 α
2348 3632 2571 3680 Fortasse
2599 3632 2779 3683 rectius
2806 3635 2861 3684 οὐ
2892 3641 2972 3694 τῆς
2992 3638 3181 3700 πάτρας.
3203 3640 3377 3691 Literae
3402 3660 3434 3705 χ
3452 3648 3505 3695 et
3530 3663 3565 3694 τ.

2002 3701 2182 3764 passim
2208 3701 2585 3752 confusae-Iac.

2061 3851 2296 3900 Dccvll.
2324 3852 2521 3899 Lemma
2550 3870 2561 3898 ε
2591 3853 2655 3907 εἰς
2678 3854 2899 3902 Σοσιθὲου
2935 3855 3069 3917 (sic)
3096 3859 3219 3914 τινὸς
3260 3861 3403 3922 τάφον
3428 3864 3554 3928 ὑπο,-

2000 3921 2269 3982 κρινομένου
2298 3921 2360 3968 τὰ
2378 3921 2424 3968 ἐν
2443 3925 2541 3976 ταῖς
2558 3923 2832 3982 τραγῳδίαις
2857 3925 3098 3986 φερόμενα.
3122 3927 3342 3987 ἔσφαλται
3362 3931 3414 3978 τὸ
3444 3932 3546 3978 ἐπί-

1999 4006 2189 4051 γραμμα
2234 3989 2545 4040 παντάπασιν.
2592 3993 2654 4040 Et
2695 3994 2770 4040 ter
2798 3993 2987 4055 appicta
3024 3994 3143 4057 sigla
3180 3999 3319 4054 ζήτει.
3364 4017 3389 4040 ει
3418 4001 3544 4049 Esse

1999 4058 2192 4112 videtur
2217 4059 2464 4109 difficilius
2496 4072 2642 4122 quam
2680 4062 2973 4125 corruptius.
3000 4083 3023 4106 ιο
3054 4066 3115 4114 Β.
3152 4067 3210 4115 111
3248 4065 3545 4128 Sositheum,

1996 4130 2237 4192 tragicum
2275 4133 2469 4192 poetam
2509 4143 2571 4180 ex
2600 4131 2793 4181 Pleiade
2810 4170 2822 4192 ,
2866 4132 2929 4182 de
2954 4147 3053 4195 quo
3084 4136 3213 4184 conf.
3252 4137 3546 4200 Fragmenta

1996 4199 2235 4261 Tragicor.
2256 4212 2303 4262 p.
2336 4203 2421 4250 149
2449 4213 2597 4262 seqq..
2614 4201 2665 4250 in
2685 4201 2909 4252 Biblioth.
2936 4203 3096 4253 Didot.
3126 4205 3313 4256 Scir-tus
3350 4210 3547 4270 satyrus

1994 4268 2044 4317 in
2072 4269 2261 4318 tumulo
2287 4272 2423 4319 stans
2455 4270 2625 4320 laudes
2650 4274 2808 4333 poetae
2830 4272 3058 4332 celebrat,
3099 4278 3156 4324 ut
3179 4277 3429 4340 Sophoclis
3456 4280 3541 4327 Sa-

1994 4343 2133 4402 tyrus
2155 4339 2279 4390 alius
2298 4353 2443 4404 supra
2465 4340 2515 4390 in
2534 4341 2682 4404 epigr.
2703 4345 2781 4402 37,
2799 4343 2877 4391 cui
2904 4345 3162 4407 respondet
3180 4347 3543 4409 quodammodo

1992 4412 2178 4461 Scirtus
2208 4413 2258 4460 in
2292 4415 2459 4461 nostro
2484 4413 2709 4462 carmine.
2749 4415 3101 4465 ‘tractaverunt
3126 4417 3221 4466 hoc
3249 4419 3543 4482 epigramma

1992 4485 2297 4532 Hermannus
2314 4482 2365 4530 in
2388 4484 2566 4545 opusc.
2588 4483 2684 4532 vol.
2704 4487 2745 4543 Ι,
2768 4499 2817 4546 p.
2839 4489 2896 4534 53
2916 4498 3043 4548 seq„
3072 4487 3271 4537 Naekius
3290 4489 3338 4537 in
3353 4492 3536 4552 opusc.

1991 4553 2156 4616 philol.
2174 4555 2213 4612 l,
2230 4565 2279 4614 p.
2300 4557 2329 4603 8
2348 4565 2504 4614 seqq„
2524 4553 2773 4603 fleckerus
2790 4556 2829 4615 Ι,
2850 4568 2897 4618 p.
2917 4561 3005 4606 268
3020 4569 3155 4619 seqq.
3182 4561 3233 4608 et
3249 4559 3539 4609 Welckerus

1990 4626 2063 4673 De
2088 4622 2337 4686 tragoediis
2358 4623 2528 4686 graecis
2554 4637 2602 4685 p.
2633 4629 2750 4674 1253
2778 4638 2911 4688 seqq.
2938 4653 2999 4663 —
3022 4632 3040 4677 1
3064 4629 3204 4687 ἄστη,
3226 4632 3536 4692 superposito

1990 4711 2049 4754 ει,
2072 4692 2253 4741 Codex.
2280 4711 2303 4734 α
2332 4695 2387 4741 111
2414 4692 2571 4754 priore
2598 4695 2851 4744 sententiae
2888 4699 3025 4759 parte
3060 4699 3294 4748 omissum
3324 4703 3401 4750 est
3424 4701 3536 4750 τόσ-

1988 4780 2090 4824 σον,
2122 4764 2182 4811 111
2211 4764 2250 4822 1,
2274 4776 2350 4825 ep.
2390 4767 2472 4822 17;
2502 4763 2580 4821 x1‚
2615 4777 2693 4826 ep.
2727 4769 2841 4824 1313
2877 4768 3083 4819 Theocr.
3124 4771 3205 4829 lx,
3253 4775 3344 4830 s4;
3373 4771 3532 4834 Apoll.

1985 4834 2076 4884 Rh.
2108 4837 2170 4894 Π,
2192 4840 2299 4882 912.
2322 4853 2345 4876 »ι
2372 4834 2520 4883 ΗσοΙε.
2548 4835 2620 4882 Ex
2647 4834 2807 4884 verbis
2835 4839 2881 4886 ὲν
2900 4837 3029 4888 ἄστει
3056 4853 3288 4904 apparere
3308 4841 3536 4891 observat

342 4896 506 4946 zia-iac.
544 4897 605 4946 ad
648 4896 807 4947 Ovidii
833 4900 986 4962 Epist.
1017 4902 1118 4950 her.
1157 4905 1196 4952 t.
1247 4906 1311 4963 11,
1361 4918 1410 4966 p.
1457 4909 1557 4954 124.
1614 4905 1898 4966 Sepulcrum
1985 4905 2301 4961 wolckerus,
2352 4903 2559 4953 Sosithei
2618 4911 2986 4958 monumentum
3043 4911 3093 4958 in
3148 4912 3276 4974 agris
3320 4912 3534 4974 positum

345 4967 518 5029 puellm
561 4971 610 5017 et
639 4967 807 5034 δρόμον
830 4971 1124 5020 ἐννεάκυκλον
1164 4979 1510 5025 commemorat
1532 4974 1773 5026 Coluthus
1809 4981 1896 5027 213
1932 4953 1942 5026 l
1986 4975 2129 5038 fingi,
2163 4975 2226 5024 ob
2264 4973 2498 5025 rusticum
2530 4983 2795 5040 χαρικτῆρα
2824 4979 3044 5040 satyricae
3072 4981 3255 5032 veteris
3292 4983 3353 5032 ab
3378 4997 3437 5032 eo
3464 4981 3537 5030 in-
3586 5063 3593 5068 .
