3829 5747
800 440 1194 536 BREVIS
1256 438 1873 534 ANNOTATIO
1940 442 2051 530 IN
2115 438 2463 533 CAPUT
2527 441 2679 529 ΙΙΙ.

223 958 349 1008 Clara
388 956 483 1007 suit
522 953 821 1018 Apollonidis
847 953 951 1003 sive
1000 950 1328 1017 Apolloniadis
1341 988 1354 1011 ,
1382 949 1533 999 Attali
1572 948 1701 1013 regis

170 1023 363 1089 Pergami
398 1025 573 1074 uxoris
586 1063 599 1085 ,
633 1026 685 1074 et
712 1022 923 1072 filiorum
952 1022 1107 1085 pietas
1120 1058 1134 1083 ,
1166 1019 1229 1070 de
1268 1033 1367 1082 qua
1391 1020 1464 1069 sic
1506 1022 1705 1069 narrant

170 1097 375 1159 Polybius
398 1098 453 1145 et
478 1093 791 1146 Plutarchus.
822 1092 960 1142 Prior
982 1092 1109 1141 Hist.
1142 1093 1327 1152 xxm,
1361 1096 1417 1140 18
1446 1087 1577 1149 (huc
1600 1102 1707 1151 per·

170 1166 347 1217 tinentia
370 1164 683 1228 excerpimus
698 1164 881 1225 latine)
911 1183 924 1211 ι
961 1182 979 1205 ·
1009 1160 1283 1225 Apollonias
1307 1160 1483 1223 cyzico
1499 1158 1706 1208 oriunda

172 1238 259 1285 erat
281 1235 451 1284 mulier
475 1234 713 1298 plurimas
738 1232 803 1281 ob
833 1244 1007 1281 causas
1032 1230 1263 1281 memoria
1297 1232 1346 1279 et
1370 1228 1515 1278 laude
1540 1228 1699 1291 digna.

170 1304 339 1355 Plebeia
359 1317 519 1368 quum
557 1304 689 1351 esset
703 1339 717 1362 ,
746 1304 909 1351 tamen
936 1300 1101 1363 regina
1126 1298 1312 1350 adscita
1339 1302 1439 1359 est,
1467 1297 1616 1359 idque
1640 1298 1707 1346 sa-

170 1375 341 1437 stiginm
378 1386 547 1437 nsque
572 1372 638 1422 ad
672 1371 863 1422 exitum
886 1370 1003 1421 vitae
1030 1370 1230 1420 retinuit
1255 1369 1450 1432 optimis
1488 1368 1701 1427 artibus,

170 1444 408 1504 modestia,
434 1455 634 1493 morum
658 1441 897 1505 gravitate
921 1438 1133 1502 quadam
1158 1438 1287 1488 civili
1303 1440 1355 1487 et
1369 1437 1610 1500 probitate
1625 1472 1637 1495 ,
1655 1436 1705 1484 in

171 1514 279 1562 filios
300 1516 463 1563 antem
478 1551 493 1573 ,
512 1524 639 1575 quos
654 1511 845 1574 peperit
866 1511 1117 1573 quattuor,
1144 1508 1473 1560 incredibilem
1500 1506 1706 1557 benevo-

170 1582 343 1631 lentiam
367 1584 421 1631 et
445 1591 665 1631 amorem
692 1579 757 1631 ad
778 1583 1054 1629 extremum
1082 1593 1240 1642 usque
1257 1579 1483 1642 spiritum
1514 1590 1703 1627 conser-

171 1652 307 1711 varit,
325 1650 557 1715 quamvis
588 1650 823 1699 diuturno
853 1652 1073 1713 tempore
1102 1648 1279 1699 marito
1295 1650 1546 1711 superstes
1576 1648 1708 1696 vixe-

169 1722 237 1771 rit.
269 1724 497 1772 Ceterum
528 1720 723 1769 Attalus
744 1734 861 1769 cum
890 1722 1108 1769 Eumene
1125 1719 1271 1768 fratre
1284 1757 1298 1779 ,
1326 1718 1376 1767 in
1392 1718 1475 1767 illo
1491 1715 1704 1768 adventu

170 1792 213 1839 in
234 1790 391 1840 urbem
410 1790 645 1852 cyzicum
659 1828 672 1851 ,
692 1789 930 1851 obsequio
956 1791 1103 1851 atque
1127 1788 1311 1838 honore
1338 1786 1481 1836 matri
1502 1786 1519 1847 (
1539 1788 1596 1835 ut
1616 1800 1707 1849 par

173 1864 289 1919 erat)
308 1860 553 1923 prestito,
594 1859 857 1909 maximam
896 1859 1097 1909 laudem
1136 1858 1345 1923 adeptus
1373 1859 1463 1907 est.
1501 1858 1705 1905 Matrem

171 1930 283 1980 enim
308 1930 451 1980 ambo
492 1928 705 1979 mediam
740 1931 953 1991 utraque
976 1941 1127 1977 manu
1170 1928 1469 1978 deducentes
1482 1964 1495 1987 ,
1524 1926 1707 1989 templa

170 2001 215 2047 et
240 2003 391 2050 cetera
420 1999 559 2049 urbis
589 2000 697 2049 loca
736 2012 851 2049 cum
891 1999 1124 2048 comitatu
1156 1998 1289 2062 regio
1328 1998 1701 2061 perlustrarunt.

166 2068 357 2119 Proinde
386 2082 559 2119 omnes
574 2070 659 2131 qui
683 2068 909 2129 aderant,
930 2068 1210 2132 spectaculo
1236 2066 1546 2117 vehementer
1570 2065 1701 2116 dele-

168 2140 293 2200 ctati,
307 2139 639 2189 adolescentes
668 2150 979 2201 summopere
1004 2137 1296 2197 laudabant,
1317 2140 1367 2187 et
1386 2135 1629 2186 Cleobidis
1647 2150 1707 2185 ac

168 2209 331 2259 Bitonis
366 2210 553 2259 factum
584 2208 818 2258 memoria
854 2210 1130 2271 repetentes
1144 2245 1157 2267 ,
1184 2206 1347 2257 studia
1386 2208 1707 2268 utrorumque

166 2279 279 2328 inter
304 2292 359 2329 se
378 2278 697 2329 conferebant
722 2280 739 2339 (
760 2278 891 2328 conf.
919 2278 1066 2341 epigr.
1102 2282 1155 2328 18
1178 2280 1217 2338 ).
1251 2297 1276 2321 »
1307 2274 1601 2327 Plutarchus
1626 2290 1711 2324 au·

165 2350 277 2408 tem,
307 2347 361 2396 in
398 2347 561 2397 libello
600 2350 671 2397 De
712 2347 927 2396 fraterno
970 2360 1137 2396 amore
1162 2348 1224 2411 (§
1262 2354 1309 2407 5,
1344 2360 1395 2410 p.
1427 2351 1546 2409 480,
1591 2350 1703 2410 B):

170 2440 191 2463 ι
218 2420 539 2485 Apollonidem
578 2420 864 2482 cyzicenam
878 2458 891 2481 ,
948 2419 1179 2469 Eumenis
1224 2421 1350 2485 regis
1388 2423 1594 2471 matrem
1648 2433 1707 2470 ac

164 2492 301 2541 trium
340 2494 575 2555 praeterea
601 2489 843 2549 tiliorum,
884 2491 1068 2551 Attali,
1098 2490 1341 2540 Philetaeri
1366 2492 1416 2540 et
1459 2490 1705 2551 Athenaei,

168 2563 439 2622 praedicasse
462 2560 673 2611 subinde
701 2574 755 2611 se
792 2559 987 2609 beatam
1018 2558 1211 2621 diisque
1247 2559 1401 2623 egisse
1440 2559 1578 2609 aiunt
1608 2573 1710 2623 gra-

168 2632 274 2694 ins,
298 2646 397 2681 non
428 2633 629 2694 propter
667 2629 865 2679 divitias
890 2628 969 2678 vel
990 2629 1277 2691 imperinm,
1310 2628 1399 2681 sed
1443 2628 1578 2691 quod
1606 2634 1709 2679 tres

170 2700 282 2749 tilios
314 2700 499 2751 uideret
539 2702 661 2749 natu
704 2697 905 2749 maximi
956 2710 1063 2747 esse
1099 2699 1357 2760 satellites,
1399 2711 1613 2761 eumque
1655 2698 1708 2747 in

170 2769 315 2819 medio
340 2771 552 2833 ipsorum
568 2767 755 2833 gladios
778 2768 1047 2829 hastasque
1065 2769 1335 2831 gerentium
1362 2768 1547 2830 absque
1572 2770 1709 2817 metu

170 2838 353 2888 versari.
376 2859 401 2882 ι
428 2837 557 2888 Huic
582 2838 730 2902 igitur
753 2836 843 2888 filii
878 2838 1117 2902 templum
1149 2840 1437 2889 struxerunt
1472 2840 1635 2902 Cyzici
1659 2843 1710 2890 et

170 2909 433 2972 anaglyphis
472 2909 799 2968 exornarunt,
840 2907 1034 2970 pietatis
1070 2907 1335 2957 liberorum
1376 2909 1425 2957 in
1455 2913 1680 2971 parentes
1694 2949 1706 2970 ,

172 2979 373 3042 inprim's
406 2981 619 3038 matres,
648 2978 873 3040 exempla
897 2991 927 3028 e
963 2976 1143 3027 fabulis
1170 2978 1325 3041 petita
1350 2977 1705 3030 exhibentibus.

168 3049 432 3113 Ariagtypha
462 3049 703 3114 columnis
734 3049 954 3110 (στύλοις)
982 3047 1189 3107 inserta,
1223 3047 1353 3097 unde
1378 3050 1711 3099 στυλοπινὰκια

176 3125 335 3170 vocata
348 3157 361 3178 ‚
384 3117 461 3167 his
488 3118 715 3172 versibus
739 3117 1099 3178 describuntur,
1119 3131 1329 3180 quonun
1347 3121 1537 3181 partem
1562 3119 1711 3169 ferme

174 3188 405 3237 dimidiam
430 3188 599 3251 gallice
626 3188 775 3236 vertit
803 3190 854 3236 et
884 3188 1086 3250 eleganti
1112 3189 1455 3238 commentario
1486 3189 1712 3252 explicuit

175 3257 445 3308 Chardnnus
481 3257 547 3307 de
588 3258 637 3307 la
678 3256 939 3317 Bochette,
972 3258 1242 3319 Melanyes
1281 3259 1375 3306 vol.
1424 3261 1503 3314 ll.
1542 3273 1591 3312 n.
1622 3264 1711 3310 272

178 3341 321 3391 seqq„
348 3331 453 3392 post
486 3327 773 3377 Jacobsinm
786 3365 799 3388 ,
833 3327 917 3390 qui
950 3327 1138 3390 primus
1178 3325 1395 3376 ediderat
1420 3340 1463 3377 a.
1499 3319 1633 3388 17'97,
1664 3329 1714 3378 in

176 3398 591 3448 Exercitationibus
642 3397 848 3456 criticis,
886 3397 981 3446 vol.
1031 3399 1092 3447 11.
1146 3397 1246 3445 Nos
1289 3409 1347 3444 ea
1390 3399 1587 3446 tantum
1622 3410 1712 3460 po-

176 3466 329 3516 nimus
372 3481 483 3530 quae
534 3466 811 3516 necessaria
864 3469 981 3516 sunt
1030 3463 1094 3515 ad
1140 3464 1448 3528 intelligenda
1486 3466 1717 3528 epigram·

180 3543 323 3598 mta,
347 3537 405 3587 de
444 3537 628 3600 mythis
672 3539 839 3587 autem
864 3537 907 3586 si
934 3549 1031 3598 qua
1068 3539 1185 3584 sunt
1213 3535 1549 3586 reconditiora.
1594 3543 1718 3586 Ano-

180 3608 303 3666 nymi
318 3610 467 3670 poetae
485 3607 789 3656 voluntatem
814 3608 864 3656 et
890 3605 1109 3654 studium
1134 3606 1298 3667 potius
1328 3604 1549 3654 laudabis
1565 3619 1715 3668 quam

178 3676 401 3740 ingenium
424 3681 474 3728 et
505 3677 803 3727 facultatem.
845 3676 1001 3725 Multa
1038 3675 1089 3723 in
1126 3673 1205 3722 his
1222 3674 1446 3736 peccavit
1470 3673 1713 3734 librarius,

180 3746 339 3796 sedulo
362 3750 523 3797 tamen
560 3747 784 3796 cavimus
805 3759 867 3794 ne
910 3757 941 3794 a
966 3747 1111 3807 poeta
1150 3743 1514 3807 abstergeamus
1548 3745 1716 3795 saecnli

182 3817 257 3865 sui
276 3821 419 3867 notas.
440 3848 501 3859 —
531 3819 587 3867 ln
612 3829 765 3880 marg.
790 3815 907 3865 eod.
944 3837 956 3865 ε
987 3821 1135 3864 ταῦτα
1166 3817 1213 3863 ἐν
1244 3814 1431 3876 Κυζίκῳ
1450 3816 1497 3863 ἐν
1520 3819 1590 3878 τῷ
1614 3817 1719 3865 θαυ-

182 3890 406 3952 μαζομένῳ
420 3892 521 3950 ναῷ
544 3893 629 3943 τῆς
656 3888 823 3950 μητρὸς
840 3885 1056 3935 Ἀττάλου
1090 3886 1168 3934 καὶ
1191 3886 1419 3946 Εὐμενοῦς
1445 3884 1545 3944 (sic
1570 3885 1718 3935 etiam

182 3954 231 4004 in
258 3957 443 4018 leinm.)
470 3963 565 4006 τῶν
605 3960 940 4020 Περγαμηνῶν.
962 3981 1029 3991 —-
1056 3955 1143 4004 llis
1185 3953 1376 4017 scriptis
1416 3957 1603 4017 reperta
1641 3958 1719 4004 est

182 4026 457 4076 Boissonadii
473 4031 590 4078 nota
606 4025 884 4077 accuratior
904 4047 917 4074 :
936 4044 959 4068 α
981 4025 1181 4088 Scripsit
1192 4024 1449 4074 Jacobsius
1468 4025 1712 4087 Εὐμένους.

184 4094 582 4146 Sedtemerarium
613 4097 665 4145 in
694 4095 877 4145 talibus
906 4096 984 4144 est
999 4096 1256 4143 accentum
1280 4095 1471 4142 mutare
1496 4105 1527 4141 a
1550 4092 1717 4142 codice

188 4163 449 4216 exhibitum
470 4169 691 4228 Corayus
726 4163 1047 4215 Plutarchum
1084 4163 1233 4212 edens
1263 4162 1480 4224 ejusdem
1512 4162 1717 4212 nominis

188 4239 421 4286 aceentmi
454 4236 687 4294 retraxit,
714 4233 851 4297 quod
884 4249 981 4284 non
1004 4232 1325 4296 probandum.
1360 4259 1423 4270 —
1447 4235 1535 4282 Est
1560 4235 1720 4282 στυλο-

188 4307 379 4354 naham
400 4321 573 4356 nomen
617 4307 899 4355 obscurum.
950 4305 1112 4355 Vertit
1146 4301 1424 4352 viscontius
1451 4301 1515 4351 ad
1562 4303 1715 4350 Inscr.

195 4373 341 4436 Triop.
356 4389 403 4438 p.
434 4383 517 4426 122
551 4397 563 4424 :
602 4377 918 4439 epiqrammi
949 4377 1135 4424 ism-itta·
1162 4373 1300 4422 nelle
1329 4372 1549 4422 cartelle
1582 4371 1719 4420 delle

196 4443 401 4494 colonae.
428 4449 645 4496 Fuerunt
670 4445 855 4495 tabule
885 4443 1089 4507 lapideae
1114 4445 1131 4502 (
1152 4443 1263 4493 vide
1287 4443 1465 4492 lemma
1489 4441 1719 4504 epigram-

196 4513 327 4562 Μὴ
357 4515 487 4576 noni)
516 4529 579 4565 ex
612 4515 723 4578 ipso
755 4514 997 4564 columnae
1038 4527 1186 4578 scapo
1216 4515 1465 4562 exstantes
1494 4516 1545 4562 et
1572 4505 1717 4575 opere

198 4583 435 4647 anaglypho
472 4588 657 4635 ornatae
700 4585 781 4634 vel
820 4587 1068 4635 oneratae·
1087 4587 1207 4634 Nam
1232 4585 1356 4635 tales
1381 4584 1718 4632 columnarum

199 4654 453 4714 amdiees
474 4669 651 4720 puram
689 4657 809 4706 artis
835 4657 1141 4707 severitatem
1166 4657 1347 4706 violare
1371 4655 1614 4704 videntur.
1648 4657 1719 4704 De

202 4723 535 4783 πὼπινακίοις
569 4726 697 4776 dixit
722 4728 773 4776 et
800 4727 1089 4776 Letronnius
1114 4725 1406 4790 Appende‘ce
1424 4727 1459 4776 ἀ
1480 4725 1535 4774 la
1567 4725 1719 4774 lettre

204 4789 315 4841 d'un
342 4799 637 4861 antiquaire
665 4807 715 4857 p.
748 4801 851 4846 104.
886 4796 983 4846 Sed
1006 4798 1271 4860 potuerunt
1294 4793 1561 4860 anaglypha
1587 4795 1720 4856 Cyzi·

204 4870 451 4920 maetiam
478 4871 527 4920 in
551 4871 891 4920 columnarum
917 4869 1169 4932 stylobatis
1190 4871 1379 4935 sculpta
1406 4871 1583 4930 fuisse,
1602 4881 1715 4932 quae

205 4932 287 5014 sti}
306 4941 447 5001 opinio
469 4940 769 5004 &aromatici
794 4940 881 5002 qui
899 4941 1108 4990 alterum
1126 4941 1303 4990 lemma
1318 4941 1451 4991 tertii
1476 4943 1527 4990 et
1552 4939 1717 5003 quarti

210 5011 523 5068 epigrammatis
540 5009 765 5076 scripsit.
791 5009 884 5060 Cui
906 5008 1283 5072 anaglyphorum
1308 5009 1533 5074 positioni
1557 5012 1607 5059 et
1625 5007 1715 5070 ipsi

1790 948 2046 998 conveniet
2078 960 2254 999 nomen
2279 946 2646 998 στυλοπινάκιον.
2687 951 2743 999 ln
2768 948 2874 1013 ipso
2903 948 3156 1013 anaglyphi
3182 950 3338 1013 spatio

1790 1018 2049 1071 collocatas
2072 1016 2226 1068 ruisse
2249 1015 2588 1082 inscriptiones
2615 1033 2712 1067 non
2731 1022 2807 1069 est
2837 1019 3132 1070 credendum
3147 1059 3159 1082 ,
3179 1034 3342 1082 quum

1791 1102 1881 1137 nec
1906 1090 2060 1137 oratio
2080 1086 2205 1138 t'elici
2231 1092 2281 1139 et
2303 1090 2518 1153 antiquae
2534 1089 2668 1139 aetati
2685 1088 2973 1153 respondeat
2989 1126 3004 1149 ,
3031 1092 3082 1139 et
3104 1092 3342 1154 repugnet

1790 1159 1957 1209 varius
1983 1173 2216 1210 versuum
2251 1174 2501 1211 numerus.
2533 1164 2587 1210 ln
2615 1160 2701 1210 tali
2724 1174 2869 1223 opere
2899 1163 3045 1223 poeta
3084 1161 3213 1225 ipse,
3243 1174 3341 1211 non

1790 1227 1954 1277 minus
1981 1240 2132 1290 quam
2160 1228 2396 1291 sculptor,
2434 1229 2624 1293 legibus
2657 1228 2828 1278 debuit
2852 1230 3146 1291 symmetriae
3171 1243 3342 1294 parere

1792 1301 1842 1348 et
1877 1300 2067 1361 aequale
2109 1299 2161 1347 in
2211 1312 2507 1362 unoquoque
2546 1299 2812 1364 anaglypho
2853 1299 3076 1349 versibus
3127 1300 3344 1364 spatium

1792 1367 1937 1432 dare;
1993 1382 2108 1418 nam
2140 1370 2445 1432 inoequalitas
2483 1372 2650 1421 oculos
2686 1370 2830 1421 valde
2857 1372 3080 1421 laesisset.
3117 1375 3243 1421 Puto
3271 1385 3346 1421 se-

1793 1439 1895 1489 rius
1924 1440 2076 1489 fuisse
2102 1441 2370 1504 composita
2391 1440 2504 1491 haec
2537 1442 2907 1506 epigrammata,
2939 1455 2999 1491 ac
3025 1442 3187 1493 libello
3212 1443 3347 1493 forsi-

1790 1512 1875 1559 tan
1911 1509 2115 1559 collecta
2161 1523 2310 1572 quem
2364 1510 2579 1562 aedituus
2633 1511 2914 1562 visitoribus
2957 1511 3262 1563 divendebat.
3315 1533 3342 1556 ν

1791 1577 2056 1628 Commode
2081 1578 2422 1630 animadvertit
2445 1582 2721 1642 Heckerus,
2747 1581 3092 1644 epigrammata
3110 1580 3348 1642 cyzicena

1792 1648 1947 1697 videri
1985 1648 2034 1697 in
2086 1662 2236 1697 usum
2276 1651 2580 1701 Constantini
2622 1650 2850 1713 Cephalae
2900 1647 3142 1713 descripta
3194 1650 3348 1698 fuisse

1793 1719 1952 1781 Cyzici
1978 1717 2039 1766 ab
2066 1718 2148 1768 illo
2166 1721 2422 1783 Gregorio,
2451 1734 2598 1785 quem
2617 1723 2966 1771 commemorat
2995 1720 3258 1770 scholiasta
3281 1718 3348 1768 ad

1791 1788 1939 1851 epigr.
1959 1792 2052 1838 334
2083 1789 2253 1851 capitis
2279 1792 2392 1840 Vll.

1856 1929 1896 1979 1.
1921 1930 1978 1980 ln
2007 1928 2170 1981 lemm.
2191 1929 2392 1986 σιλῆνων
2419 1926 2539 1978 cod.
2570 1956 2628 1968 -
2659 1934 2688 1977 2
2715 1928 2860 1977 παῖδα
2887 1927 3066 1987 κάδμου
3105 1927 3185 1975 καὶ
3208 1926 3350 1989 &ppo-

1792 1998 1898 2057 νὸης
1919 2000 2022 2061 (sic)
2047 1999 2191 2061 cod„
2212 2012 2338 2049 corr.
2355 1994 2462 2048 Jac.
2486 2026 2551 2036 —
2579 2003 2610 2048 4
2637 2000 2836 2054 Πενθιῦς
2857 1996 3170 2058 chardonus,
3189 1996 3348 2046 ionice

1795 2073 2098 2119 contractum
2123 2083 2186 2119 ex
2211 2072 2422 2126 Πενθέος.
2448 2068 2570 2119 cod.
2585 2069 2789 2126 πενοεῦς.
2818 2066 3133 2131 Intelligenda
3149 2070 3332 2117 estcon

1793 2141 1850 2189 tu
1870 2142 1994 2190 nelia
2019 2154 2119 2203 qua
2144 2140 2391 2190 Pentheus
2417 2140 2654 2190 affecerat
2675 2138 2894 2189 Semelen
2907 2176 2921 2201 ,
2949 2152 3049 2187 non
3071 2136 3348 2199 Bacchum,

1792 2212 1878 2273 qui
1906 2212 2040 2275 apud
2055 2212 2220 2275 Eurip.
2251 2212 2322 2261 sic
2342 2212 2576 2274 loquitur,
2603 2225 2651 2260 v,
2671 2214 2728 2260 41
2750 2231 2762 2259 ς
2791 2211 2914 2259 δεῖ...

1919 2333 2118 2393 Σεμέλης
2135 2348 2186 2379 τε
2214 2332 2384 2393 μητρὸς
2415 2328 2798 2391 ἀπολογήσασθαί
2835 2328 2883 2391 μ’
2907 2328 3023 2391 ὕπερ

1918 2403 2114 2463 φανέντα
2139 2405 2316 2461 θνητοῖς
2335 2401 2522 2465 δαίμον’
2537 2438 2553 2461 ,
2572 2401 2624 2450 ὃν
2652 2400 2798 2450 τίκτει
2821 2399 2918 2449 Διί.

1858 2546 1926 2596 11.
1959 2571 2021 2582 -—
2059 2548 2099 2594 1.
2132 2544 2283 2594 Βαθὺν
2327 2543 2500 2603 πάτον,
2540 2540 2890 2607 periphrastice
2921 2538 2984 2589 de
3011 2537 3257 2591 cambus.
3286 2562 3350 2577 -·

1796 2621 1825 2663 2
1844 2617 1991 2677 τευθρ.
2014 2614 2132 2663 Cod.
2151 2614 2296 2677 Regio
2315 2627 2346 2663 a
2369 2612 2667 2663 Teuthrante
2685 2614 2882 2675 regnata
2897 2648 2910 2673 ,
2939 2610 3109 2673 Mysia.
3129 2636 3192 2646 -
3221 2615 3252 2660 3
3281 2611 3352 2673 qt·

1796 2686 1890 2740 λιος
1910 2682 2260 2743 Wakefieldus,
2283 2683 2480 2733 frustra.
2501 2686 2575 2733 lta
2587 2696 2702 2731 mox
2717 2683 2924 2739 ξύνευνον
2943 2681 3086 2744 longo
3103 2696 3150 2741 υ,
3167 2682 3217 2729 et
3229 2680 3351 2731 alias

1796 2754 2029 2817 διχρὸνους
2057 2753 2120 2802 ob
2159 2755 2412 2801 accentum
2443 2752 2705 2815 productas
2741 2752 2944 2802 habebis
2978 2751 3031 2800 in
3053 2750 3150 2799 hoc
3185 2752 3346 2813 poeta.

1796 2826 1964 2886 Neque
1975 2822 2215 2888 tangenda
2232 2821 2552 2870 dialectorum
2565 2822 2686 2871 mira
2697 2822 2936 2871 confusio.
2953 2824 3077 2871 -4,
3097 2821 3286 2882 ἀνγάγω
3303 2822 3352 2877 ἐς

1796 2897 1954 2944 πεδίον
1973 2893 2114 2956 cod„
2142 2907 2265 2943 corr.
2283 2896 2408 2953 Jac.,
2429 2892 2703 2954 improbans
2735 2893 2865 2954 quod
2892 2894 2942 2942 in
2973 2893 3116 2944 tertia
3141 2891 3352 2943 editione

1794 2970 2026 3030 posuerat
2043 2963 2217 3028 ἀνάγω.

1860 3110 1954 3164 111.
1979 3107 2312 3169 Τυφλούμενον,
2336 3107 2521 3156 scilicet
2545 3107 2956 3166 καταψευσαμένης
2985 3107 3155 3168 φθορὰν
3172 3106 3320 3163 Φθίας
3334 3143 3352 3168 ,

1798 3185 1878 3238 τῆς
1902 3183 1986 3228 τοῦ
2009 3175 2178 3239 πατρὸς
2201 3177 2480 3232 παλλακίδος
2497 3213 2512 3236 ,
2549 3179 2606 3225 ut
2631 3175 2849 3238 loquitur
2895 3175 3214 3238 Apollodorus
3248 3179 3352 3237 111,

1806 3254 1876 3299 13.
1910 3268 1936 3292 «ι
1969 3251 2024 3298 ln
2051 3261 2203 3310 marg.
2237 3245 2359 3296 eod.
2400 3267 2412 3295 ι
2442 3249 2469 3295 ὁ
2507 3247 2656 3309 τρίτος
2677 3247 2816 3302 πίναξ
2840 3251 2925 3295 τοῦ
2946 3247 3099 3308 τρίτου
3133 3249 3355 3296 στυλοὸά-

1799 3337 1899 3370 του.
1928 3317 2169 3369 Videntur
2191 3315 2357 3380 itaque
2382 3315 2464 3366 illa
2487 3316 2757 3380 anaglypha
2783 3316 3120 3366 columnarum
3135 3319 3352 3379 basibus,

1800 3395 1894 3446 τοῖς
1924 3389 2220 3445 notescitur:
2236 3425 2251 3447 ,
2293 3389 2475 3437 inserta
2519 3386 2686 3438 fuisse.
2739 3409 2764 3432 u
2792 3385 2907 3438 Iac.
2953 3417 3016 3430 -
3049 3394 3090 3438 i.
3139 3408 3164 3432 «ι
3195 3390 3355 3440 Prima

1799 3460 1943 3523 longa
1985 3459 2192 3509 nominis
2234 3459 2468 3517 ξύνευνον,
2496 3471 2594 3508 non
2634 3471 2746 3507 raro
2787 3460 3024 3522 exemplo.
3067 3463 3236 3511 Monui
3291 3463 3357 3513 ad

1802 3529 2006 3579 Theocr.
2033 3535 2110 3588 28,
2133 3535 2190 3578 25
2217 3527 2295 3578 ed.
2325 3539 2423 3578 sec.
2445 3547 2468 3569 »
2490 3528 2550 3576 B.
2578 3552 2642 3562 —
2673 3535 2700 3576 2
2729 3529 2952 3584 Φοίνικος
2974 3529 3048 3586 ἡδ’
3061 3530 3137 3578 vel
3162 3531 3234 3579 ὁδ’
3265 3533 3358 3582 ἑθέ-

1802 3603 1869 3648 λει
1904 3599 2047 3656 Cod.,
2075 3611 2199 3647 corr.
2222 3595 2524 3647 ehardonus.
2555 3597 2758 3646 Frustra
2790 3597 2996 3646 Bothius
3021 3605 3198 3649 παῦσαι
3238 3602 3352 3664 ἔριν.

1805 3691 1829 3715 α
1862 3671 1952 3721 Est
1978 3674 2157 3720 παῦσαι
2183 3667 2454 3726 trochaeus,
2493 3680 2585 3716 nec
2617 3665 2669 3716 id
2696 3681 2807 3716 raro
2833 3668 3074 3718 malornm
3100 3673 3354 3733 poetarum

1802 3739 2020 3804 exemplo
2041 3759 2053 3787 ε
2081 3753 2129 3788 ν.
2150 3737 2281 3788 infra
2297 3738 2360 3788 ad
2377 3740 2481 3800 XV,
2499 3751 2573 3800 ep.
2596 3743 2650 3787 3¹
2677 3739 2759 3797 (et
2775 3751 2924 3801 supra
2951 3737 3017 3787 ad
3034 3739 3076 3798 1,
3096 3752 3172 3803 ep.
3200 3745 3352 3802 104)...

1804 3814 1969 3862 Boiss.
2001 3811 2090 3858 Est
2106 3810 2242 3872 χόλος
2265 3809 2452 3870 γενέτου
2469 3845 2484 3869 ,
2508 3807 2753 3858 Phoenicis
2778 3808 2850 3857 ira
2873 3807 2923 3856 in
2947 3811 3134 3870 patrem
3150 3847 3162 3870 ‚
3197 3813 3260 3860 ob
3287 3813 3358 3863 in-

1790 3878 1967 3943 juriam
2007 3875 2270 3927 Aicimedae
2299 3875 2444 3925 matri
2486 3874 2686 3925 illatam.
2723 3873 2977 3924 videndus
3009 3874 3153 3922 Hom.
3191 3876 3250 3925 ll.
3301 3879 3342 3934 1,

1794 3955 1885 4003 448
1912 3963 2048 4013 seqq.
2079 3952 2096 4009 (
2109 3948 2192 3999 ubi
2216 3963 2264 3997 ν.
2289 3952 2381 3999 459
2403 3949 2453 3997 et
2469 3946 2577 4007 illa,
2596 3952 2750 3996 παῦσε
2767 3948 2959 4009 χόλον).
2982 3967 3007 3990 n
3024 3949 3138 3996 Jac.
3161 3947 3223 3996 ad
3241 3963 3356 4005 qum

1804 4021 2145 4074 Boissnnadius
2179 4039 2192 4068 ι
2233 4037 2256 4062 α
2285 4017 2436 4072 Malui
2464 4029 2572 4066 eam
2591 4016 2815 4078 syntaxin
2849 4014 2914 4064 ad
2951 4014 3218 4078 genitivum
3243 4016 3355 4066 Φοί-

1802 4114 1928 4153 νικος
1955 4093 2184 4145 adhibere
2221 4111 2233 4140 :
2264 4093 2406 4140 iram
2430 4091 2608 4153 pali-1²³
2631 4090 2690 4137 in
2716 4084 3047 4147 Phoem‘cem,
3091 4089 3242 4148 atque
3283 4087 3356 4138 sic

1803 4169 1920 4218 olim
1949 4167 2049 4216 fere
2074 4161 2312 4213 sentiebat
2339 4159 2442 4222 ipse
2469 4157 2661 4208 Jacobs,
2696 4155 2859 4206 Possit
2875 4156 3061 4215 γενέταν
3075 4153 3212 4218 jungi
3239 4169 3356 4205 cum

1804 4240 2048 4296 Φοίνικος,
2095 4238 2236 4284 iram
2269 4235 2327 4282 in
2351 4229 2646 4280 Phoenicem
2688 4222 2891 4290 filium,
2933 4237 3088 4286 quum
3131 4230 3183 4275 et
3225 4239 3358 4290 saepe

1803 4309 2076 4359 inveniatur
2099 4305 2282 4367 γενέτης
2311 4302 2412 4350 ἀντὶ
2453 4305 2536 4349 τοῦ
2577 4298 2674 4352 υἱός
2701 4297 2862 4358 (sicut
2884 4294 3036 4366 infra,
3057 4309 3132 4358 ep.
3167 4301 3240 4357 10,
3274 4299 3354 4360 4),

1803 4379 1993 4435 Etenim
2009 4388 2142 4425 nune
2168 4373 2231 4423 de
2264 4369 2478 4421 sedanda
2507 4365 2750 4419 Phoenicis
2773 4365 2844 4413 ira
2873 4377 2970 4413 non
2999 4365 3249 4427 agebatur,
3271 4363 3360 4416 sed

1804 4449 1867 4498 de
1909 4447 1960 4495 vi
1987 4445 2049 4494 ab
2089 4457 2148 4492 eo
2187 4438 2533 4505 propulsanda.
2584 4439 2686 4486 Cur
2728 4435 2882 4484 iratus
2938 4432 3088 4482 fuerit
3143 4433 3360 4484 Phoenici

1806 4519 2055 4579 Amyntor,
2081 4513 2294 4562 declarat
2317 4521 2491 4559 versus
2519 4506 2696 4558 tertius
2726 4525 2738 4553 ι
2765 4503 2971 4553 Phoenix
3001 4502 3226 4554 videlicet
3250 4517 3354 4555 ma-

1805 4592 1934 4638 trem
1960 4586 2240 4647 despectam
2287 4581 2440 4630 tuisse
2478 4579 2542 4628 ob
2596 4577 2839 4628 serrulam
2893 4575 3226 4626 formosiorem
3262 4588 3360 4626 non

1805 4658 2044 4721 patienter
2073 4653 2282 4710 serebat,
2303 4654 2354 4700 et
2387 4651 2514 4700 male
2553 4649 2679 4698 ferre
2721 4647 3027 4707 narrabatur,
3054 4648 3130 4708 et,
3169 4649 3229 4696 ut
3268 4645 3327 4697 fit
3343 4686 3356 4708 ,

1806 4728 1956 4776 mixta
1983 4737 2100 4774 cum
2130 4723 2261 4771 veris
2287 4723 2561 4770 commenta
2597 4732 2762 4768 senem
2786 4717 3217 4767 inflammaverant.
3255 4736 3280 4760 ‚2
3295 4743 3359 4754 .-

1806 4801 1854 4846 4.
1871 4795 2150 4860 προῑεμὲνω,
2173 4799 2202 4841 6
2231 4791 2505 4847 παιδολὲτην
2533 4788 2809 4852 Cod.,corr.
2845 4785 3076 4848 Heynius.
3109 4786 3360 4838 Heckorus

1804 4866 2004 4931 praefert
2030 4862 2323 4925 παιδολετήρ.

1871 5009 1954 5057 lv.
1986 5009 2041 5056 ln
2082 5018 2234 5068 marg.
2286 5005 2313 5053 ὁ
2353 5002 2566 5067 τέταρτος
2594 4999 2732 5056 πίναξ
2761 5002 2844 5048 τοῦ
2875 4997 3018 5047 αὐτοῦ
3054 4993 3352 5048 στυλοὸάτου.

1734 5099 1812 5158 45

1897 5239 1924 5256 §-
