3829 5747
949 134 1196 195 CAPUT
1237 132 1362 191 Vll.
1407 130 1957 191 EPIGRAMMATA
2006 132 2539 193 SEPULCRALiA.

229 272 532 350 βουπάμων,
563 274 592 327 ὃ
621 268 741 347 πρὶν
770 266 1010 331 πλούσιος
1031 265 1308 335 αἰπολίοις,

97 372 117 407 ⁵
157 360 319 435 ὁπρίν
347 359 495 416 -τί
521 356 682 416 πλείω
709 360 1003 431 μυθεῦμαι,
1025 359 1054 412 ὃ
1084 362 1215 411 πᾶσι
1245 350 1537 429 μακαρτὸς,

227 452 322 525 φεῦ
339 493 358 523 ,
377 445 524 524 γαίης
555 444 711 515 ὅσσης
733 442 885 501 ὅσσον
922 442 1030 521 ἔχει
1061 440 1258 519 μόριον.

571 596 704 647 ⁷⁴1.
759 567 1266 645 κρΙΝΑΓοΡοΥ.

159 730 466 806 Ὀθρυάδην,
489 727 736 805 Σπάρτης
762 724 822 783 τὸ
849 725 988 802 μέγα
1007 722 1174 795 κλέος,
1207 720 1241 791 ἢ
1273 718 1580 796 Κυνέγειρον

223 814 584 895 ναύμαχον,ἢ
613 814 824 873 πάντων
855 814 982 893 ἔργα
1012 812 1166 871 κάλει
1197 807 1460 883 πολέμων·

159 902 324 982 Ἄρεος
356 902 622 983 αἰχμητὴς
647 901 852 969 Ἰταλὸς
874 900 1018 979 παρὰ
1047 896 1280 977 χεύμασι
1309 894 1504 967 Ῥήνου

231 995 456 1057 κλινθεὶς
473 1036 488 1062 ,
519 992 578 1049 ἐκ
605 992 812 1049 πολλῶν
836 986 1091 1063 ἡμιθανὴς
1123 986 1340 1065 βελέων,

162 1082 319 1137 αἰετὸν
351 1079 682 1157 ἁρπασθέντα
713 1077 864 1156 φίλου
893 1081 1116 1156 στρατοῦ
1145 1078 1214 1139 ὡς
1242 1073 1314 1131 ἴδ’
1333 1072 1420 1129 ὑπ’
1456 1072 1678 1152 ἐχθροῖς,

231 1160 378 1233 αὖτις
407 1164 704 1244 ἅρηῖφάτων
736 1164 945 1243 ἄνθορεν
965 1166 1023 1222 ἐκ
1047 1162 1238 1221 νεκύων
1254 1182 1267 1197 ·

162 1257 356 1321 κτείνας
387 1257 436 1313 δ’
466 1254 516 1319 ὅς
543 1254 632 1329 σφ’
652 1252 906 1329 ἐκόμιζεν,
941 1252 1040 1317 ἑοῖς
1065 1250 1364 1309 ἀνεσώσατο
1384 1248 1586 1327 ταγοῖς,

235 1349 421 1417 μοῦνος
447 1344 699 1413 ἀήττητον
721 1339 994 1417 δεξάμενος
1024 1338 1266 1397 θάνατον.

555 1494 690 1543 7⁴2.
730 1480 1304 1543 ΑΠΟΛΛΩΝΙΔΟΥ.

167 1624 350 1683 Οὐκέτι
381 1622 674 1697 Τιμόκλεια
698 1622 831 1679 τεῶν
860 1618 988 1700 φάος
1011 1617 1208 1684 ὤλεσας
1235 1616 1404 1676 ὄσσων

235 1709 452 1788 κούρους
473 1706 716 1785 δοιοτόκῳ
743 1706 891 1777 νηδύϊ
907 1704 1206 1784 γειναμένη·

167 1798 366 1873 ὄμμασι
393 1796 445 1854 δ’
471 1799 523 1855 ἐν
549 1790 849 1853 πλεόνεσσιν
877 1796 1046 1871 ἄθρεῖς
1067 1788 1388 1871 πυριθαλπὲς
1407 1788 1588 1867 ὄχημα

237 1884 454 1955 ἠελίου,
483 1882 737 1962 προτέρης
765 1872 897 1941 οῧσα
919 1878 1232 1958 τελειοτέρη.

586 2030 696 2080 743
710 2062 726 2077 .
774 2014 1286 2079 ΑΝΤΙΠΑΤΡΟΥ.

172 2166 374 2223 Εἴκοσιν
405 2159 790 2242 Ἑρμοκράτεια
814 2157 904 2215 καὶ
933 2152 1078 2212 ἐννέα
1105 2152 1262 2211 τέκνα
1291 2156 1512 2211 τεκοῦσα

239 2251 346 2309 οὗθ’
377 2250 486 2315 ἑνὸς
521 2246 642 2307 οὔτε
665 2256 788 2323 μιᾶς
817 2242 1136 2320 αὖγασάμην
1163 2242 1403 2301 θάνατον,

171 2342 242 2399 Οὐ
268 2340 372 2415 γὰρ
403 2334 754 2395 ἀπωΐστευσεν
785 2330 936 2407 ἐμοὺς
961 2333 1110 2401 υἱῆας
1137 2328 1424 2397 Ἀπόλλων,

241 2430 296 2483 οὐ
329 2421 750 2504 βαρυπενθήτους
767 2418 1008 2499 Ἄρτεμις
1045 2408 1148 2475 εἷλε
1173 2416 1348 2495 κόρας·

173 2515 360 2589 ἔμπαλι
387 2514 434 2569 δ’
457 2513 490 2569 ἆ
512 2512 604 2587 μὲν
629 2509 806 2567 ἔλυσεν
829 2510 968 2583 ἐμῶν
991 2506 1152 2563 ὧόἱνα
1175 2507 1435 2580 μολοῦσα,

241 2601 442 2666 Φοῖὅος
472 2600 520 2657 δ’
541 2602 610 2666 εἷς
636 2596 776 2667 ἥὸαν
800 2596 1018 2673 ἄρσενας
1055 2592 1282 2669 ἄγάγετο

177 2690 430 2754 &magiae
457 2686 734 2747 νούσοισιν.
766 2680 865 2743 Ίδ’
888 2685 958 2747 ὥς
977 2680 1162 2755 νίκημι
1193 2678 1407 2744 δικαίως

244 2781 426 2835 παισὶν
455 2774 545 2833 καὶ
569 2772 786 2851 γλώσσῃ
817 2772 1044 2849 σώφρονι
1071 2767 1393 2829 Τανταλίδα.

620 2928 728 2976 744
741 2960 754 2974 .
808 2913 1252 2976 ΔΙΟΓΕΝΟΥΣ.

181 3066 260 3121 'hv
299 3060 519 3140 Μέμφει
546 3059 696 3136 λόγος
725 3055 837 3114 ἐστὶ
865 3059 1046 3132 μαθεῖν
1075 3051 1210 3122 ἰδίην
1238 3050 1362 3108 ποτὶ
1393 3051 1580 3128 μοίρην

251 3149 476 3218 Εὔδοξον
497 3147 640 3226 παρὰ
663 3151 753 3204 τοῦ
781 3144 1075 3220 καλλίκερω
1105 3139 1320 3220 ταύρου·

181 3242 350 3296 κοῦδὲν
385 3236 543 3304 ἔλεξε·
572 3235 758 3306 adom
780 3226 863 3311 βοῒ
883 3231 985 3309 γὰρ
1016 3229 1170 3308 λόγον
1198 3229 1256 3288 οὗ
1282 3227 1407 3305 πόρε
1436 3225 1602 3308 φύτλη
1620 3269 1636 3296 ,

247 3326 364 3386 οὐδὲ
394 3325 557 3383 λάλον
590 3320 778 3400 μόσχῳ
804 3315 980 3379 Ἄπιδι
1013 3317 1204 3393 στόμα·

181 3415 304 3474 ἀλλὰ
333 3416 466 3491 παρ’
496 3411 650 3470 αὖτὸν
679 3408 885 3487 λέχριος
912 3403 1040 3470 στὰς
1073 3403 1402 3482 ἐλιχμήσατο
1422 3399 1604 3458 στόλον
1624 3444 1640 3471 ,

247 3503 530 3580 προφανῶς
552 3502 704 3556 τοῦτο
739 3495 1021 3554 διδάσκων
1057 3520 1080 3543 α
1110 3491 1369 3566 Ἀποδύσῃ
1393 3490 1569 3568 βιοτὴν

3218 133 3334 191 4Ιῖ)

1844 279 2516 343 multa-armenta-possideus‚
2530 280 2669 327 antea
2683 276 2822 327 dives
2832 276 3336 341 pecudum-gregibus,

1790 370 1931 417 antea
1948 394 2012 404 —
2032 368 2149 430 quid
2168 368 2307 430 plura
2328 366 2523 417 dicam?
2550 366 2776 415 omnibus
2808 363 3256 426 felix-praedicatus,

1851 454 1977 514 heu,
2004 458 2149 505 terrae
2171 456 2365 516 quantoe
2396 452 2683 516 quantulam
2710 451 2857 501 habet
2879 450 3271 513 portiunculam!

2294 601 2402 647 741.
2434 596 2833 646 CRINAGORAE.

1793 737 2072 801 Othryadeu
2088 774 2102 801 ‚
2124 740 2310 801 Spartae
2344 738 2510 801 ingens
2531 734 2682 786 decus
2700 774 2711 795 ‚
2733 738 2821 785 aut
2838 736 3125 798 Cynegirum

1860 824 2404 885 imnum-pugnantem,
2442 824 2528 873 aut
2580 822 2869 885 quorumvis
2912 823 3123 873 facinora
3163 814 3347 871 adi-oca

1793 912 2067 961 mavortius
2084 911 2223 962 miles
2255 910 2409 961 Italus
2431 922 2581 973 prope
2606 910 2787 961 fluenta
2812 910 2963 960 Rheni
3044 910 3299 973 [bellorum
3331 931 3340 956 :

1857 999 2154 1049 decumbens
2169 1036 2181 1059 ‚
2207 1012 2269 1048 ex
2290 998 2456 1049 multis
2480 998 2824 1049 semimortuus
2852 1000 2959 1049 telis
2976 1037 2989 1057 ‚

1794 1088 2008 1149 aquilam
2034 1089 2221 1149 raptam
2248 1086 2323 1135 sui
2348 1084 2587 1135 exercitus
2608 1087 2665 1135 ut
2690 1085 2810 1135 vidit
2829 1086 2921 1135 sub
2941 1084 3163 1135 hostibus
3179 1125 3190 1143 ‚

1859 1188 2029 1225 rursus
2058 1174 2581 1237 interfectis-in-pugna
2612 1172 2796 1223 exsiliit
2818 1188 2845 1223 e
2870 1173 3103 1230 mortuis3

1797 1266 1848 1313 et
1877 1261 2306 1326 quum-occidisset
2329 1260 2416 1323 qui
2442 1274 2551 1311 eam
2572 1260 2781 1322 terebat,
2812 1262 2917 1311 suis
2935 1260 3349 1311 serratam-resti-

1861 1352 1996 1401 solus
2023 1349 2251 1401 invictam
2270 1350 2443 1399 nactus
2468 1350 2691 1399 mortem.
2969 1348 3101 1411 [tuit
3118 1346 3329 1397 ducibus

2285 1498 2395 1543 742.
2436 1494 2873 1543 APOLLONIDAE.

1799 1638 1904 1685 Non
1928 1674 1940 1695 ,
1970 1634 2239 1695 Timoclea,
2258 1637 2461 1684 tuorum
2480 1632 2645 1683 lumen
2672 1630 2876 1681 amisisti
2896 1632 3147 1680 oculorum
3169 1670 3179 1690 2

1858 1734 2038 1785 pueros
2063 1721 2529 1785 geminos-pariente
2546 1722 2693 1769 utero
2710 1718 2847 1768 enixa
2862 1734 2877 1775 ς

1801 1811 1957 1860 oculis
1974 1823 2093 1859 vero
2123 1810 2207 1873 (in)
2226 1808 2447 1871 pluribus
2464 1822 2603 1859 nunc
2627 1809 2817 1871 spectas
2843 1804 3219 1856 fervidissimum
3242 1818 3357 1854 cur-

1865 1897 2007 1957 soliS,
2036 1896 2267 1959 priore-te
2296 1895 2427 1945 sacta
2452 1893 2731 1957 perfectior.
3214 1890 3359 1954 [rum

2326 2038 2433 2085 743.
2481 2034 2833 2083 ANTIPATRI.

1804 2177 1983 2240 Viginti
2002 2178 2345 2227 Hennocratea
2368 2178 2419 2225 et
2440 2188 2617 2224 novem
2640 2173 2819 2223 liberos
2840 2172 2981 2221 enixa

1864 2278 2025 2327 neque
2048 2278 2203 2313 unum
2226 2276 2383 2326 neque
2403 2276 2552 2312 unam
2576 2260 2677 2311 vidi
2702 2264 2960 2310 mortuam.

1805 2355 1908 2401 Non
1928 2352 2057 2401 enim
2076 2336 2482 2415 sagittis-configit
2508 2362 2645 2399 meos
2670 2348 2797 2399 filios
2823 2348 2993 2411 Apollo
3006 2385 3019 2407 ,

1867 2450 1964 2486 non
1990 2437 2447 2501 graviter-lugendas
2480 2436 2635 2485 Diana
2662 2435 2823 2497 rapuit
2850 2434 3033 2498 puellas
3062 2455 3074 2481 :

1809 2525 1894 2575 sed
1923 2528 2090 2575 contra
2116 2525 2225 2575 haec
2251 2524 2449 2588 quidem
2484 2524 2629 2574 solvit
2652 2538 2869 2573 mearum
2892 2526 3060 2585 partus
3082 2522 3358 2582 adveniens,

1870 2614 2083 2663 Phoebus
2112 2617 2279 2664 autem
2302 2612 2359 2663 ad
2380 2613 2687 2677 pubertatem
2714 2624 2873 2661 mares
2891 2609 3029 2660 duxit

1811 2702 1991 2752 inaesos
2012 2701 2211 2751 morbis.
2235 2704 2308 2749 En
2336 2699 2581 2763 quomodo
2604 2698 2748 2747 vinco
2773 2696 3119 2747 uec-immerito

1869 2789 2034 2840 liberis
2044 2791 2101 2839 'et
2125 2790 2287 2853 lingua
2307 2786 2525 2838 modesta
2542 2786 2856 2837 Tantalidem.

2240 2932 2348 2978 744.
2384 2928 2681 2978 DIOGENIS
2711 2927 2932 2975 LAERT.

1813 3069 2027 3132 Memphi
2054 3070 2183 3118 fama
2208 3071 2285 3118 est
2310 3067 2541 3117 didicisse
2566 3067 2819 3130 proprium
2850 3065 2968 3115 olim
2995 3065 3151 3114 saturn

1875 3157 2132 3207 Eudoxum
2158 3171 2187 3206 a
2204 3155 2847 3220 pulchra-habente-comua
2872 3157 3031 3203 tauro.

1817 3248 1881 3296 Et
1906 3249 1950 3297 ι’,ς
1982 3245 2101 3296 nibil
2132 3245 2284 3304 dixit3
2320 3245 2485 3295 unde?
2517 3245 2631 3294 bovi
2658 3245 2787 3294 enim
2810 3244 3054 3306 loquelam
3086 3257 3182 3292 non
3207 3242 3373 3292 tribuit

1875 3347 2035 3396 neque
2062 3333 2309 3397 garrulum
2331 3334 2543 3395 juvenco
2572 3331 2713 3396 Apidi
2744 3345 2801 3381 os
2842 3347 2853 3374 =
3138 3330 3345 3394 [natura
3360 3367 3373 3388 ‚

1819 3421 1907 3472 sed
1926 3423 2067 3485 juxta
2084 3435 2197 3472 eum
2217 3421 2632 3484 acclinis-oblique
2656 3423 2790 3470 stans
2809 3419 2979 3470 lambit
3000 3423 3185 3468 vestem
3208 3454 3223 3480 ,

1881 3510 2047 3570 aperte
2071 3507 2166 3557 hoc
2194 3507 2375 3557 docens
2391 3547 2408 3569 ‚
2430 3527 2455 3550 «ι
2482 3511 2647 3556 Exues
2673 3507 2825 3556 vitam

209 3593 3369 3626 *ww—-

238 3669 388 3718 Diva
411 3677 462 3716 et
487 3663 714 3714 armentis
729 3663 1032 3726 lanigeroque
1049 3673 1200 3724 grege,

182 3754 232 3799 Et
253 3767 314 3799 ne
335 3749 492 3798 multa
514 3747 699 3812 loquar,
717 3744 830 3793 felix
857 3759 1001 3808 super
1029 3741 1214 3798 omnia‚
1243 3749 1380 3787 terrie

239 3831 545 3896 Quantillum
575 3845 632 3877 ex
657 3837 838 3894 quanto
863 3841 993 3874 nunc
1020 3823 1164 3872 habet
1189 3823 1272 3870 ille
1295 3837 1429 3872 suum
1451 3825 1463 3868 Ξ

777 3953 888 4005 74¹·
916 3957 1222 3990 carmenum.

184 4069 306 4131 Quid
333 4082 464 4114 nune
479 4063 746 4129 Othryades
761 4097 776 4122 ,
806 4061 919 4127 quid
949 4075 1078 4109 nune
1099 4057 1356 4124 Cynegirus
1379 4057 1430 4106 in
1451 4056 1587 4105 undis

241 4155 537 4208 Decertans,
560 4146 676 4212 quid
706 4154 778 4194 tot
799 4144 922 4193 facta
947 4151 1128 4192 vetusta
1153 4141 1306 4189 virum
1325 4143 1348 4188 ἓ

183 4236 327 4283 Italus
351 4233 412 4281 ad
435 4231 662 4280 Rhenum
685 4230 890 4278 telorum
913 4226 1139 4290 grandine
1169 4239 1369 4280 mersus,

243 4321 449 4379 Jamque
472 4313 624 4362 solum
645 4311 741 4359 vita
759 4308 1007 4358 deficiente
1039 4321 1257 4372 premens
1275 4339 1290 4360 ,

185 4404 404 4464 Ereptam
437 4395 576 4445 sociis
598 4393 804 4458 aquilam
830 4391 1074 4456 conspexit
1109 4389 1169 4437 ab
1200 4387 1335 4436 lioste
1357 4423 1370 4448 ,

245 4485 304 4529 Et
329 4477 474 4527 simul
495 4493 522 4525 e
549 4474 714 4526 mediis
741 4473 973 4537 stragibus
997 4471 1204 4520 exsiluit.

187 4569 301 4614 Mox
317 4562 528 4627 aquilam
547 4559 746 4608 ducibus
763 4573 880 4606 ceso
906 4565 1096 4621 raptore
1117 4561 1328 4619 reportat
1358 4569 1370 4600 :

245 4645 373 4695 Huic
400 4645 488 4692 soli
513 4643 647 4692 licuit
672 4642 892 4702 vincere,
917 4639 1030 4687 dum
1053 4637 1272 4686 moritur.

746 4777 859 4838 743.
897 4789 1178 4821 anun-rar.

193 4903 306 4946 Cum
327 4897 540 4962 quinque
563 4893 790 4943 ediderim
817 4900 987 4957 quater
1007 4894 1342 4938 llerinocratea
1365 4899 1629 4948 novemque

1891 3655 2090 3721 Pignora
2107 3695 2125 3720 ,
2148 3674 2245 3707 non
2268 3667 2406 3706 natus
2422 3694 2437 3717 ,
2460 3673 2555 3706 non
2580 3656 2695 3704 mihi
2714 3664 2824 3703 nata
2844 3653 2971 3719 perit
3002 3669 3013 3701 ε

1825 3740 1936 3786 Non
1964 3737 2109 3787 vitam
2137 3738 2314 3788 teneris
2338 3738 2495 3803 rapuit
2514 3738 2665 3785 Diana
2690 3734 2863 3800 puellis
2880 3770 2893 3792 ,

1893 3824 2001 3869 Non
2026 3836 2197 3884 pueros
2220 3819 2327 3868 telis
2350 3819 2453 3868 fixit
2478 3818 2655 3883 Apollo
2672 3831 2817 3864 meos.

1825 3905 1955 3968 Quin
1980 3904 2124 3967 magis
2147 3905 2207 3951 ad
2230 3912 2393 3969 partus
2416 3919 2467 3951 se
2486 3901 2705 3967 pra-stitit
2726 3900 2815 3949 illa
2828 3899 3082 3956 faventem,

1893 3989 1951 4034 Et
1974 3983 2184 4034 maribus
2206 3985 2401 4049 plenum
2432 3983 2581 4032 robur
2603 3983 2780 4048 Apollo
2804 3981 2963 4040 dedit,

1827 4071 2065 4115 Intactum
2092 4065 2291 4115 morbis.
2316 4064 2395 4114 Sic
2412 4073 2510 4114 tam
2540 4063 2660 4112 mibi
2687 4064 2879 4111 vincere
2900 4061 3039 4126 prole

1893 4147 2219 4210 Tantalidem,
2248 4146 2406 4210 lingua
2430 4161 2571 4210 quam
2599 4145 2813 4210 sapiente
2835 4143 2995 4191 datum
3028 4149 3117 4189 est.

2280 4314 2391 4368 944.
2432 4321 2659 4354 moenis
2692 4317 2919 4352 nuum.

1830 4462 2076 4510 Eudoxum
2103 4462 2196 4524 (sic
2218 4460 2343 4510 fama
2368 4457 2567 4521 refert),
2592 4471 2700 4505 cum
2724 4451 3001 4519 Memphida
3032 4451 3175 4505 vidit.

1831 4551 1945 4595 Fata
1964 4562 2047 4595 sua
2074 4546 2265 4596 edocuit
2278 4543 2451 4594 lunatis
2474 4540 2699 4591 comibus
2732 4538 2863 4603 Apis.

1832 4630 1917 4681 Nil
1934 4630 2153 4695 equidem
2172 4629 2293 4679 dixit
2314 4630 2499 4693 (neque
2524 4624 2653 4674 enim
2676 4632 2847 4671 natura
2867 4619 3103 4685 loquelam

1834 4711 2077 4762 Concessit
2102 4725 2361 4776 vocemque
2388 4708 2527 4770 bovi)
2552 4706 2633 4755 sed
2660 4703 2905 4770 proximus
2927 4702 3114 4750 adstans

1833 4795 1909 4843 Ad
1929 4793 2075 4852 latus,
2100 4791 2212 4842 inde
2229 4793 2385 4856 palam
2405 4789 2560 4841 Cnidii
2580 4785 2820 4837 lambebat
2851 4783 3072 4842 amictus,

1838 4882 1950 4940 Quo
1978 4875 2124 4924 vitam
2146 4884 2343 4924 exueret
2370 4890 2519 4940 prope
2550 4882 2733 4936 tempus
2766 4869 2924 4916 adesso.
2950 4865 3167 4929 figurans.
