3829 5747
405 181 522 239 520
1515 168 1910 229 ANTHOLOG
1918 168 2015 227 1AE
2061 164 2463 226 PALATINAE

938 310 1014 355 36.
1053 306 1135 359 Εἰς
1152 304 1234 361 τὴν
1258 302 1422 359 αὐτήν.

397 433 675 510 Εὖχωλαῖς
700 428 790 489 καὶ
816 426 1001 488 πόντον
1023 426 1256 503 ἔκοίμισε
1283 423 1455 486 Νόννα
1481 423 1689 496 θεουδὴς

399 510 473 585 οἷς
491 517 724 577 τεκέεσσι
751 516 964 596 φίλοισι,
999 516 1089 573 καὶ
1113 516 1172 573 ἐκ
1191 512 1435 594 περάτων
1463 512 1762 590 συνάγειρεν

401 606 639 677 ἀντολίης
667 602 836 671 δύσιός
863 627 944 679 τε,
976 602 1115 681 μέγα
1137 602 1322 677 κλέος,
1349 606 1408 661 οὐ
1438 600 1735 672 δοκέοντας,

404 694 595 774 μητρὸς
621 694 768 773 ἔρως·
799 690 979 751 νοῦσόν
1007 714 1064 750 τε
1086 690 1276 765 πικρὴν
1305 688 1625 770 ἀποέργαθεν
1654 688 1860 767 ἀνδρός·

400 780 684 857 λισσομένη
702 826 718 857 ,
747 779 805 838 τὸ
838 781 892 840 δὲ
923 784 1134 855 θαῦμα,
1161 776 1314 835 λίπεν
1343 776 1452 855 βίον
1479 775 1646 834 ἔνδοθι
1679 780 1823 846 νηοῦ.

939 922 1018 969 37.
1044 920 1115 974 Εἰς
1137 920 1221 975 τὴν
1246 917 1408 975 αὐτήν.

403 1044 669 1110 Πολλάκις
688 1042 746 1103 ἔκ
764 1066 830 1120 με
854 1041 1017 1101 νόσων
1043 1064 1096 1099 τε
1126 1040 1215 1099 καὶ
1239 1038 1510 1117 ἀργαλέων
1531 1038 1866 1115 ὀρυμαγδῶν,
1897 1078 1928 1089 ,-

404 1135 632 1209 σεισμῶν
657 1156 712 1191 τε
739 1133 999 1210 κρυερῶν,
1027 1128 1117 1187 καὶ
1146 1128 1302 1207 ἄγρια
1330 1126 1669 1201 κυμαίνοντος

403 1219 646 1297 οἴδματος
673 1219 993 1290 ἐξεσάωσας,
1016 1216 1129 1276 ἐπεὶ
1162 1214 1274 1273 θεὸν
1291 1212 1439 1273 ἵλαον
1473 1202 1630 1292 εἶχες·

405 1308 542 1369 ἀλλὰ
567 1307 678 1366 σάω
700 1307 790 1365 καὶ
812 1310 902 1364 νῦν
927 1328 994 1381 με
1011 1350 1029 1377 ‚
1053 1303 1246 1382 πάτερ,
1275 1300 1536 1379 μεγάλῃσι
1558 1302 1733 1377 λιτῇσι
1749 1343 1764 1369 ,

405 1395 496 1455 καὶ
523 1395 616 1470 σὺ,
640 1398 862 1453 τεκοῦσα
880 1436 896 1464 ,
921 1393 1157 1471 μάκαιρα
1185 1393 1237 1448 ἐν
1261 1391 1522 1468 εὐχωλῇσι
1549 1392 1796 1447 θανοῦσα.

941 1535 1020 1583 38.
1047 1533 1126 1588 Εἰς
1151 1532 1234 1589 τὴν
1252 1530 1414 1587 αὐτήν.

409 1656 608 1717 Νόνναν
629 1654 1004 1734 ἐπουρανίοισιν
1023 1651 1382 1731 ἀγαλλομένην
1413 1649 1630 1730 φαέεσσι
1648 1697 1669 1724 ,

489 1742 579 1800 καὶ
604 1740 742 1822 ῥίζης
768 1742 909 1817 ἱερῆς
935 1738 1154 1819 πτόρθον
1185 1736 1458 1811 ἄειθαλέα,

409 1828 698 1909 Γρηγορίου
726 1830 894 1907 ἱερῆος
921 1826 1148 1903 ὁμόζυγα
1169 1872 1186 1897 ‚
1214 1824 1304 1886 καὶ
1335 1824 1683 1903 πραπίδεσσιν

491 1918 714 1993 εὐαγέων
736 1914 927 1975 τεκέων
958 1914 1159 1994 μητέρα
1178 1957 1196 1986 ,
1215 1911 1419 1989 τύμὸος
1449 1912 1578 1991 ἔχω.

948 2066 1024 2113 39.
1049 2064 1128 2119 Εἰς
1153 2064 1238 2121 τὴν
1267 2062 1426 2119 αὐτήν.

415 2191 584 2269 Εὐχαί
609 2212 666 2247 τε
687 2187 938 2265 στοναχαί
960 2211 1016 2247 τε
1047 2185 1194 2268 φίλαι
1218 2186 1308 2244 καὶ
1328 2184 1504 2251 νύκτες
1532 2184 1753 2253 ἄϋπνοι,

491 2276 582 2335 καὶ
606 2280 750 2348 νηοῖο
777 2275 932 2335 πέδον
963 2274 1181 2351 δάκρυσι
1201 2271 1492 2350 δευόμενον,

413 2364 526 2439 σοὶ,
553 2364 725 2425 Νόννα
755 2361 909 2433 ζαθέη
930 2406 950 2439 ,
982 2360 1126 2432 τοίην
1157 2359 1351 2438 βιότοιο
1375 2357 1619 2429 τελευτὴν

490 2451 738 2523 ὤπασαν,
767 2452 822 2508 ἐν
847 2452 958 2529 νηῷ
983 2452 1151 2529 ψῆφον
1182 2450 1315 2505 ἑλεῖν
1341 2445 1582 2504 θανάτου.

954 2592 1032 2637 ιο.
1057 2588 1136 2643 mc,
1159 2572 1242 2643 τὴν
1266 2586 1420 2643 αὐτὴν.

413 2713 606 2785 Μοῦνη
640 2712 721 2772 σοὶ
741 2711 886 2793 φωνὴ
917 2710 1276 2792 περιλείπετο,
1307 2708 1480 2768 Νόννα
1508 2708 1729 2787 φαεινὴ,

493 2803 650 2861 πάνθ’
678 2802 865 2879 ἄμυδις
890 2802 1067 2871 ληνοῖς
1091 2796 1337 2873 ἐνθεμένη
1370 2794 1637 2876 μεγάλοις,

417 2895 478 2950 ἐκ
505 2895 734 2970 καθαρῆς
761 2889 974 2968 κραδίης
998 2887 1152 2964 ἇγνὸν
1181 2885 1317 2952 θύος·
1357 2886 1474 2944 ἀλλ’
1500 2886 1604 2965 ἄρα
1643 2884 1732 2943 καὶ
1761 2885 1852 2952 τὴν

497 2977 747 3050 ὑστατίην
773 2979 883 3056 νηῷ
909 2979 1079 3040 λεῖπες
1109 2974 1408 3053 ἀειρομένη.

955 3129 1033 3174 41.
1065 3125 1144 3180 Εἰς
1165 3125 1248 3181 τὴν
1267 3124 1424 3180 αὐτήν.

422 3250 559 3312 Οὐδὲ
581 3246 731 3308 θάνεν
755 3257 902 3318 νηοῖο
925 3243 1142 3311 θυώδεος
1166 3244 1339 3303 ἔκτοθι
1363 3242 1535 3304 Νόννα
1552 3287 1570 3316 ,

502 3335 676 3418 φωνὴν
700 3335 756 3395 δὲ
781 3333 1039 3414 προτέρην
1065 3331 1274 3413 ἥρπασε
1295 3331 1516 3410 Χριστὸς
1541 3329 1668 3398 ἅναξ

422 3423 758 3500 λισσομένης·
789 3423 971 3481 πόθεεν
994 3421 1095 3501 γὰρ
1121 3425 1172 3480 ἐν
1195 3421 1457 3499 εὐχωλῇσι
1483 3419 1728 3479 τελέσσαι

499 3511 644 3572 τόνδε
671 3507 781 3589 βίον
808 3507 982 3577 πάσης
1013 3507 1286 3584 ἇγνότερον
1313 3501 1505 3576 θυσίης.

963 3660 1041 3706 42.
1072 3657 1150 3705 Ei:
1172 3654 1254 3712 τήν
1279 3653 1439 3710 αὐτήν.

425 3779 580 3843 Νόνν’
609 3777 758 3858 ἱερὴ,
791 3776 856 3834 σὺ
885 3774 940 3834 δὲ
967 3775 1142 3835 πάντα
1169 3777 1272 3855 θεῷ
1299 3774 1410 3853 βίον
1436 3773 1711 3832 ἀντείνασα

505 3867 759 3926 ὓστάτιον.
773 3863 946 3946 ψυχὴν
969 3865 1138 3931 δῶκας
1161 3862 1321 3942 ἁγνὴν
1341 3861 1538 3934 θυσίην·

425 3958 551 4037 τῇδε
574 3953 675 4033 γὰρ
700 3951 956 4032 εὐχομένη
988 3949 1123 4023 ζωὴν
1147 3953 1310 4017 λίπες·
1340 3956 1374 4022 ἡ
1400 3950 1454 4008 δὲ
1483 3949 1733 4030 τράπεζα,

508 4047 674 4122 μῆτερ
698 4039 802 4118 ἐμὴ
817 4087 834 4118 ,
861 4042 939 4119 τῷ
960 4043 1037 4119 σῷ
1062 4041 1197 4099 δῶκε
1228 4039 1374 4106 κλέος
1399 4040 1625 4119 θανάτῳ.

946 4194 1023 4241 43.
1059 4191 1136 4246 Εἰς
1157 4191 1241 4246 τὴν
1264 4189 1420 4248 αὑτήν.

430 4316 608 4384 Τῆσδε
635 4313 810 4391 πατὴρ
841 4313 935 4388 μὲν
964 4313 1085 4388 ἐμὸς
1108 4309 1286 4390 λάτρις
1316 4309 1478 4388 μέγας
1503 4303 1568 4382 ἦε
1593 4311 1850 4391 τραπέζης
1866 4358 1884 4387 ,

511 4401 688 4480 μήτηρ
719 4401 764 4460 δ’
799 4399 1060 4480 εὐχομένη
1081 4398 1192 4480 πὰρ
1213 4400 1336 4458 ποσὶ
1366 4397 1488 4470 λῆξε
1511 4397 1627 4478 βίου
1646 4445 1662 4474 ,

431 4487 714 4568 Γρηγόριος
741 4487 919 4549 Νόννα
945 4511 1002 4547 τε
1031 4487 1338 4564 μεγακλέες·
1371 4485 1554 4565 εὔχομ’
1576 4487 1760 4546 ἄνακτι

511 4573 654 4636 τοίαν
683 4575 799 4652 ἐμοὶ
816 4575 952 4646 ζωὴν
977 4575 1067 4634 καὶ
1093 4573 1237 4640 τέλος
1261 4575 1521 4633 ἀντιάσαι.

954 4728 1030 4775 44.
1054 4727 1134 4781 Εἰς
1153 4726 1237 4784 τήν
1260 4725 1424 4782 αὐτήν.

439 4871 463 4898 ι
487 4844 673 4906 Πολλὰ
688 4889 706 4920 ,
723 4845 956 4927 τράπεζα
983 4849 1106 4925 φίλη
1121 4889 1138 4919 ,
1162 4844 1361 4919 Νόννης
1385 4846 1476 4906 καὶ
1505 4845 1684 4926 δάκρυ’
1711 4845 1887 4915 ἐδέξω·

519 4936 734 5014 δέχνυσο
756 4937 845 4995 καὶ
872 4935 1074 5015 ψυχὴν,
1094 4934 1188 5008 τὴν
1211 4934 1458 5014 πυμάτην
1481 4934 1681 5006 θυσίην.
1719 4964 1740 4987 ¹·

1986 308 1995 412 ¹1
2604 302 2672 345 ³6.
2702 304 2755 345 ln
2787 298 2997 345 eandem.

2034 437 2264 488 Precibus
2290 440 2341 487 et
2364 449 2498 487 mare
2519 436 2698 499 sopivit
2722 436 2891 484 Nonne
2916 432 3081 484 divina

2033 528 2136 579 suis
2156 526 2267 578 filiis
2297 526 2451 585 caris3
2488 529 2623 577 etex
2652 525 2834 575 finibus
2854 524 3092 575 adunavit

2034 614 2233 665 orientis
2250 612 2617 676 occidentisque
2638 612 2777 677 (laus
2794 616 2991 675 magna)
3010 625 3107 661 nou
3124 614 3397 674 sperantes

2034 702 2205 752 matris
2226 714 2363 752 amor
2397 720 2411 750 ι
2438 700 2757 762 morbumque
2782 713 2982 763 gravem
3006 699 3183 749 avertit
3204 700 3401 749 n-viro.

2036 792 2207 853 OranS,
2226 789 2421 851 mirum,
2442 787 2637 851 reliquit
2653 787 2803 837 vitam
2820 787 2945 837 intra
2970 786 3241 836 ecclesiam.

2611 928 2683 971 57.
2716 928 2771 973 ln
2812 928 3022 974 cundem.

2036 1052 2175 1114 Saepe
2203 1063 2362 1113 exque
2378 1048 2559 1101 morbis
2580 1062 2660 1099 me
2683 1049 2979 1113 et-gravibus
3006 1050 3187 1110 turbis,

2038 1140 2523 1203 motibusque-terrie
2543 1139 2664 1189 diris
2678 1177 2693 1204 ,
2710 1142 2762 1190 et
2786 1152 2920 1189 θωνα
2948 1140 3262 1189 tumultuanti

2040 1230 2142 1279 salo
2160 1229 2381 1289 servasti,
2402 1228 2518 1291 qnia
2538 1231 2693 1277 Deum
2712 1227 2974 1291 propitium
2999 1226 3227 1277 habebas.

2042 1320 2105 1368 At
2129 1331 2270 1368 serva
2288 1320 2338 1367 et
2354 1330 2486 1366 nunc
2508 1330 2589 1367 me
2602 1351 2616 1376 ,
2644 1317 2799 1379 pater,
2827 1314 3001 1366 validis
3021 1314 3242 1378 precibus
3255 1354 3268 1376 ,

2039 1408 2091 1456 et
2107 1409 2163 1457 tu
2177 1444 2190 1467 ‚
2222 1408 2393 1465 mater,
2413 1404 2695 1467 beata-quaa
2716 1403 2959 1453 in-mediis
2976 1403 3273 1455 orationibus
3294 1408 3623 1456 es-mortm.

1991 1508 1999 1733 ἱ
2632 1544 2700 1588 ³8.
2731 1546 2785 1589 lu
2816 1542 3020 1589 eandem.

2040 1671 2259 1717 Nonnam
2282 1667 2559 1717 coelestibns
2575 1668 2901 1719 exsultantem
2924 1666 3279 1731 splendoribus,

2102 1758 2155 1807 et
2180 1754 2355 1805 radicis
2376 1768 2529 1805 sacrm
2548 1756 2801 1805 surculum
2827 1755 3283 1819 semper-virentem
3296 1794 3309 1817 ‚

2041 1844 2255 1907 Gregorii
2288 1842 2552 1894 sacerdotis
2573 1843 2827 1907 conjugem
2841 1882 2855 1905 ‚
2884 1846 2936 1893 et
2952 1846 3120 1895 mente

2104 1933 2293 1996 piorum
2324 1932 2583 1981 liberorum
2608 1934 2831 1993 matrem,
2854 1933 3075 1982 tumulus
3097 1934 3261 1983 teneo.

2636 2072 2706 2115 59.
2736 2074 2787 2114 in
2819 2070 3026 2117 eandem.

2043 2206 2315 2264 Precesque
2332 2203 2634 2266 gemitusque
2658 2202 2757 2251 rari
2776 2204 2827 2252 et
2848 2203 3017 2251 noctes
3038 2202 3309 2263 insomnoe,

2106 2294 2157 2341 et
2174 2292 2391 2341 ecclesiae
2410 2292 2569 2340 solum
2599 2290 2807 2341 lacrimis
2828 2288 3154 2339 madefactum
3175 2326 3189 2349 ‚
3396 2268 3405 2277 ’

1999 2355 2006 2515 Ι
2046 2378 2165 2439 tibi,
2191 2380 2361 2429 Nonne
2377 2377 2567 2437 divina,
2585 2377 2732 2427 talem
2750 2377 2865 2426 vitae
2888 2376 3035 2427 finem

2111 2468 2370 2528 dederunt,
2390 2468 2441 2517 in
2462 2466 2666 2517 ecclesia
2686 2466 2926 2517 calculum
2944 2466 3161 2532 accipere
3176 2466 3370 2517 mortis.

2624 2606 2695 2648 40.
2725 2608 2780 2649 111
2822 2604 3033 2649 eandem.

2050 2730 2163 2779 Sola
2184 2726 2275 2777 tibi
2294 2740 2386 2777 vox
2411 2725 2709 2777 erat-relicta
2724 2765 2737 2787 ,
2758 2728 2929 2775 Nonne
2945 2726 3195 2789 praeclara,

2110 2818 2285 2865 cuncta
2303 2814 2449 2864 simul
2462 2814 2668 2865 lacubus
2693 2814 2945 2877 imponens
2964 2813 3152 2878 maguis
3167 2851 3181 2875 ‚

2052 2918 2113 2953 ex
2140 2917 2265 2967 puro
2288 2903 2432 2954 corde
2458 2915 2630 2966 puram
2656 2901 2882 2951 hostiam.
2912 2900 3007 2951 Sed
3028 2915 3134 2952 eam
3162 2915 3366 2965 quoquc

2112 2994 2405 3055 postremam
2428 2989 2645 3040 ecclesiae
2674 2989 2927 3052 linquebas
2950 2991 3352 3052 quum-raptas.

2004 2995 2011 3214 ἔ
2632 3130 2701 3174 Η.
2732 3133 2788 3174 In
2825 3129 3028 3174 eandem.

2054 3266 2153 3314 Nec
2175 3265 2472 3314 mortua-est
2494 3262 2745 3312 ecclesiam
2770 3262 2910 3311 extra
2938 3260 3227 3322 fragrantem
3252 3261 3443 3320 Nomia,

2118 3367 2211 3403 nec
2247 3365 2419 3402 vocem
2448 3352 2585 3416 prius
2604 3349 2767 3414 rapuit
2790 3349 3013 3399 Christus
3030 3347 3256 3397 dominus

2055 3441 2268 3491 orantis:
2288 3439 2513 3502 cupiebat
2534 3437 2662 3487 enim
2685 3437 2812 3486 inter
2831 3449 3001 3499 preces
3023 3434 3161 3484 finire
3264 3439 3269 3442 '

2008 3541 2015 3558 ⁸
2116 3526 2245 3577 banc
2268 3526 2421 3576 vitam
2446 3525 2577 3574 omni
2599 3524 2843 3588 puriorem
2860 3522 3035 3571 hostia.

2008 3507 2014 3540 ι

2008 3561 2015 3608 Ι

2008 3613 2019 3802 ἶ
2638 3666 2704 3708 42.
2730 3667 2782 3707 ln
2824 3661 3029 3706 eandem.

2010 3803 2017 3850 1

2058 3803 2227 3850 Nonne
2242 3810 2377 3848 sacra
2394 3835 2407 3857 ,
2436 3799 2491 3846 tu
2512 3797 2661 3846 totam
2688 3792 2792 3844 Deo
2815 3794 2965 3844 vitam
2991 3793 3452 3856 quae-pmtenderas,

2120 3887 2363 3949 postremo
2386 3884 2597 3933 animam
2620 3881 2831 3942 dedisti,
2859 3895 3033 3944 puram
3057 3880 3265 3930 bostiam
3289 3901 3302 3929 ι

2059 3972 2140 4022 bic
2156 3972 2283 4022 enim
2308 3985 2451 4020 orans
2477 3971 2626 4020 vitam
2655 3969 2860 4032 liquisti3
2881 3981 3049 4017 mensa
3066 3980 3179 4016 vero
3194 4006 3207 4029 ,

2122 4059 2277 4106 mater
2293 4069 2403 4106 mea
2417 4094 2431 4117 ‚
2453 4058 2555 4105 tuae
2580 4053 2717 4104 dedit
2740 4053 2894 4102 decus
2918 4053 3076 4102 morti.

2642 4194 2713 4236 ⁴5.
2748 4191 2800 4234 In
2824 4190 3034 4234 eandem.

2014 4235 2020 4282 Ι

2015 4287 2021 4426 ἱ
2064 4323 2223 4384 Hujus
2248 4325 2385 4404 pater
2402 4322 2601 4384 quidem
2626 4334 2768 4371 meus
2794 4320 3007 4370 famulus
3024 4317 3225 4382 insignis
3251 4317 3355 4368 erat
3377 4287 3578 4378 inens-'m

2015 4427 2022 4525 γ
2125 4411 2281 4459 mater
2297 4421 2414 4458 vero
2436 4421 2579 4458 orans
2590 4407 2735 4470 Juxta
2757 4408 2871 4468 ejus
2891 4405 3070 4470 gradus
3096 4404 3242 4456 desiit
3259 4405 3441 4466 virore,

2017 4536 2023 4565 ,
2068 4496 2326 4562 Gregorius
2350 4499 2613 4559 Nonnaque
2640 4494 2953 4545 celeberrimi.
2982 4496 3154 4544 Precor
3174 4491 3427 4544 dominum

2018 4581 2023 4650 Ι
2126 4583 2240 4634 talis
2258 4584 2375 4634 mibi
2401 4583 2501 4633 vita
2524 4596 2581 4632 ac
2600 4582 2709 4632 finis
2728 4582 3097 4645 ut-contingant.

2018 4656 2027 4948 ἱ

2651 4723 2720 4765 u.
2756 4725 2809 4764 in
2842 4720 3049 4765 eandem.

2072 4876 2095 4898 κ
2127 4856 2281 4905 Multa
2294 4893 2307 4918 ,
2328 4867 2493 4904 mensa
2512 4867 2640 4915 cara,
2658 4855 2841 4903 Nonnae
2859 4855 2909 4903 et
2928 4852 3151 4902 lacrimas
3174 4849 3430 4914 accepisti;

2136 4963 2161 4989 ι
2182 4943 2346 5006 accipe
2369 4945 2418 4992 et
2443 4943 2651 4992 animam
2668 4981 2681 5004 ,
2700 4942 2918 4991 ultimam
2938 4939 3147 4990 bostiam
3168 4959 3211 4988 u.
