3829 5747
1204 198 1278 256 IN
1321 196 1568 256 CAPUT
1615 197 1691 256 VI
1739 197 2193 257 ANNOTATIO.

239 326 374 375 cm.
404 327 586 375 lemma
624 347 636 375 2
669 325 880 387 ἀνάθημα
916 334 974 391 τῇ
1007 329 1125 392 αὐτῇ
1159 329 1286 392 παρὰ
1324 331 1567 390 Καὶιγριας
1599 327 1686 386 (sie

189 397 378 458 Paulss.).
399 398 599 459 ἰαμὸικόν
619 399 698 446 καὶ
723 403 860 447 τοῦτο
892 400 1133 461 (respectu
1163 399 1226 449 ad
1253 412 1328 461 ep.
1360 405 1448 448 203
1475 403 1526 448 et
1552 399 1679 456 alia).

185 492 238 504 —
256 476 278 516 2
301 469 520 530 πορφυρεῠν
543 467 728 527 Codex,
747 469 880 530 quod
914 470 1120 519 Meinek.
1142 484 1188 532 p.
1222 475 1304 519 112
1325 469 1534 518 reduxit.
1559 469 1684 518 Editi

184 544 416 598 πορφυροῦν.
453 556 476 578 «ι
521 537 753 586 Lesbiam
801 551 988 588 comam
1027 539 1124 588 dici
1164 538 1316 588 videri
1361 537 1683 588 adscititiam

184 611 430 656 annotarunt
467 608 618 658 Reisk.
653 612 706 659 et
735 612 887 672 Toup.
929 612 986 658 ln
1032 609 1229 659 Luciani
1270 609 1397 658 Dial.
1426 611 1620 658 meretr.
1652 617 1680 658 5

183 678 401 726 exhibetur
433 679 596 729 Lesbia
645 681 824 731 mulier
865 683 1052 742 πηνὴκῃ
1106 681 1358 731 instructa.
1403 701 1426 724 ι»
1473 684 1586 730 Jac.
1619 707 1680 716 ——-

181 757 216 796 3.
240 770 258 790 «ι
279 751 358 797 Pro
381 749 552 812 scripto
581 754 808 814 μεὶοῡχον
843 752 965 801 bene
997 751 1182 802 viderat
1221 765 1332 800 cum
1365 751 1553 815 Toupio
1572 754 1681 801 Lar-

181 819 324 868 ‹herus
355 819 474 869 Diss.
501 819 563 870 de
598 825 785 870 Venere
811 837 860 885 p.
890 827 978 872 287
1012 823 1270 884 legendum
1294 835 1401 871 esse
1430 824 1680 882 μηλοῦχον,

179 889 246 938 sed
264 891 470 954 ὑαλόχςοα
489 905 632 954 prave
649 893 712 942 de
730 893 972 957 pellucido
990 893 1235 941 intellexit.
1265 913 1290 935 n
1317 896 1378 941 B.
1400 895 1486 940 Est
1509 891 1682 940 coloris
1725 903 1732 976 Ι

176 958 356 1016 caerulei,
381 960 646 1010 subviridis.
665 971 794 1012 -6,
818 981 841 1004 ει
871 963 1046 1017 Γνησὶα
1068 961 1159 1018 (sic
1180 959 1322 1023 Cod.)
1347 961 1496 1022 Κύπρι
1515 958 1683 1008 multis

177 1027 378 1089 variisque
410 1031 696 1092 conjecturis
731 1034 972 1081 tentatum
1013 1034 1103 1079 est.
1141 1029 1500 1080 inconsiderate
1522 1031 1679 1090 Toup.

177 1099 214 1144 et
233 1098 411 1147 Brunck.
431 1101 612 1157 Κτησία
629 1137 643 1158 ,
658 1101 788 1163 quod
813 1100 931 1150 nihil
947 1105 1025 1150 est
1044 1101 1189 1160 (conf.
1213 1103 1409 1148 Person.
1433 1097 1496 1148 ad
1519 1100 1681 1160 Toup.

177 1166 336 1216 Emend.
359 1171 438 1228 lV,
454 1182 501 1231 p.
521 1174 654 1228 457).
675 1173 773 1220 Nec
791 1171 914 1220 bene
933 1171 1126 1220 Jacobs.
1149 1171 1347 1232 γνησίαν
1364 1169 1426 1218 de
1450 1170 1683 1231 leyite‘ma

177 1239 328 1286 Venere
345 1237 694 1302 interpretatur,
719 1255 868 1304 quam
887 1256 1024 1306 vagae
1051 1245 1102 1291 et
1127 1241 1293 1291 vetitae
1318 1240 1496 1303 opponi
1521 1239 1684 1288 existi·

175 1313 272 1362 mat;
295 1323 394 1359 nam
416 1312 600 1369 γνήσιος
627 1325 726 1360 11011
755 1312 1017 1373 lequinius
1043 1317 1144 1373 est,
1179 1308 1267 1361 sed
1305 1313 1576 1373 penninas.
1598 1314 1681 1358 Ac·

174 1379 276 1428 cedit
307 1381 529 1443 correptio
566 1382 766 1443 syllabae
807 1386 919 1432 ante
960 1385 1132 1444 γνησία
1149 1422 1161 1444 ,
1215 1395 1330 1444 qua>
1371 1382 1420 1430 in
1448 1381 1681 1442 castigato

174 1455 308 1510 poeta,
340 1452 489 1513 qualis
528 1453 766 1502 Leonidas
805 1457 906 1512 est,
933 1467 1028 1502 non
1070 1453 1174 1502 sine
1213 1451 1478 1502 ofsensione
1515 1451 1678 1500 suerit.

173 1519 264 1568 Mihi
279 1535 362 1570 non
381 1522 574 1572 videtur
587 1537 730 1586 posse
750 1523 962 1573 dubitari
985 1524 1104 1586 quin
1136 1527 1172 1572 Κ
1189 1523 1366 1586 ρησία
1387 1523 1535 1585 Κύπρι
1563 1521 1678 1570 scri·
1724 1551 1730 1626 Ι

171 1589 344 1641 bendum
379 1593 453 1644 sit.
493 1598 548 1645 ln
587 1598 738 1644 Creta
779 1609 858 1644 res
895 1595 1055 1658 agitur
1080 1594 1210 1658 apud
1245 1592 1505 1643 Leonidam
1534 1591 1680 1640 etiam
1724 1627 1730 1652 ,

173 1663 252 1710 aliis
267 1664 602 1728 epigrammatis
618 1703 632 1726 ,
649 1681 700 1715 v,
721 1682 765 1716 c.
787 1674 896 1727 262,
919 1673 1026 1718 289.
1049 1687 1072 1709 υ
1091 1666 1312 1715 ,vehicla
1326 1693 1388 1700 ——
1402 1669 1428 1713 7
1441 1666 1680 1727 καλλικρια

173 1735 252 1786 [sici
288 1737 450 1798 Codex,
473 1751 608 1802 corr.
644 1739 770 1796 Jac.,
807 1751 956 1799 quem
999 1737 1224 1800 sequitur
1259 1736 1486 1793 Mcinek.;
1523 1735 1675 1785 Bois&

173 1805 398 1866 Kaikizpm
422 1820 534 1855 cum
552 1808 812 1856 Brunckio.

215 1967 372 2016 ccxn.
405 1969 600 2018 Lemma
635 1987 650 2016 ε
681 1967 909 2029 ἀνάθημα.
936 1969 1142 2017 Carmen
1172 1966 1344 2028 injuria
1372 1965 1422 2014 in
1451 1965 1680 2028 suspicio-

171 2047 256 2084 nem
285 2038 440 2094 νοθείας
483 2043 720 2088 vocatum
752 2052 860 2088 esse
898 2038 960 2088 ab
999 2039 1188 2088 Reiskio
1229 2041 1278 2088 et
1313 2036 1680 2087 Schneidewino

169 2105 220 2166 (p.
237 2110 328 2167 227)
355 2109 662 2159 consentiunt
694 2109 942 2158 Beckerus
969 2113 1019 2158 et
1037 2109 1269 2171 Bergkius
1293 2112 1352 2169 L)
1362 2123 1400 2157 r.
1425 2122 1472 2170 p.
1494 2114 1602 2159 921.
1619 2135 1677 2146 --

173 2181 185 2221 Ι
208 2182 282 2229 τοῖς
311 2179 564 2228 Salmasius
581 2217 594 2240 ,
631 2179 764 2242 quod
792 2183 1080 2242 receperunt
1105 2178 1409 2228 Schneidexv.
1428 2181 1478 2228 et
1504 2178 1676 2236 Heck„
1723 2186 1728 2207 ¹

167 2249 248 2305 post
265 2247 539 2299 Brunckium
555 2269 570 2308 3
589 2267 666 2298 τοι
690 2249 873 2305 Codexz
895 2255 992 2304 σοῖς
1013 2249 1152 2298 malit
1173 2249 1342 2311 Bergk.
1360 2277 1423 2286 —
1443 2257 1489 2299 2.
1515 2269 1539 2290 «
1561 2248 1675 2296 Exi-

166 2317 410 2366 stimandum
433 2320 673 2383 Apollinis
707 2320 944 2382 templum
967 2321 1016 2369 111
1045 2323 1150 2368 t'oro
1185 2323 1516 2381 exstructum,
1549 2321 1679 2371 unde

165 2382 243 2443 ipse
264 2385 372 2436 deus
399 2395 476 2447 τῆς
499 2391 674 2452 ἀγορῆς
692 2391 905 2452 πρύτανις
922 2393 1144 2439 vocatur.
1170 2391 1248 2438 Sic
1263 2391 1415 2439 Diana
1433 2404 1509 2454 ap.
1529 2391 1674 2453 soph.

166 2454 252 2504 OEd.
271 2458 318 2506 T.
349 2463 446 2518 1111,
471 2462 714 2510 nuntiavi-²
735 2463 902 2523 ἀγορᾶς
927 2460 1084 2522 θρόνον
1107 2462 1269 2509 εὐκὶέα
1289 2462 1468 2510 osiana.
1492 2464 1552 2511 Et
1579 2464 1673 2511 Co-

165 2524 278 2575 rinthi
299 2529 516 2590 Apollinis
549 2535 721 2580 statua
757 2544 814 2579 ex
838 2544 934 2580 aare
957 2530 1050 2579 fuit
1077 2511 1126 2579 iii
1161 2531 1294 2588 soro,
1324 2532 1554 2581 Ἀπόλλων
1585 2533 1678 2582 ἐπί-

164 2598 291 2650 ύιησιν
307 2601 514 2663 Κλάριος,
531 2604 748 2652 Pausan.
769 2604 838 2661 11,
864 2610 910 2651 2.
935 2621 958 2644 υ
980 2607 1093 2652 Jac.
1109 2633 1166 2643 —
1181 2607 1210 2651 3
1230 2605 1310 2651 καὶ
1331 2606 1374 2650 οἱ
1393 2606 1443 2652 et
1461 2602 1677 2666 κόρυνθον

162 2667 252 2716 Cod.
271 2701 315 2711 —
333 2676 358 2720 4
377 2673 578 2722 δέσποτα
595 2681 849 2736 vok-crea.
876 2673 1056 2723 Codex.
1078 2695 1100 2715 «-
1126 2675 1196 2722 Of
1197 2673 1398 2722 rendunt
1417 2673 1480 2722 ad
1504 2687 1678 2722 nomeu
1721 2684 1726 2739 ξ

163 2738 324 2788 δέσποτα
351 2743 437 2792 riri
473 2745 664 2802 critici,
690 2748 748 2793 ut
790 2758 880 2806 pro
905 2743 1072 2807 spurio
1113 2742 1324 2794 habeant
1351 2744 1644 2806 epigramma
1661 2781 1673 2803 ,

163 2810 298 2861 saltem
319 2813 470 2866 tinem.
491 2815 590 2866 Sed
617 2817 892 2881 putaverim
918 2817 1080 2880 potius
1104 2817 1282 2866 falsum
1295 2829 1403 2866 esse
1421 2815 1678 2865 Simonidis

163 2895 323 2944 nomen,
361 2889 410 2936 et
441 2891 643 2950 poetam
684 2900 1055 2950 quemcunque,
1079 2902 1211 2937 nunc
1250 2887 1488 2951 ignotum,
1523 2886 1677 2937 fuisse

163 2954 320 3012 Cstonis
361 2971 558 3008 servum
585 2972 648 3009 ac
685 2972 774 3021 pro
810 2958 932 3008 hero
958 2972 1130 3008 versus
1173 2959 1280 3008 illos
1326 2959 1672 3021 composuisse.

165 3022 278 3082 Major
303 3026 558 3078 difficultas
594 3029 648 3077 in
690 3029 943 3089 cased-1025.
979 3048 1004 3073 n
1045 3032 1108 3079 B.
1147 3030 1242 3078 Sed
1276 3028 1338 3077 al)
1363 3028 1470 3077 aliis
1495 3028 1675 3077 criticis

161 3098 258 3143 reue
273 3097 630 3149 animadversus
647 3102 726 3151 est
750 3101 978 3163 antiquus
997 3103 1046 3150 et
1063 3100 1264 3165 simplex
1285 3100 1412 3149 nitor
1430 3098 1670 3149 carminis

161 3164 236 3212 sac.
254 3168 516 3228 conjiciebat

252 3298 364 3346 αἶνον
382 3300 499 3363 ἔχεις
521 3301 750 3364 χαρίτων,
768 3300 868 3349 αἷσι
887 3300 1063 3363 πάτραν
1082 3305 1324 3364 στεφανοῖς
1335 3336 1350 3361 ,

160 3418 266 3481 cujus
283 3425 562 3487 conjectum
587 3426 902 3477 incommoda
929 3426 1123 3489 exponit
1151 3426 1396 3475 Heckerus
1411 3464 1422 3485 ,
1449 3427 1551 3489 ipse
1569 3440 1680 3490 pro-

159 3501 298 3547 lunens
320 3494 470 3545 lenem
498 3501 550 3546 et
585 3496 892 3560 aptissimam
919 3496 1330 3555 emendationem,
1351 3509 1501 3557 quam
1536 3510 1670 3546 reee-

159 3558 294 3617 pimus,
323 3584 344 3605 ·
381 3568 599 3616 Coronas
647 3580 842 3616 summa
884 3570 990 3617 arte
1031 3568 1082 3616 et
1124 3570 1382 3621 venustate
1429 3569 1674 3617 consectas

158 3630 319 3689 Apollini
358 3635 490 3687 «ledit
527 3636 663 3686 dona
705 3638 877 3687 artifex
918 3639 1070 3699 Cyto,
1105 3639 1162 3687 ut
1203 3650 1400 3686 auream
1446 3651 1673 3687 coronam

159 3698 244 3749 item
269 3705 458 3765 Apollini
491 3707 671 3757 tribuit
701 3707 993 3757 Flamininus
1030 3708 1158 3756 Plut.
1187 3709 1335 3757 Flam.
1365 3723 1406 3758 c.
1439 3717 1511 3759 12.
1535 3730 1560 3754 ι»
1588 3714 1668 3761 111-

159 3770 334 3833 minse,
361 3780 416 3826 ut
447 3779 646 3839 omnia,
674 3778 906 3841 Bergkius
938 3799 950 3828 ι
983 3798 1007 3821 α
1029 3778 1450 3841 simplicissimum
1481 3781 1627 3832 suerit
1657 3802 1669 3831 ε

155 3840 254 3887 αἶνον
281 3846 420 3904 ἔχοις·
439 3848 600 3913 χαῖρ’
632 3849 726 3899 ὧν.
768 3850 1000 3906 δέσποτα,
1026 3856 1120 3903 τοῖς
1162 3850 1396 3911 στεφάνοις
1413 3888 1427 3911 ,
1471 3854 1530 3901 ut
1569 3852 1672 3915 ipse

157 3908 250 3985 deus
272 3914 536 3976 invocetur-3
559 3918 654 3969 sed
673 3918 866 3968 videtur
893 3918 1028 3968 aliud
1054 3920 1229 3981 latere,
1255 3920 1363 3970 sort.
1385 3922 1514 3970 αἶνον
1532 3923 1669 3986 ἔχεις,

157 3978 323 4041 Χαρίτων
339 3986 378 4032 δ’
393 3988 502 4036 ἔσπ
517 4006 542 4037 ε
555 3990 598 4037 τ’
617 3988 713 4037 ὄπι
727 4007 748 4045 ς
767 3988 1021 4051 στεφάνοις.
1048 4009 1072 4031 υ

201 4146 381 4198 ccxlii.
415 4152 622 4201 Lemma
651 4172 663 4201 :
694 4154 922 4213 ἀνάθημα.
957 4173 981 4197 ιι
1011 4153 1180 4216 Agitur
1195 4153 1258 4201 de
1281 4154 1528 4216 victorii8‚
1549 4170 1672 4219 quas

156 4212 376 4268 sinnades
411 4236 474 4271 ex
512 4222 864 4273 certaminibus
911 4226 1165 4287 poetarum
1207 4223 1670 4287 dithyrambicorum

157 4286 344 4338 retulerat
377 4313 389 4338 ι
422 4292 562 4353 quod
589 4292 774 4343 indicat
802 4296 1079 4343 taurorum
1107 4294 1301 4342 mentio.
1329 4298 1384 4343 ln
1408 4294 1486 4345 his
1513 4300 1670 4347 certa-

159 4355 328 4429 minibus
362 4374 472 4410 eum
516 4365 702 4411 Lasum
745 4364 1140 4413 Hermionensem
1179 4364 1409 4414 habuisse
1450 4365 1673 4417 adversa·

157 4436 266 4484 num,
279 4435 458 4481 constat
473 4446 534 4480 ex
555 4432 802 4495 Aristoph.
821 4436 969 4496 vesp.
997 4438 1130 4495 1391,
1151 4434 1236 4483 uhi
1257 4449 1304 4483 v.
1328 4437 1480 4485 schol.
1505 4456 1530 4480 n
1551 4442 1666 4488 Jac.

158 4521 202 4531 -
228 4505 238 4541 ι
263 4504 498 4558 σιμωνίδης
537 4506 661 4565 ἤραο
709 4504 850 4563 Cod.,
887 4522 913 4552 τ
941 4505 1100 4567 posito
1139 4518 1288 4566 super
1323 4524 1412 4565 αο,
1435 4511 1492 4557 ut
1532 4508 1669 4558 tieret

155 4566 278 4623 ἦῡατο.
299 4571 484 4621 Editum
504 4573 697 4637 praebet
719 4575 1034 4625 Tzetzesloeo
1049 4590 1160 4624 mox
1183 4577 1671 4630 asserendo.‹1.1unxit

155 4642 265 4693 poeta
281 4642 438 4691 tauros
464 4648 516 4692 et
538 4644 787 4707 tripodas,
816 4646 952 4707 quod
979 4646 1085 4695 aliis
1111 4646 1231 4695 locis
1258 4647 1476 4710 tripodas
1507 4651 1669 4699 abstu-

156 4703 269 4767 Ιίπῒ,
297 4715 349 4761 ut
375 4713 603 4772 Athenis,
633 4716 738 4765 aliis
763 4719 948 4766 tauros.
978 4738 1002 4759 ι»
1029 4716 1343 4769 schitee'dew.
1379 4733 1428 4782 p.
1463 4725 1565 4771 191.
1600 4748 1662 4757 -

153 4780 176 4823 3
197 4784 386 4842 τοσσακις
416 4790 508 4847 tp„
533 4786 699 4836 deleto
725 4789 782 4847 δ’,
809 4788 1010 4837 Hecker.
1042 4792 1082 4847 Ι,
1105 4804 1151 4853 p.
1198 4795 1298 4841 149.
1328 4818 1394 4828 --
1419 4792 1494 4841 Ad
1519 4791 1666 4856 hujus

155 4851 342 4923 rarminis
361 4856 734 4907 similitudinem
751 4872 1030 4921 expressum
1048 4864 1123 4910 est
1142 4861 1435 4923 epigramma
1454 4863 1503 4912 in
1523 4864 1667 4914 Simo-

157 4916 284 4997 npdrfn
306 4927 578 4986 mortuum,
605 4927 736 4989 quod
753 4928 902 4978 affert
919 4933 1116 4981 Tzetzes
1149 4932 1274 4981 Hist.
1300 4936 1339 4993 1,
1367 4940 1476 4995 636,
1502 4949 1530 4985 a
1557 4937 1670 4986 Bac-

154 4986 308 5048 fflihde
331 4996 683 5060 comitum,
710 5002 766 5051 ut
793 5002 962 5051 statuit
984 5002 1379 5054 Schneidewinus
1403 5027 1412 5053 2

3212 205 3327 263 247

1897 329 1983 384 Ἓξ
2000 329 2073 378 ἐπὶ
2092 329 2378 388 πεντήκοντα
2391 366 2403 389 ,
2426 329 2686 392 Σιμωνίδη,
2706 331 2821 392 ἤραο
2841 330 2970 386 νίκας

1958 403 2037 449 καὶ
2056 401 2272 464 τρίποδας
2286 413 2300 428 ·
2324 403 2533 458 θνήσκοις
2554 401 2592 450 δ’
2612 403 2659 450 ἐν
2678 405 2855 464 Σικεὶῷ
2877 402 3039 462 πεδίῳ.

1899 473 2025 533 Κεῖῳ
2048 473 2097 520 δὲ
2124 471 2304 533 μνήμην
2323 472 2490 526 λείπεις
2504 509 2517 532 ,
2537 473 2734 529 Ἕλλησι
2757 473 2799 520 δ’
2818 473 3005 522 ἔπαινον

1958 543 2193 597 εὐξυνέτου
2211 544 2361 604 ψυχῆς
2381 549 2464 599 σῆς
2485 545 2599 604 (τοῖς
2618 543 2919 603 Schneider.)
2936 545 3307 606 ἐπιγεινομένοις.

1835 659 2067 721 Sequitur
2102 660 2151 708 in
2190 659 2367 709 Codice
2408 659 2701 722 epigramma
2742 659 3002 710 Simonidis
3034 659 3137 720 jam
3182 675 3332 726 supra

1771 729 2039 779 exhibitum
2066 744 2115 779 11.
2150 735 2251 780 144.

1833 879 2041 928 ccxlv.
2079 881 2274 928 Lemma
2316 899 2327 926 :
2372 879 2583 938 ἀνάθημα
2640 899 2661 922 ιι
2702 881 3005 942 Epigramma
3047 881 3361 946 inscriptum·

1770 948 1949 1012 tripodi
1977 950 2043 1000 illi
2070 964 2215 1013 quem
2240 949 2388 998 Gelon
2404 988 2416 1009 ,
2448 949 2650 998 victoria
2675 949 2738 999 de
2764 950 3243 1012 Carthaginiensibus
3268 953 3333 1002 ad

1771 1019 2019 1070 Himeram
2071 1024 2213 1084 parta
2256 1020 2452 1082 (ol-vum.
2486 1024 2563 1080 75»,
2604 1033 2649 1069 a.
2696 1023 2757 1080 1),
2804 1035 2899 1069 una
2942 1035 3056 1070 cum
3101 1022 3335 1073 fratribus

1771 1091 1973 1153 Apollini
2001 1091 2199 1140 dicavit.
2230 1090 2355 1139 Vide
2380 1090 2575 1139 Diodor.
2601 1093 2681 1147 ΧΙ,
2702 1098 2780 1141 26.
2805 1112 2828 1134 »
2856 1095 2969 1142 Iac.
3004 1093 3160 1142 Assert
3196 1095 3335 1142 scho-

1769 1159 1936 1211 liastes
1963 1161 2158 1212 Pindari
2188 1160 2329 1222 Pyth.
2355 1163 2395 1218 l,
2424 1167 2507 1210 155
2537 1182 2547 1210 :
2575 1163 2685 1224 φασὶ
2710 1163 2757 1210 δὲ
2776 1163 2855 1210 τὸν
2877 1165 3062 1212 Γέλωνα
3080 1165 3187 1220 τοὺς
3208 1165 3335 1214 ὦζε).-

1769 1233 1878 1290 aab:
1893 1233 2297 1295 φιλοφρονούμενον
2312 1233 2546 1280 ἀναθεῖναι
2566 1238 2633 1294 τῷ
2650 1238 2738 1295 οεῷ
2758 1238 2956 1295 χρυσοῦς
2970 1233 3187 1294 τρίποδας
3204 1235 3330 1297 (sic),

1769 1299 2087 1364 ἐπιγράψαντα
2102 1307 2266 1350 ταῦτα·
2282 1303 2414 1362 Φημὶ
2435 1303 2535 1350 κτλ.
2566 1321 2589 1342 κ
2612 1303 2683 1350 Ex
2710 1316 2811 1364 quo
2834 1303 3002 1364 gallice
3029 1305 3173 1354 vertit
3202 1306 3333 1354 Bois·

1769 1382 1888 1430 syus
1913 1371 2012 1421 vn.
2045 1371 2233 1434 Simon.
2259 1385 2305 1434 p.
2342 1378 2445 1420 106.
2476 1391 2499 1414 ‚2
2530 1373 2590 1420 B.
2628 1373 2753 1419 Cum
2786 1372 2995 1421 Diodoro
3022 1375 3334 1425 consentiunt

1770 1437 1981 1488 Phanias
2002 1440 2199 1490 Eresius
2220 1443 2272 1489 et
2298 1441 2641 1504 Theopompus
2668 1454 2745 1502 ap.
2773 1442 2947 1490 Athen.
2970 1444 3051 1502 vl,
3072 1455 3118 1504 p.
3145 1449 3248 1505 231,
3276 1448 3328 1493 1·“.

1769 1538 1829 1550 -
1851 1517 1876 1558 2
1907 1513 2198 1573 Δεινομένευς
2234 1509 2389 1561 schol.
2432 1511 2585 1571 vind„
2618 1525 2721 1573 quo
2762 1513 2953 1562 nomine
2994 1519 3099 1564 erat
3136 1516 3331 1566 Gelonis

1768 1583 1930 1640 pater3
1962 1584 2206 1642 Διομένευς
2230 1581 2350 1632 Cod.
2376 1583 2555 1632 Deinde
2574 1584 2725 1632 schol.
2748 1585 2851 1639 τοὺς
2881 1586 3097 1646 τρίποδας
3128 1589 3327 1648 Θέμεναι.

1724 1658 1729 1687 ῑ
1769 1650 1866 1698 Sed
1883 1651 2058 1700 Suidas
2072 1653 2218 1701 etiam
2238 1666 2282 1700 v.
2302 1655 2524 1715 Δαρετίου
2542 1657 2597 1702 ut
2614 1653 2773 1702 Codex
2788 1691 2800 1710 ,
2817 1659 2867 1704 et
2886 1669 3013 1704 unus
3040 1657 3131 1704 l‘uit
3150 1659 3327 1720 tripus.

1770 1726 1873 1770 —3
1900 1723 1945 1778 ἐξ
1971 1723 2091 1772 Cod.
2121 1727 2171 1773 et
2206 1723 2365 1780 Suid.;
2388 1724 2597 1774 correxit
2629 1725 2885 1775 Bri-chirius
2920 1728 3191 1790 Meti-oley.
3229 1735 3329 1780 Un-

1769 1790 1995 1842 letsuch.
2019 1808 2067 1855 p.
2098 1801 2187 1844 295
2210 1799 2262 1844 et
2286 1799 2395 1854 304,
2418 1794 2501 1843 ubi
2541 1795 2633 1843 hoc
2658 1795 2925 1856 distichon,
2952 1811 2981 1846 a
3009 1796 3159 1848 schol.
3187 1801 3327 1849 l‘ind.

1768 1866 2021 1926 omissum,
2035 1868 2168 1918 vindi
2175 1871 2252 1918 cat
2266 1882 2295 1918 a
2306 1869 2656 1918 Schneidewini
2674 1873 2740 1933 (p.
2759 1877 2843 1924 183
2860 1872 3017 1934 seqq.)
3034 1875 3326 1936 suspicione,

1767 1935 1854 1996 qui
1880 1937 2187 1988 subdititium
2212 1940 2430 2002 putabat.
2456 1944 2555 1988 -4
2576 1941 2786 2003 &aper-iou
2805 1942 2969 1991 Codex
2994 1947 3138 2003 (cum
3168 1947 3329 2009 suspi-

1769 2006 1922 2056 cionis
1949 2012 2081 2069 nota)
2107 2014 2156 2059 et
2180 2009 2371 2058 Suidas.
2406 2029 2431 2054 ιι
2466 2010 2697 2073 Boissyus
2729 2011 3019 2062 scholiasten
3051 2015 3328 2077 exprimens

1768 2076 1941 2127 vitavit
1965 2078 2304 2128 dislicultatem
2337 2093 2449 2142 quoe
2477 2083 2553 2129 cst
2580 2079 2629 2128 in
2654 2079 2893 2141 adJectivo
2920 2085 3163 2144 Δαρετίου,
3192 2086 3327 2147 quod

1767 2159 1857 2196 nec
1900 2147 2095 2198 videtur
2124 2150 2420 2200 intellectum
2472 2151 2622 2199 fuisse
2662 2164 2690 2199 a
2730 2151 2903 2212 Suida,
2933 2152 3016 2214 qui
3063 2153 3232 2202 Lexico
3277 2156 3327 2203 id

1767 2217 1897 2266 nude
1913 2217 2133 2269 inseruit.
2156 2219 2279 2268 Lud.
2300 2219 2809 2270 Dindorfiusin·1'hes.
2833 2222 2999 2284 Step'h.
3018 2223 3085 2272 ait
3104 2226 3329 2286 Δαρετίου

1767 2301 1876 2337 esse
1897 2287 2063 2349 nihili,
2086 2303 2144 2338 ac
2167 2290 2359 2339 videtur
2379 2291 2583 2354 probare
2606 2292 2911 2355 wesselingii
2940 2293 3063 2355 [sive
3089 2294 3325 2361 salmasii]

1767 2359 2093 2420 conjecturam
2134 2360 2337 2423 legentis
2361 2362 2555 2424 Δαρείου
2584 2361 2648 2409 ad
2674 2362 2872 2410 Diodor.
2908 2366 2991 2424 xl,
3022 2371 3100 2413 26.
3132 2364 3328 2426 [Melius

1768 2428 1826 2475 Ο.
1854 2430 2090 2478 Miillerus
2128 2431 2177 2478 in
2214 2431 2426 2480 Amalth.
2455 2435 2546 2491 111,
2586 2445 2633 2493 p.
2656 2436 2734 2492 27,
2766 2439 2991 2493 Δαρεικοῦ
3025 2434 3138 2497 χρ]
3176 2437 3329 2498 Magis

1767 2497 1993 2558 equidem
2019 2499 2067 2547 in
2100 2501 2431 2550 Bentleianum
2458 2501 2683 2563 [Dissert.
2715 2502 2777 2551 de
2810 2501 2999 2552 Phalar.
3024 2517 3070 2566 p.
3100 2505 3209 2567 259]
3239 2512 3328 2554 Δα-

1769 2569 1985 2629 μαρετίου
2024 2570 2326 2628 inclinarem,
2351 2586 2445 2620 ncn
2484 2575 2643 2620 tamen
2680 2573 2743 2621 de
2772 2586 2941 2634 paeone
2971 2587 3084 2622 cum
3114 2575 3329 2625 Bentleio

1721 2648 1726 2676 =
1766 2637 2007 2700 cogitans,
2030 2640 2113 2687 scal
2150 2641 2389 2700 scribens,
2426 2642 2595 2689 saltem
2626 2641 2969 2703 pronuntians,
2999 2645 3273 2706 Δαμρετίου.
3300 2667 3327 2688 υ

1766 2711 1828 2757 Β.
1875 2709 2103 2758 Similiter
2146 2712 2362 2773 'l'oup'us
2407 2715 2455 2761 ct
2497 2713 2797 2761 Schneidcw.
2843 2727 2891 2775 p.
2946 2720 3047 2764 185.
3093 2717 3329 2778 Bergkius

1765 2791 1963 2840 quoque
1976 2781 2172 2842 recepit,
2189 2785 2428 2829 annotans
2444 2803 2457 2830 ι
2477 2801 2498 2822 «ι
2517 2783 2608 2831 nisi
2630 2785 2753 2831 forte
2769 2786 3039 2846 Δαμαρέτου
3060 2790 3275 2848 praestat.
3300 2808 3322 2829 n

1764 2849 1992 2913 Νόμια-μα
2019 2852 2301 2913 Δημαρέτιον
2322 2856 2558 2902 memorat
2580 2852 2824 2903 Diodorus
2852 2854 2884 2904 l.
2908 2867 2950 2903 e.
2976 2859 3026 2905 et
3049 2857 3215 2907 Pollux
3244 2861 3323 2918 IX,

1766 2925 1842 2979 85,
1877 2920 1960 2968 uhi
2006 2933 2055 2971 v.
2094 2922 2367 2971 llemsterh.
2411 2925 2462 2972 et
2503 2924 2623 2972 alies
2669 2938 2697 2973 a
2736 2925 3038 2974 Selmeidew.
3086 2928 3325 2979 indicatos

1764 3004 1810 3053 p.
1844 2996 1945 3040 185.
1965 2992 2021 3040 111
2046 2992 2141 3040 tine
2166 2993 2248 3047 τὰς
2271 2993 2463 3049 δεκάτας
2483 2994 2604 3042 Cod.
2626 2998 2676 3043 et
2702 2994 2833 3044 cuid.
2860 3023 2915 3032 —
2936 3004 2983 3057 5,
3000 3005 3048 3047 6.
3076 2998 3135 3047 111
3153 3012 3325 3050 versus

1765 3058 1999 3109 suadente
2026 3060 2240 3109 Bentleio
2257 3061 2409 3111 additi
2426 3076 2483 3111 ex
2502 3062 2657 3114 s‹·h01.
2684 3064 2819 3113 Pind.
2842 3092 2894 3100 -
2918 3073 2962 3115 6.
2991 3086 3013 3108 «ι
3035 3068 3146 3130 Χείρ
3162 3069 3327 3119 Suidae

1762 3133 1839 3180 est
1867 3128 2015 3179 etiam
2040 3134 2071 3187 ἡ
2107 3132 2298 3192 βοήθεια
2331 3134 2410 3179 καὶ
2444 3136 2472 3190 ἡ
2510 3135 2715 3195 δύναμις.
2737 3138 2988 3192 Quantum
3012 3142 3179 3188 autem
3205 3154 3327 3203 prae·

1763 3200 1874 3249 sidii
1920 3204 2327 3263 Syracusanorum
2376 3206 2545 3252 contra
2582 3204 3004 3267 Carthaginienses
3041 3213 3327 3274 susceptum

1762 3270 1944 3320 bellum
1972 3271 2153 3319 Graecis
2176 3272 2417 3331 attulerit,
2452 3272 2598 3324 docet
2628 3274 2901 3324 Herodotus
2930 3279 3036 3334 Vll,
3076 3285 3160 3328 163
3188 3294 3321 3343 seqq.

1762 3345 1832 3390 Ac
1857 3340 2037 3393 dicitur
2056 3342 2209 3390 Gelon
2232 3355 2317 3391 eos
2346 3343 2530 3393 fudisse
2556 3344 2729 3393 eodem
2756 3344 2835 3394 dle
2854 3359 2953 3407 quo
2976 3350 3138 3398 Persae
3165 3350 3227 3399 ad
3245 3359 3327 3401 sa-

1761 3410 1940 3462 lamina
1956 3411 2197 3476 ingentem
2215 3413 2403 3462 cladem
2431 3418 2737 3477 acceperunt.
2766 3435 2788 3459 »
2808 3418 2923 3467 Jac.

1824 3562 2005 3610 CCXV.
2038 3562 2239 3611 Lemma
2260 3580 2272 3609 :
2292 3562 2505 3625 ἀνάθημα
2522 3568 2579 3623 τῇ
2602 3567 2752 3622 Λητοῖ
2768 3564 2895 3627 παρὰ
2912 3570 3109 3615 ναυτῶν.
3133 3567 3327 3616 Profert

1759 3631 2054 3683 Plutarchus
2080 3636 2153 3682 De
2178 3633 2373 3695 malign.
2400 3634 2577 3683 Herod.
2605 3634 2634 3697 §
2662 3640 2739 3694 39,
2760 3649 2807 3697 p.
2830 3640 2941 3696 870,
2968 3638 3005 3683 F
3041 3657 3053 3684 :
3088 3639 3323 3701 Διοδώρου

1760 3704 1812 3752 δέ
1831 3719 1951 3759 τινος
1968 3708 2061 3752 τῶν
2084 3702 2331 3765 Κορινθίων
2348 3704 2636 3769 τριηράρχων
2656 3706 2701 3753 ἐν
2720 3708 2829 3769 ἱερῷ
2852 3708 3033 3763 Λητοῦς
3057 3707 3323 3770 ἀναθήμασι

1761 3777 1987 3837 κειμένοις
2018 3776 2253 3825 καὶτοῦτο
2281 3776 2633 3838 ἐπιγέγραπται·
2663 3776 2803 3824 Ταῦτ’
2822 3778 2925 3824 κτλ.
2943 3803 3005 3813 -
3026 3782 3046 3825 1
3069 3778 3163 3827 ἀπὸ
3185 3781 3325 3828 δυσα-

1731 3878 1736 3883 ,
1763 3848 1911 3909 μένων
1950 3846 2135 3906 Codex,
2162 3850 2447 3908 corruptum
2481 3860 2543 3896 ex
2576 3848 2760 3909 altero,
2781 3848 2913 3910 quod
2949 3850 3163 3899 servavit
3190 3852 3319 3901 l‘lut.

1760 3943 1820 3951 —
1841 3923 1869 3965 2
1891 3918 2102 3965 ἀνέθεντο
2130 3920 2280 3966 Λατοῖ
2314 3916 2433 3966 Cod.
2462 3920 2513 3967 et
2548 3917 2658 3967 libri
2686 3917 2951 3968 Plutarchi.
2984 3938 3009 3960 «ι
3042 3921 3321 3970 l'utandum

1761 4000 1858 4036 non
1883 3990 1959 4036 est
1984 3987 2200 4051 potuisse
2220 3986 2516 4037 Simonidem
2553 3987 2616 4036 de
2640 3989 2913 4051 quantitate
2938 3988 3147 4039 nominis
3174 3996 3325 4041 Λατοῖ

1761 4069 1936 4105 errare.
1960 4058 2223 4107 Passovius
2248 4058 2528 4120 proposuit,
2553 4057 2657 4107 ὅπλ’
2697 4060 2860 4108 ἔθεσαν
2880 4062 2940 4108 Λ.
2967 4059 3241 4111 Larcherus
3258 4062 3323 4111 ad

1762 4128 2007 4178 Plutarchi
2028 4128 2189 4177 locum
2210 4127 2334 4177 iuter
2358 4128 2629 4179 llerodotea
2656 4132 2696 4178 t.
2718 4132 2800 4189 vl,
2820 4144 2868 4193 p.
2889 4134 2999 4189 499,
3018 4130 3192 4179 vitium
3224 4146 3322 4180 nou

1759 4201 1836 4247 est
1869 4198 2116 4247 odoratus,
2160 4216 2182 4239 υ
2218 4200 2281 4247 Β.
2302 4197 2537 4247 Certafim
2569 4202 2880 4249 correxerunt
2910 4199 3199 4259 Blomiield.,
3230 4204 3323 4249 Dc-

1761 4266 1950 4328 brmus,
1979 4265 2238 4317 Boeekhius
2274 4268 2325 4317 iu
2368 4270 2514 4331 Corp.
2552 4272 2797 4329 Inscrr.1,
2841 4284 2889 4333 p.
2911 4274 2989 4331 47,
3029 4278 3321 4334 receperunt

1761 4336 2063 4387 Schneidew.
2099 4339 2151 4387 et
2185 4338 2356 4409 Bergk.
2391 4340 2455 4386 At
2492 4338 2735 4387 fleckerus
2772 4340 2812 4398 1,
2842 4352 2890 4401 p.
2937 4343 3021 4389 133
3062 4359 3076 4390 z
3121 4360 3145 4382 α
3182 4342 3321 4390 Hanc

1759 4407 1897 4456 verbi
1928 4410 2133 4456 formam
2160 4408 2318 4469 poetis
2345 4406 2574 4456 usitatam
2617 4407 2771 4457 fuisse
2812 4422 2953 4473 nego.
2983 4430 3007 4453 ν
3042 4411 3173 4461 Plut.
3207 4428 3321 4460 ναυ-

1762 4480 1953 4542 μαχὶηε.

1820 4650 2027 4698 CCXVI.
2059 4650 2257 4697 Lemma
2288 4663 2299 4689 ι
2332 4648 2545 4710 ἀνάθημα
2571 4654 2639 4709 τῷ
2660 4650 2733 4697 Διὶ
2757 4651 2884 4713 παρὰ
2922 4652 3085 4699 Σώσου
3107 4652 3184 4701 καὶ
3212 4654 3315 4701 Σω-

1760 4726 1886 4776 σοῦς.
1914 4741 1936 4760 «ι
1962 4722 2138 4769 Natum
2164 4732 2338 4767 nomen
2356 4720 2463 4774 Διὸς
2492 4732 2551 4766 ex
2575 4720 2969 4783 interpretatione
2995 4722 3201 4771 nominis
3220 4741 3319 4771 σω-

1757 4797 1857 4853 τῆρι
1877 4829 1890 4842 .
1920 4790 2054 4851 quod
2080 4803 2234 4851 quum
2263 4802 2433 4838 versus
2471 4795 2749 4852 respueret,
2790 4792 2963 4853 scripsi
3000 4794 3210 4855 σωτήρια
3256 4808 3319 4843 ex

1759 4862 2043 4925 conjectura
2079 4860 2170 4909 viri
2202 4859 2253 4907 d.
2290 4858 2371 4923 [in
2412 4860 2627 4922 margine
2668 4860 2932 4923 apographi
2967 4876 3066 4924 quo
3094 4864 3316 4913 Reiskius

1759 4930 2036 4993 utebatur}
2064 4932 2170 4979 „13,
2212 4951 2233 4971 u
2266 4928 2569 4989 ,abjudicavit
2607 4929 3004 4981 Schneidewinus
3053 4933 3315 4995 Simonidi,

1761 5004 1844 5055 scd
1879 5004 2109 5055 insertum
2140 5004 2215 5051 est
2242 5002 2461 5065 genuinis
2493 5001 2851 5065 epigrammatis
2869 5044 2881 5066 ,
2922 5020 3079 5070 neque
3104 5007 3213 5056 talis
3236 5006 3315 5054 ln·
