3829 5747
1311 175 1385 234 IN
1427 175 1673 237 CAPUT
1714 179 1815 238 Vll
1856 178 2311 240 ΑΝΝΟΤΑἸἾΟ.

216 319 425 356 cursum
448 318 597 356 suum
626 303 877 368 dirigebat.
904 304 963 356 Id
991 318 1109 355 vero
1140 318 1237 355 non
1266 307 1453 369 evenit,
1473 308 1641 371 itaque
1672 309 1775 360 ἀντὶ

218 379 368 436 tavi-m
406 378 691 434 πολυκηδέος
728 375 1067 439 cenotaphium
1109 377 1155 426 ei
1193 381 1536 429 exstruxerant
1566 381 1707 431 amici
1730 381 1780 431 in

1819 316 1830 462 1

3293 190 3412 247 497

1870 325 1999 380 unus
2027 311 2151 362 vidit
2177 313 2426 362 fleckerus
2447 311 2497 362 in
2513 313 2758 378 Philologo
2784 327 2830 366 a.
2857 320 2991 378 1849,
3020 330 3068 379 p.
3092 320 3200 378 485,
3221 320 3272 368 et
3291 317 3418 368 hanc

1868 383 2156 432 sententiam
2189 403 2201 431 :
2233 384 2365 441 Quid
2385 381 2482 432 hoc
2507 397 2627 434 mea
2651 384 2808 448 refert
2836 390 3018 437 utrum
3040 401 3118 438 me
3146 391 3416 440 mortuum

218 449 479 510 Dryopum
520 460 664 511 agro,
713 446 797 496 ubi
840 446 935 510 ipsi
980 447 1276 498 babitabant.
1324 448 1503 498 Similis
1550 450 1781 500 orationis
1821 463 1825 509 !
1867 455 2174 515 coquoscam
2212 466 2372 503 necne
2387 459 2413 502 ι’
2438 454 2566 504 Olim
2593 455 2863 518 corrigebat
2893 459 2937 506 ot
2977 459 3121 520 μάθον
3157 459 3270 508 ὄντα
3283 498 3297 518 ,
3327 461 3416 522 qui

220 519 357 568 color
384 519 435 568 in
460 521 645 580 Anytes
671 518 1013 581 epigrammate
1033 532 1179 582 supra
1196 522 1303 568 649.
1328 539 1349 560 υ
1379 520 1627 569 Heckerus
1644 521 1782 570 malit

218 589 368 645 ξενίης
384 588 737 652 προσκηδέο
753 607 791 645 ς,
816 587 923 637 coll.
948 589 1089 638 unm.
1116 589 1209 638 Od.
1232 593 1294 648 Φ,
1318 593 1393 638 35.
1426 589 1579 640 Boiss.
1600 592 1782 653 recepit

224 657 397 708 Graefii
441 659 795 721 conjecturam,
836 659 934 706 ἀντὶ
980 659 1029 707 δὲ
1082 660 1175 719 ἐγὼ
1218 676 1287 708 κο
1302 678 1325 706 ν
1341 660 1428 716 ίης
1471 663 1777 721 πολυκηδέος,

219 742 323 792 pro
355 727 677 778 lacrimabili
708 730 886 777 cinere
914 729 1091 778 inanis
1116 742 1206 792 eqo
1240 732 1384 778 terra
1424 732 1478 779 in
1504 731 1780 780 cumulum

220 801 437 862 aqqesta
461 810 598 848 sum.
622 822 683 834 —
709 805 738 846 o
766 798 956 860 δίψασιν
974 797 1096 846 cod.
1118 817 1141 840 «ι
1162 798 1413 860 Siquidem
1430 801 1534 848 iota
1551 799 1632 848 illa
1651 801 1782 864 regio

218 881 398 931 aspera
420 869 526 917 erat
551 869 603 917 et
641 879 838 928 saxosa,
870 869 929 916 ut
967 867 1046 917 vel
1082 871 1311 932 Τραχῖνος
1350 882 1526 918 nomen
1564 867 1721 920 docet.
1750 890 1775 913 ι»

218 941 388 988 Mein.

278 1085 477 1133 DcLu.
504 1085 703 1132 Lemma
724 1102 736 1130 :
757 1084 821 1138 εἰς
838 1082 1037 1140 ναυηγὸν
1065 1083 1405 1146 Τελευταγόρην
1431 1084 1511 1132 τὸν
1531 1083 1772 1146 Τιμάρεως

216 1153 482 1216 (Τιμαρέως
507 1152 681 1213 Boiss.)
708 1152 827 1202 υἱόν.
857 1177 918 1188 -
944 1157 963 1200 1
992 1153 1209 1215 ἠχήεσσα
1245 1151 1400 1210 Plan..
1426 1153 1558 1215 quod
1596 1153 1779 1203 nullius

214 1221 334 1270 fidei
356 1224 466 1278 een
490 1235 605 1270 nam
633 1220 757 1270 cod.
778 1236 1043 1282 καχεεσσα,
1068 1219 1311 1284 prioribus
1336 1221 1533 1282 syllabis
1554 1235 1777 1286 superpo-

214 1292 315 1340 sito
338 1307 484 1354 αναχι
498 1329 511 1351 ,
534 1311 558 1334 κ
583 1290 633 1339 id
658 1293 761 1351 est,
787 1291 845 1339 ut
860 1289 1073 1350 videtur,
1094 1292 1391 1352 καναχέεσσα
1406 1327 1420 1351 ,
1434 1292 1567 1352 quod
1580 1295 1776 1356 propter

212 1363 425 1425 primam
450 1360 733 1425 productam
770 1360 882 1410 terri
916 1360 1099 1422 nequit.
1139 1358 1347 1409 Videtur
1391 1361 1544 1411 latere
1580 1363 1777 1424 adiecti-

212 1444 337 1479 vum
375 1429 556 1491 dactyli
598 1441 851 1486 mensura,
881 1429 940 1476 ut
975 1442 1052 1492 ap.
1096 1429 1343 1489 Tyrtaeum
1384 1430 1551 1485 τελέεις
1598 1433 1649 1480 et
1692 1445 1774 1493 ap.

212 1497 563 1548 Archilochum
608 1499 761 1560 ἠχέεις
794 1493 1027 1547 invenias.
1076 1517 1113 1555 n,
1148 1496 1367 1548 Heclcer.
1416 1499 1513 1555 Qui
1548 1498 1770 1550 timidius

212 1572 429 1621 fortasse
462 1569 679 1620 haerebat
702 1568 755 1618 in
794 1582 1049 1628 mensura;
1084 1582 1197 1618 nam
1220 1571 1381 1632 poetas
1408 1582 1495 1631 pro
1521 1571 1774 1632 καναχήεις

208 1641 405 1691 dicenti
450 1641 696 1701 καναχὲεις
740 1638 1005 1702 producere
1050 1639 1257 1702 primam
1302 1639 1496 1690 licebat.
1534 1642 1773 1703 Τιμάρεως

212 1714 335 1760 vett.
360 1711 476 1760 edd.
492 1711 625 1759 Plan.
646 1736 709 1745 —
729 1715 757 1758 3
780 1711 1026 1771 κυμὴνασα
1048 1710 1170 1772 conj.
1198 1708 1346 1758 Heck.
1368 1722 1458 1772 pro
1476 1711 1745 1773 χειμήνασα
1759 1745 1772 1769 ,

210 1789 243 1824 of
264 1782 403 1845 quod
430 1782 493 1831 de
523 1780 683 1831 ventis
712 1783 907 1843 aptum,
936 1779 999 1828 de
1026 1778 1149 1828 mari
1175 1792 1271 1828 non
1298 1779 1444 1838 item:
1479 1799 1501 1822 »a
1541 1796 1773 1842 κατέπρη-

208 1854 377 1902 νώσαο
401 1853 557 1911 Plau„
582 1850 668 1900 sed
686 1849 808 1899 Cod.
831 1851 954 1899 κατὰ
978 1851 1246 1914 πρηνώσαο,
1275 1869 1299 1892 ι
1318 1853 1376 1899 ut
1394 1848 1603 1898 dubitari
1620 1849 1775 1912 possit

208 1937 273 1972 an
310 1935 411 1970 non
448 1919 612 1984 potius
651 1921 772 1968 κατὰ
813 1919 1065 1981 πρηνώσαο
1104 1917 1317 1966 πόντου
1356 1917 1661 1967 scribendum
1689 1917 1769 1966 sit.

206 1993 291 2042 Sic
317 1990 561 2042 Leonidas
587 2003 701 2038 mox
730 2003 809 2051 ep.
835 1993 945 2051 654,
974 1993 1001 2037 4
1036 2008 1048 2036 e
1077 1989 1207 2036 ὦσαν
1242 1988 1496 2051 Τιμὸλυτον
1518 1988 1623 2037 καθ’
1644 1986 1769 2044 ἁλός.

214 2067 464 2114 l’raeterea
482 2063 710 2124 suspecta
730 2059 849 2110 mihi
872 2061 1027 2109 forma
1043 2063 1286 2120 πρηνῶσαι
1302 2095 1317 2118 ,
1339 2071 1427 2121 pro
1444 2072 1541 2121 quo
1566 2058 1771 2107 fortasse

206 2132 549 2196 reponendum
590 2132 827 2193 πρηνίξαο.
860 2149 887 2172 ³»
929 2128 1147 2178 Meinek.
1200 2142 1247 2191 p.
1303 2127 1407 2180 129.
1444 2128 1587 2186 Quod
1630 2130 1773 2190 poeta

206 2201 476 2264 scripsisse
509 2199 730 2258 videtur,
750 2200 871 2248 κατὰ
892 2198 1113 2263 πρηνίξαο
1140 2199 1326 2247 πόντου.
1350 2225 1412 2234 —-
1432 2205 1459 2248 5
1487 2198 1674 2253 καύηξιν
1697 2199 1768 2259 ἰχ·

208 2273 423 2335 θυρόροις
447 2270 592 2329 cod,
618 2283 713 2319 non
740 2271 821 2318 καὶ
844 2271 961 2331 izo„
982 2268 1115 2331 quod
1139 2269 1326 2328 editui-3
1355 2272 1496 2318 recte
1521 2266 1773 2331 planudeae

212 2343 407 2398 καὺηξιν
426 2343 457 2399 ἢ
478 2340 735 2402 ἶχθυὸὁροις
748 2377 761 2390 .
785 2341 965 2401 praeter
988 2338 1066 2388 ed.
1082 2338 1255 2401 princ„
1272 2351 1381 2400 quoe
1398 2340 1478 2386 καὶ
1496 2337 1768 2400 ῐχθυὸὀλοις.

209 2415 417 2462 Frustra
454 2410 657 2459 Hecker.
682 2409 741 2458 ἰδ’
762 2410 858 2472 ἰχθ.
886 2427 911 2451 «ι
938 2407 1077 2457 conf.
1120 2421 1195 2470 ep.
1228 2413 1338 2467 554,
1368 2415 1415 2458 5.
1450 2427 1473 2450 υ
1504 2411 1565 2458 Β.
1589 2433 1649 2442 -
1668 2414 1696 2456 o
1724 2408 1771 2454 ἐν

206 2483 307 2541 αἰγ.
353 2477 629 2542 legebatur3
654 2477 859 2527 correxit
899 2477 1145 2526 Heckerus
1161 2514 1174 2537 ,
1207 2476 1294 2538 qui
1332 2475 1393 2524 ad
1433 2475 1555 2538 εὗρεί
1596 2474 1772 2524 similia

208 2550 437 2608 αἰγιαλῶν
464 2545 679 2609 epitheta
708 2545 900 2606 collegit
927 2547 969 2604 1,
994 2557 1043 2606 p.
1075 2549 1183 2595 316.
1221 2571 1283 2580 -—-
1312 2547 1337 2593 7
1364 2543 1413 2592 δὲ
1439 2545 1593 2592 κενεὸν
1622 2545 1772 2608 (κενὸν

214 2620 373 2676 Plan.)
402 2619 568 2666 τέκνου
610 2618 919 2676 κεκλαυμένον
962 2613 1081 2665 Cod.
1106 2615 1155 2662 et
1192 2614 1347 2673 Plan„
1378 2632 1399 2654 a
1440 2611 1558 2662 satis
1603 2615 1771 2674 aptum

206 2687 425 2752 sepulcri
452 2686 729 2750 epitheton,
758 2683 1169 2748 quemadmodum
1194 2683 1375 2746 passim
1399 2683 1571 2742 τύμὸος
1589 2681 1771 2732 dicitur

212 2761 554 2813 πολύκλαυτος.
580 2777 601 2798 ι·
626 2759 788 2806 Mein.
824 2754 978 2804 Boiss.
1008 2753 1230 2804 servabat
1266 2753 1579 2813 κεκλαυμένου
1596 2788 1609 2811 ,
1637 2751 1770 2814 quod

208 2829 470 2881 edebatur.
508 2830 811 2878 Hermannus
846 2825 1172 2886 κεκλαυμένος,
1212 2841 1234 2865 «ι
1268 2823 1326 2870 ut
1354 2823 1416 2881 V,
1454 2833 1533 2884 ep.
1576 2825 1682 2884 178,
1721 2823 1769 2881 3,

204 2899 559 2963 δεδακρυμένος.
590 2918 615 2941 a·
643 2898 753 2952 Quo
793 2893 901 2943 haec
943 2892 1183 2943 sententia
1208 2890 1426 2941 efficitur
1454 2910 1470 2939 ι
1500 2892 1636 2953 pater
1661 2894 1773 2953 post

207 2972 393 3023 multas
422 2966 645 3019 lacrimas
688 2964 905 3025 effusas,
937 2964 1020 3013 ubi
1058 2961 1229 3026 aspicit
1258 2961 1449 3011 inanem
1494 2961 1768 3023 tumulum,

205 3040 370 3101 plorat
396 3038 576 3087 denuo.
605 3035 851 3085 Heckerus
877 3055 889 3083 ι
918 3053 942 3077 οι
972 3032 1089 3082 Mihi
1126 3031 1189 3080 de
1216 3031 1309 3079 hoc
1334 3043 1479 3078 versu
1521 3043 1620 3080 non
1652 3030 1771 3080 satis

208 3111 385 3172 liquet.
406 3108 626 3157 Verbum
655 3108 822 3155 autem
846 3105 993 3167 ἀθρῶν
1013 3100 1352 3167 explicandum
1378 3100 1574 3150 videtur
1601 3122 1615 3151 ς
1643 3114 1769 3163 quo-

204 3179 518 3240 tiescumque
556 3174 761 3239 adspicit
800 3172 1139 3237 cenotaphium
1156 3208 1170 3231 ,
1200 3174 1258 3220 ut
1300 3170 1349 3219 in
1378 3182 1455 3232 ep.
1490 3173 1578 3219 374
1616 3170 1763 3219 :8v...

204 3249 411 3297 ἐκλαυσε
441 3248 591 3310 μήτηρ
619 3245 761 3309 μυρία
784 3244 986 3306 ψεύστην
1015 3242 1084 3290 αὖ
1098 3257 1127 3302 γ
1143 3242 1249 3297 άζο
1264 3256 1376 3289 υσα
1398 3240 1531 3288 κενὸν
1553 3241 1712 3302 τάφον.
1740 3259 1765 3285 υ

206 3343 268 3351 -
296 3322 327 3367 a
356 3318 411 3366 et
438 3329 587 3377 supra
606 3328 660 3364 v,
684 3321 712 3363 2
737 3310 1083 3375 Τελεσταγόρην
1105 3307 1365 3373 planudeae
1390 3307 1503 3357 inde
1527 3320 1559 3357 a
1581 3308 1765 3373 steph„

204 3388 256 3436 et
280 3386 355 3435 sic
384 3386 602 3436 Grotius.

265 3522 491 3571 Deam.
518 3522 716 3570 Lemma
759 3538 773 3566 ι
816 3518 880 3572 εἰς
908 3514 1108 3575 ναυηγὸν
1130 3512 1440 3575 Ἐπιηροίδην,
1463 3513 1562 3561 υἱὸν·
1588 3512 1763 3572 Τιμάν-

202 3594 335 3641 δρου,
359 3590 627 3653 Antiquom
640 3590 834 3643 lemma.
854 3600 911 3636 ex
938 3586 1045 3649 ipso
1064 3584 1379 3633 monumento
1402 3582 1657 3645 sepulcrali
1676 3582 1766 3633 de·

202 3664 441 3711 rivatum.
471 3687 534 3697 —
559 3667 586 3709 2
634 3660 763 3707 υἱάσι
804 3656 927 3706 Cod.
965 3658 1078 3712 Quo
1123 3656 1341 3714 tempore
1372 3664 1511 3700 mare
1550 3650 1767 3713 inprimis

202 3732 619 3795 tempestuosum.
643 3758 704 3769 -
723 3732 753 3777 3
781 3727 944 3783 ati-moi
968 3724 1077 3788 (sic)
1102 3726 1187 3773 σὺν
1210 3720 1353 3779 Cod.;
1373 3722 1489 3778 αυτή
1508 3724 1553 3769 oi
1576 3721 1661 3769 σὺν
1684 3720 1762 3772 ed.

204 3801 361 3863 princ.
390 3798 549 3858 Plan.,
582 3800 759 3848 cetero
785 3795 884 3845 sere
907 3796 1024 3857 αὐτῇ
1055 3797 1117 3843 οἱ.
1150 3795 1357 3843 Rectum
1385 3803 1659 3841 sermonem
1684 3804 1761 3841 re·

200 3870 369 3921 stituit
400 3868 605 3919 Meinek.
634 3882 683 3930 p.
718 3871 821 3917 148.

263 4004 423 4053 Dcm
431 4004 488 4051 V.
520 4004 719 4051 Lemma
740 4020 752 4049 :
772 4004 835 4057 εἰς
858 4000 1112 4063 Τιμόλυτον
1128 3999 1231 4047 τινὰ
1250 3999 1345 4047 ὑπὸ
1372 4000 1564 4060 Κρητῶν
1580 3998 1764 4061 λῃστιίὁν

200 4078 289 4125 σὺν
314 4080 375 4137 τῇ
398 4074 495 4137 ἰδίᾳ
516 4075 590 4130 νηὶ
610 4074 927 4134 διαφθαρέντα.
951 4100 1005 4112 -
1030 4077 1058 4119 2
1082 4089 1106 4111 κ
1134 4072 1205 4118 De
1225 4069 1533 4119 Cretensium
1562 4068 1764 4131 perfidia

196 4144 337 4193 eous.
361 4142 427 4192 ad
463 4144 549 4201 xl,
570 4155 649 4204 ep.
672 4146 779 4191 371.
808 4162 833 4185 ιο
856 4142 916 4190 Β.
940 4167 998 4176 -
1018 4142 1049 4189 4
1084 4144 1313 4202 κρηταιεῖς
1356 4138 1518 4189 Codex
1558 4138 1765 4189 testibus

199 4212 440 4264 salmasio
466 4214 519 4262 et
557 4212 865 4263 Paulssenio:
908 4210 1127 4272 κρηταίης
1171 4210 1305 4258 Plan.
1355 4212 1409 4259 ln
1458 4208 1554 4258 line
1598 4209 1765 4261 codex

199 4285 332 4333 male
370 4284 477 4331 καθ’
500 4282 633 4331 ἅιδου
648 4318 661 4341 ,
703 4280 837 4344 quod
877 4284 1009 4330 recte
1045 4278 1358 4329 emendatum
1383 4292 1411 4328 a
1440 4278 1671 4329 Planude.
1702 4304 1765 4317 -··

201 4362 245 4403 5.
282 4352 448 4403 schol.
476 4351 526 4400 in
552 4362 703 4413 marg.
727 4350 921 4401 Codicis
947 4370 960 4397 ι
984 4350 1112 4413 λάροι
1134 4350 1241 4404 τοὺς
1267 4349 1492 4410 ναυαγοὺς
1529 4349 1760 4400 κλαίουσι.

198 4424 387 4473 Eadem
411 4420 653 4472 sententia
676 4434 753 4484 ep.
782 4428 891 4483 652,
918 4428 945 4471 5
972 4434 1073 4483 seq.
1098 4444 1159 4457 -
1182 4426 1226 4469 6.
1251 4420 1375 4469 ’Υπο
1396 4432 1487 4482 pro
1511 4420 1695 4469 ὕπεστι.

262 4560 452 4608 DCLV.
480 4560 681 4607 Lemma
701 4579 713 4607 ι
734 4562 797 4615 εἰς
811 4559 1083 4621 Ἅλκανδρον
1103 4556 1422 4611 Καλλιτέλους.
1437 4582 1497 4591 -
1512 4563 1541 4605 2
1558 4556 1761 4606 πλουσία

196 4628 343 4686 eod,
362 4632 495 4677 recte
527 4628 658 4677 Plan.
678 4654 741 4664 —
760 4632 789 4678 3
813 4632 859 4677 οἶ
885 4644 942 4691 με
964 4626 1158 4675 θανόντα
1178 4626 1299 4675 eod.
1323 4628 1374 4674 et
1401 4625 1530 4674 Plan.
1544 4632 1645 4675 -4
1667 4628 1763 4687 γνὺ

198 4700 333 4748 σονθ’
352 4700 613 4761 ἀλκανδρωι
656 4698 765 4759 (sic)
808 4700 932 4747 τοῦθ’
958 4699 1029 4747 ὅτι
1064 4695 1209 4752 Cod.;
1248 4696 1471 4756 γνώσοντ·
1496 4695 1763 4759 Ἄλκανδρος

194 4772 332 4832 (post
364 4768 529 4832 steph.
552 4768 827 4831 Ἀλκάνδρῳ)
851 4767 976 4817 τοῦθ·
1000 4769 1073 4815 ὅτι
1115 4766 1248 4815 Plan.
1290 4767 1343 4813 ln
1384 4764 1565 4827 quibus
1608 4768 1761 4817 multa

196 4844 456 4891 tentarunt
477 4839 660 4896 eriticiz
680 4836 921 4903 explicare
944 4837 1113 4889 studet
1130 4835 1393 4885 Passovius
1410 4835 1596 4897 Scripta
1616 4836 1755 4889 mise.

194 4924 245 4973 p.
272 4917 383 4971 220,
410 4912 463 4959 at
492 4922 556 4959 ex
592 4910 851 4971 γνώσονται
880 4906 1173 4959 eliciendum
1200 4906 1265 4954 sit
1288 4906 1662 4967 γιγνωσκόντων,
1686 4908 1757 4958 ὅτι

192 4988 338 5030 τοῦτο
382 4980 681 5042 (sepulcrum
726 4979 863 5043 quod
904 4979 1089 5041 vident)
1130 4977 1254 5025 ἐστὶν
1274 4975 1545 5039 Ἀλκάνδρῳ.
1576 4980 1759 5028 Verum

412 5078 687 5117 ΔΠωΙιΜΙΔ
714 5081 731 5116 Ι
742 5102 757 5115 .

1868 537 1950 572 me
1976 523 2141 572 vimm
2169 528 2452 588 noverant,
2477 527 2525 574 in
2555 527 2856 590 eandemque
2885 533 3212 592 conjecturam
3249 531 3418 582 incidit

1820 593 1825 644 ζ
1866 593 2011 642 etiam
2048 595 2260 644 Picoolos
2293 609 2340 658 p.
2376 601 2453 646 39.
2479 600 2602 654 Quae
2633 610 2789 659 graeca
2833 600 3032 649 Grotius
3069 600 3290 658 tinxerit,
3321 615 3416 649 non

1797 4322 1810 5034 Ι

1866 669 2080 728 apparet.
2111 665 2449 716 Boissonadius
2471 680 2690 730 quoque,
2713 671 2768 716 ut
2789 671 3036 720 Heckerus
3051 705 3064 728 ,
3089 670 3152 720 de
3170 673 3212 721 εἰ
3233 671 3414 734 cogita-

1864 736 2080 796 taverat,
2105 734 2198 784 hoc
2217 737 2510 799 epigramma
2527 738 2596 788 ita
2616 739 2914 789 constituens
2942 761 2954 788 ι

1989 877 2137 940 Ἀρκεῖ
2161 897 2240 942 μοι
2265 879 2399 942 γαίης
2431 885 2582 943 μικρῇ,
2595 880 2696 928 κόνι
2721 879 2769 938 (ἡ
2792 880 2840 928 δὲ
2865 883 3064 942 περισσὴ

2050 949 2187 998 ἄλλον
2211 951 2433 1000 ἐπιθλίὸοι
2461 951 2662 998 πλούσια
2685 951 2952 1012 κεκλιμένον

1990 1019 2136 1076 στήλη
2149 1056 2164 1081 ,
2189 1022 2242 1070 τὸ
2265 1022 2466 1083 σκληρὸν
2484 1026 2656 1084 νεκρῶν
2679 1021 2834 1082 βάρος)
2863 1021 2904 1068 εί
2925 1037 2978 1076 γε
2999 1021 3210 1076 Θανὸντος

2049 1091 2277 1151 γνὼσοντ’
2303 1092 2573 1154 Ἀλκάνδρου
2594 1092 2720 1140 τοῦθ’
2745 1092 2814 1140 ὅτι
2841 1094 3154 1147 Καλλιτέλευς.

1866 1249 1891 1274 «ι
1936 1233 2224 1294 immutavi,
2269 1236 2325 1283 ut
2361 1237 2528 1296 posset
2570 1233 2796 1298 intelligi,
2820 1237 3010 1285 textum
3047 1238 3328 1300 corruptum
3361 1241 3413 1288 et

1862 1303 2092 1353 mutilum
2119 1305 2297 1354 forsan.
2319 1305 2539 1368 syntaxis
2566 1306 2690 1354 erit:
2713 1311 2845 1369 ἀρκεῖ
2873 1323 2951 1367 μοι
2976 1307 3110 1368 γαίης
3139 1315 3277 1370 μικρῇ
3308 1310 3411 1358 κόνι

1863 1373 1904 1422 εἶ
1927 1392 1980 1433 γε
2007 1378 2066 1438 (οἱ
2093 1377 2350 1440 παριόντες)
2393 1379 2648 1438 γνώσονται
2681 1379 2752 1425 ὅτι
2793 1383 2929 1428 τοῦτο
2965 1379 3038 1440 (τὸ
3076 1381 3234 1441 μνῆμά
3265 1381 3410 1440 ἐστιν)

1862 1445 2134 1510 Ἀλκάνδρου
2161 1449 2465 1504 Καλλιτέλους
2489 1448 2716 1503 Θανὸντος.
2752 1468 2774 1491 ιο

1923 1594 2134 1644 DCLVI.
2147 1597 2374 1642 Lemma:
2396 1596 2460 1651 εἷς
2473 1595 2734 1655 Ἀλκιμένην
2751 1595 2980 1654 μαχητήν.
2998 1613 3020 1636 α
3033 1596 3138 1644 Nou
3153 1595 3307 1653 miles,
3325 1596 3412 1646 Sed

1859 1661 2006 1712 olitor
2023 1664 2174 1713 fuisse
2190 1663 2404 1714 videtur.
2427 1685 2452 1708 ι»
2475 1665 2534 1712 B.
2553 1663 2698 1721 Quod
2719 1663 2941 1727 pluribus
2961 1665 3185 1728 exposuit
3201 1667 3410 1716 Brunck.

1861 1759 1922 1768 —
1951 1739 1988 1782 1.
2023 1753 2046 1777 ‘t
2079 1733 2366 1796 Ὀλιγήριον,
2405 1733 2724 1796 adjectivum,
2755 1733 2806 1782 id
2831 1736 2907 1783 est
2933 1741 3063 1792 σῆμα
3103 1735 3257 1795 ὀλίγον
3283 1738 3413 1798 ἠρίον

1860 1807 1982 1866 ἕχον.
2005 1826 2026 1847 ›-
2050 1806 2270 1854 Meiuek.
2292 1820 2340 1869 p.
2371 1811 2472 1856 132.
2495 1832 2556 1841 -
2574 1811 2602 1854 3
2621 1807 2662 1853 εἰ
2687 1805 2920 1854 omissum
2940 1805 2990 1854 in
3007 1806 3148 1862 θοὰ..
3169 1807 3414 1869 supplevit

1862 1876 2016 1932 Plan.;
2059 1877 2275 1939 κέκρυπτ’
2315 1879 2396 1926 ὑπ’
2434 1876 2554 1925 Cod.
2615 1875 2695 1924 Sic
2764 1874 3066 1924 Archimedis
3128 1875 3412 1938 sepulerum

1857 1947 2066 2008 septum
2091 1946 2324 2007 undique
2351 1948 2402 1994 et
2428 1947 2670 1994 vestitum
2699 1945 2942 2007 vepribus
2973 1948 3024 1993 et
3060 1945 3284 1996 dumetis
3307 1950 3412 1996 erat

1859 2017 1974 2065 ante
2017 2015 2265 2065 Ciceronis
2294 2015 2582 2072 adventum,
2612 2018 2755 2064 Tusc.
2783 2017 2847 2073 V,
2876 2019 2955 2064 23.
2977 2015 3178 2074 Ὀξείης,
3198 2016 3366 2079 virgil.
3395 2037 3408 2065 z

1858 2088 2020 2148 spinis
2048 2089 2214 2148 suryit
2236 2085 2486 2150 paliurus
2522 2087 2715 2144 acutis,
2741 2085 2842 2134 Ecl.
2873 2088 2934 2144 V,
2961 2089 3038 2153 βε).
3061 2112 3120 2120 -
3147 2089 3176 2133 4
3211 2086 3267 2143 ἠν
3305 2084 3410 2133 ποτ’

1860 2155 2000 2218 Cod.;
2029 2157 2084 2217 ἦν
2131 2156 2238 2213 ποτ·
2271 2157 2427 2218 Plan.,
2465 2158 2514 2206 et
2557 2155 2687 2219 apud
2738 2154 2990 2213 Grotium3
3027 2154 3248 2218 sequitur
3284 2156 3410 2211 δήῑος

1858 2228 2003 2288 mm,
2039 2226 2173 2288 quod
2213 2239 2423 2276 errorem
2473 2225 2660 2290 peperit
2725 2224 3002 2288 glossatoris
3043 2225 3092 2275 in
3145 2225 3408 2282 lemmate;

1860 2298 1932 2351 αἶς
1951 2297 2056 2346 ποτ’
2075 2299 2168 2359 ἐγὼ
2191 2297 2316 2352 δήῐος
2339 2296 2634 2351 ermoldum
2659 2295 2690 2356 ἦ
2715 2294 2818 2344 ποτ’
2843 2295 3037 2344 Jacobs.
3071 2295 3132 2344 ad
3160 2297 3302 2358 βάτου
3329 2309 3406 2342 re-

1862 2367 2048 2424 seren83
2084 2365 2174 2416 sed
2207 2380 2378 2415 verum
2411 2365 2533 2415 vidit
2559 2366 2850 2426 MeinelliuS,
2887 2367 2944 2423 ἦν
2967 2365 3070 2414 ποτ’
3095 2367 3187 2426 ἐγὼ
3211 2365 3356 2425 δήϊον,
3383 2378 3414 2414 a

1860 2435 2010 2485 verbo
2039 2437 2158 2496 δηΐω
2180 2449 2270 2500 pro
2291 2437 2464 2496 δηιόω,
2493 2435 2555 2486 de
2579 2450 2679 2499 quo
2702 2450 2750 2484 v.
2777 2436 2908 2486 dicta
2933 2434 2997 2485 ad
3018 2437 3105 2494 v1,
3130 2449 3206 2499 ep.
3234 2441 3338 2495 122,
3359 2439 3405 2486 3.

1921 2597 2155 2647 DCLVII.
2188 2599 2388 2646 Lemma
2423 2615 2436 2645 z
2459 2597 2526 2652 εἰς
2553 2595 2861 2658 Κλειταγόρην
2880 2597 3052 2651 οὔτινος
3080 2595 3410 2659 (Κλειταγόρσυ

1858 2668 1978 2722 τινὸς
2023 2669 2154 2716 recte
2200 2665 2424 2725 Salmas.)
2453 2666 2596 2726 τάφον
2623 2667 2746 2727 παρὰ
2773 2683 2876 2715 τινα
2905 2667 3159 2730 ἀκρώρειαν
3181 2669 3410 2731 κείμενον,

1858 2739 1905 2785 ἐν
1929 2737 1960 2797 ἡ
1983 2739 2194 2799 ποιμένες
2223 2738 2339 2798 μετὰ
2365 2736 2610 2798 προὸάτων
2639 2737 2941 2798 διατρίόουσι.
2975 2738 3162 2798 Νομίζω
3189 2739 3238 2787 δὲ
3262 2741 3333 2788 ὅτι
3362 2741 3410 2790 ἐν

1857 2807 2040 2870 Ἐφέσῳ
2077 2813 2223 2856 κεῖται
2269 2812 2431 2855 ταῦτα.
2467 2826 2490 2850 ιι
2538 2808 2706 2855 Pastor
2741 2805 2790 2854 in
2833 2808 3000 2856 monte
3043 2807 3262 2869 sepultus
3289 2809 3411 2858 alios

1858 2882 2076 2941 pastores
2111 2880 2274 2941 rogat,
2299 2880 2358 2927 ut
2386 2877 2476 2939 ipsi
2517 2877 2710 2927 inferias
2747 2876 2952 2936 faciant,
2975 2877 3146 2939 quales
3180 2878 3412 2931 describit

1858 2952 2052 3013 Longus
2066 2952 2292 3009 Ῑ,31,32.
2315 2948 2452 2998 cons.
2472 2962 2549 3012 ep.
2577 2955 2653 2997 55.
2682 2949 2835 2996 »Jaa
2867 2974 2930 2983 -
2959 2954 2986 2997 2
3023 2949 3243 3011 κεύηροὺς
3264 2951 3408 3010 Cod.,

1858 3021 2065 3069 correxit
2087 3020 2310 3078 Salmas.‚
2333 3022 2392 3069 ut
2414 3021 2490 3069 est
2511 3033 2587 3083 ap.
2615 3016 2900 3081 Sophoclem
2923 3019 3019 3073 οἰὸς
3041 3020 3218 3081 εὐείρου
3241 3022 3408 3083 πόκον,

1854 3090 2030 3141 Trach.
2056 3094 2173 3147 6783
2199 3092 2454 3152 κεῦμάλους
2477 3089 2553 3139 vel
2581 3089 2864 3151 κεῦμάλλους
2907 3088 3061 3145 Piens,
3095 3090 3406 3150 εὗὸοτέοντες,

1852 3164 2153 3221 pascentes,
2181 3159 2386 3209 Meinek.
2414 3174 2464 3223 p.
2494 3164 2608 3221 ¹353
2629 3160 2713 3209 sed
2741 3160 2987 3209 fleckerus
3017 3158 3278 3209 verborum
3307 3163 3404 3209 tra-

1850 3230 2110 3293 iectiouem
2141 3230 2451 3281 statuendam
2485 3244 2593 3281 esse
2632 3234 2821 3289 censet,
2841 3243 3138 3293 quamquam
3175 3250 3198 3271 «
3229 3230 3408 3280 mirum

1855 3300 2008 3351 videri
2036 3303 2228 3365 poetam
2249 3298 2401 3349 verba
2426 3300 2493 3351 ita
2516 3300 2716 3350 turbare
2739 3300 2970 3350 maluisse
2995 3313 3143 3363 quam
3163 3300 3234 3350 sic
3251 3298 3409 3363 dispo-

1855 3383 1970 3419 nere
2001 3390 2014 3418 z

1981 3506 2205 3568 Ποιμένες
2234 3506 2278 3554 οἳ
2306 3506 2478 3564 ταύτην
2501 3506 2630 3569 ὄρεος
2655 3506 2790 3569 ῥάχιν
2815 3506 3109 3567 ἐμδατέοντες

2042 3576 2176 3634 αἶγας
2201 3574 2432 3637 κεῦεἷρους
2467 3575 2712 3625 οἰοπολεῖι-Ι
2731 3576 2848 3631 ὄϊας.

1852 3716 2162 3768 Abundantia
2183 3718 2340 3780 qualis
2363 3718 2411 3767 in
2428 3717 2592 3768 verbis
2608 3718 2838 3768 οἰοπο).εϊν
2861 3718 2962 3773 ὄϊας
2975 3754 2988 3777 ,
3014 3715 3406 3779 frequentissima

1852 3790 1944 3838 est.
1979 3807 2003 3831 ι»
2031 3791 2214 3837 Verum
2232 3787 2485 3851 pascendi
2509 3788 2642 3837 notio
2669 3788 2718 3836 in
2743 3788 2920 3847 verbo,
2939 3790 2998 3838 ut
3016 3789 3089 3836 est
3113 3786 3163 3835 in
3183 3786 3406 3836 substan·

1853 3858 1979 3917 tivo,
2009 3858 2264 3909 nullodum
2291 3858 2511 3922 exemplo
2545 3858 2763 3921 probata.
2789 3859 3116 3919 Ἐμὸατέοντες
3151 3871 3406 3921 perperam

1852 3931 2110 3991 acceptum
2135 3942 2164 3978 a
2191 3930 2375 3980 Grotio.
2401 3956 2462 3965 -—
2480 3934 2508 3979 3
2529 3930 2801 3992 κλειταγόρη
2825 3929 2942 3978 cod.
2964 3956 3024 3970 -
3043 3932 3070 3978 4
3092 3928 3242 3977 τίνυτε
3261 3928 3403 3987 Cod..

1852 3999 2160 4061 superposito
2177 4016 2240 4047 οι.
2263 4030 2321 4041 -
2341 4007 2386 4049 5.
2407 3998 2634 4055 Ἀξέστοιο
2656 3998 2818 4061 quivis
2840 3997 2942 4047 sine
2967 3997 3236 4047 ofsensione
3257 3996 3403 4059 legit:

1852 4068 1901 4116 in
1947 4068 2106 4130 lapide
2143 4072 2220 4119 vel
2263 4082 2382 4132 rupe
2409 4068 2676 4131 propinqua
2715 4069 2935 4119 assidens
2973 4072 3030 4118 ut
3063 4072 3206 4118 canat
3239 4072 3406 4132 pastor

1853 4136 2103 4187 invitatur.
2136 4138 2234 4187 Sed
2267 4139 2516 4187 Heckerus
2547 4139 2756 4188 mutulo
2774 4178 2785 4195 ,
2811 4153 2926 4189 mox
2957 4139 3254 4199 coronando,
3284 4138 3400 4187 insi-

1850 4206 2048 4257 dentem
2065 4207 2230 4271 fingit:
2255 4228 2278 4251 τι
2296 4208 2612 4258 scribendum
2628 4209 2939 4266 έπέὐξέστοιο
2953 4209 3056 4259 sive
3074 4210 3149 4258 ἐπὶ
3165 4210 3403 4264 ξεστοῖο...

1851 4280 2036 4340 πέτρου.
2077 4278 2221 4342 Lapis
2259 4278 2386 4327 enim
2420 4280 2728 4342 sepulcralis,
2757 4280 2807 4329 in
2844 4293 2942 4343 quo
2979 4278 3073 4328 hoc
3111 4278 3408 4342 epigramma

1852 4346 2150 4412 insculptum
2177 4348 2444 4412 legebatur,
2477 4349 2611 4399 haud
2641 4350 2788 4401 dubie
2819 4352 2972 4407 ξεστὸς
3003 4348 3111 4399 suit.
3139 4368 3163 4390 υ
3182 4375 3245 4385 -
3267 4356 3296 4397 6
3322 4348 3403 4409 βο·

1852 4419 2095 4478 σκομὲνοις
2126 4417 2268 4477 Cod..
2293 4418 2500 4467 alterum
2525 4420 2654 4469 Plan.
2673 4447 2732 4456 —
2752 4424 2778 4469 7
2801 4420 2994 4483 ἀμέρξας
3011 4418 3235 4481 Scaliger,
3256 4426 3408 4479 quem

1852 4489 2093 4549 sequntur
2121 4489 2354 4546 lli-unck..
2379 4486 2583 4537 Lobeck.
2623 4488 2851 4538 Technol.
2888 4503 2937 4552 p.
2981 4492 3040 4538 54
3077 4490 3128 4537 et
3167 4487 3317 4535 neck.
3347 4512 3409 4523 —

1852 4560 1897 4606 8.
1932 4576 1956 4599 «
1983 4557 2194 4621 Χωρὶτης
2221 4557 2368 4607 etiam
2387 4560 2445 4607 V.
2469 4558 2525 4607 C.
2549 4556 2643 4607 Sed
2677 4558 2800 4608 rorte
2827 4558 3002 4621 χωρίτῃ
3027 4555 3354 4606 scribendum.
3381 4572 3406 4597 ι·

1853 4628 2079 4678 Salmas.
2111 4653 2174 4662 —
2194 4634 2225 4678 9
2253 4630 2466 4691 εὐὰρνοισ
2492 4628 2612 4677 cod.
2642 4629 3006 4692 Καταχραίνοιτο
3040 4626 3261 4691 (verbum
3293 4624 3408 4675 alibi

1851 4698 2000 4747 semel
2045 4698 2224 4748 lectum
2259 4698 2535 4762 polluenda·
2570 4701 2736 4759 sensu)
2762 4701 3046 4761 corruptum
3091 4710 3200 4747 esse
3241 4696 3410 4745 censet

1852 4768 2000 4817 neck.
2026 4787 2039 4816 ι
2082 4788 2106 4811 «ι
2149 4768 2284 4831 quod
2310 4770 2557 4831 probabile
2585 4770 2736 4819 videri
2763 4770 2915 4833 possit
2955 4770 3337 4833 καταῤῥιίνοιτο,
3358 4765 3407 4815 id

1850 4840 2046 4901 propter
2065 4837 2286 4889 additum
2304 4840 2534 4901 ὑγραίνων
2553 4839 2702 4889 habet
2730 4840 2863 4903 quod
2889 4840 3158 4903 displiceat.
3189 4860 3212 4881 v·
3233 4835 3406 4887 Media)

1848 4914 1981 4961 certe
2023 4910 2196 4960 sermm
2237 4910 2287 4973 in
2333 4909 2412 4959 bis
2446 4911 2602 4973 poetis
2647 4910 2842 4961 liberior
2875 4913 2952 4961 est
2989 4924 3136 4969 usus,
3166 4920 3254 4957 nec
3294 4917 3405 4968 pas·

1848 4982 1952 5031 sive
1985 4980 2272 5045 capiendum
2301 4994 2418 5031 cum
2445 4982 2628 5032 Grotio.
2662 4982 2823 5032 schol.
2851 4982 2902 5031 iu
2942 4982 3121 5033 codice
3155 5000 3166 5027 :
3198 4979 3407 5038 &naues
