3829 5747
463 210 537 265 :50
1581 206 2080 267 ANTHOLOGIAE
2127 208 2525 270 PALATINAE

538 333 840 411 νεκταρέους
863 337 907 393 δ’
934 334 1159 412 ἐλέγους,
1188 336 1413 414 ἄσπορον
1443 336 1701 413 ἀνθέμιον·

460 425 511 480 ἐν
537 421 590 481 δὲ
614 422 704 479 καὶ
731 424 790 479 ἐκ
818 422 1011 503 φορὸἥς
1040 423 1393 501 σκολιότριχος
1420 424 1567 491 ἄνθος
1599 425 1824 497 ἀκάνθης

538 508 843 589 Ἀρχιλόχου
859 555 873 578 ,
902 508 1090 588 μικρὰς
1114 510 1373 589 στράγγας
1402 512 1491 568 ἀπ’
1514 515 1741 571 ὠκεανοῦ·
1758 537 1771 550 ·

457 604 561 663 τοῖς
588 598 633 653 δ’
660 596 751 673 ἅμ’
776 596 1125 676 Ἀλεξάνδροιο
1144 596 1285 663 νέους
1313 597 1548 677 ὄρπηκας
1575 600 1752 672 ἐλαίης
1772 647 1787 676 ,

353 707 403 746 ιο
532 684 625 755 ἠδὲ
659 686 1009 745 Πολυκλείτου
1037 686 1330 763 πορφυρέην
1362 686 1566 749 κύανον.

456 772 549 833 Ἔν
578 774 621 831 δ’
651 774 733 853 ἄρ’
762 774 1032 853 ἀμάρακον
1061 767 1180 847 ἧκε,
1211 776 1598 856 Πολύστρατον,
1623 779 1771 846 ἄνθος
1794 782 2002 854 ἀοιδῶν,

532 862 795 941 φοίνισσάν
820 884 876 919 τε
900 863 1021 933 νέην
1045 863 1240 941 κύπρον
1268 863 1358 920 ἀπ’
1387 863 1720 943 Ἀντιπάτρου
1737 891 1749 904 ·

452 951 539 1009 καὶ
565 950 668 1026 μὴν
690 951 780 1008 καὶ
807 951 1000 1030 Συρίαν
1032 950 1387 1032 σταχυότριχα
1417 953 1611 1024 θήκατο
1637 955 1844 1032 νάρδον,

530 1039 829 1114 ὓμνοθέταν,
859 1037 1059 1118 Ἑρμοῦ
1090 1042 1250 1118 δῶρον
1275 1040 1587 1117 ἀειδόμενον·

342 1156 392 1195 st
449 1128 501 1183 ἐν
532 1125 585 1183 δὲ
620 1126 976 1186 Ποσείδιππόν
1000 1151 1059 1186 τε
1084 1126 1175 1186 καὶ
1200 1128 1443 1200 Ἡδύλου,
1470 1129 1607 1208 ἄγρι’
1633 1130 1881 1209 ἀρούρης,

528 1213 814 1274 Σικελίδεω
841 1214 888 1273 τ’
919 1214 1127 1290 ἀνέμοις
1156 1215 1313 1273 ἄνθεα
1340 1216 1593 1295 φυόμενα.

448 1303 555 1362 Ναὶ
587 1302 690 1378 μὴν
721 1302 813 1361 καὶ
841 1301 1082 1381 χρύσειον
1113 1302 1195 1361 ἀεὶ
1223 1303 1377 1361 θείοιο
1404 1302 1686 1369 Πλάτωνος

524 1394 699 1452 κλῶνα
716 1437 733 1464 ,
759 1393 847 1451 τὸν
871 1392 923 1459 ἐξ
952 1394 1138 1470 ἀρετῆς
1166 1392 1385 1451 πάντοθι
1412 1392 1771 1467 λαμπόμενον·

435 1483 647 1562 ἄστρων
675 1485 721 1539 τ’
751 1480 883 1558 ἴδριν
905 1477 1124 1559 Ἄρατον
1153 1484 1283 1555 ὁμοῦ
1316 1482 1491 1559 βάλεν,
1515 1481 1893 1559 οὗρανομάκευς

336 1589 389 1625 so
521 1568 743 1650 φοίνικος
772 1568 949 1645 κείρας
974 1568 1326 1645 πρωτογόνους
1353 1567 1559 1644 ἕλικας,

442 1657 606 1714 λωτόν
634 1655 681 1714 τ’
709 1654 957 1733 ἐὖχαίτην
988 1652 1349 1732 Χαιρήμονος,
1372 1658 1425 1713 ἐν
1451 1655 1602 1734 φλογὶ
1626 1654 1773 1730 μίξας

520 1742 816 1818 Φαιδίμου,
846 1742 1155 1821 Ἀνταγόρου
1184 1741 1230 1798 τ’
1257 1740 1535 1822 εὔστροφον
1563 1742 1713 1820 ὄμμα
1745 1741 1884 1821 βοὸς,

348 1829 355 1837 '
442 1829 538 1888 τάν
568 1854 623 1888 τε
654 1831 971 1909 φιλάκρητον
996 1830 1338 1909 Θεοδωρίδεω
1367 1833 1585 1901 νεοθαλῆ

518 1918 795 1995 ἕρπυλλον,
821 1916 1035 1993 κυάμων
1059 1919 1104 1974 τἸ
1134 1918 1291 1976 ἄνθεα
1321 1918 1561 1988 Φανίεω,

331 2034 384 2070 ιιι
441 2005 611 2064 ἄλλων
634 2008 681 2063 τ’
708 2003 858 2083 ἔρνεα
884 2005 1056 2063 πολλὰ
1078 2005 1339 2087 νεόγραφα
1359 2028 1372 2042 ·
1399 2016 1503 2071 τοῖς
1532 2007 1577 2063 δ’
1606 2006 1716 2081 ἅμα
1748 2006 1963 2077 Μούσης

516 2092 605 2151 καὶ
636 2092 882 2171 σφετέρης
912 2091 989 2150 ἔτι
1012 2114 1112 2151 που
1134 2092 1350 2170 πρώϊμα
1382 2092 1615 2155 λευκόῗα.

436 2178 595 2239 Ἀλλὰ
624 2180 787 2259 φίλοις
816 2178 909 2256 μὲν
940 2183 1111 2255 ἐμοῖσι
1139 2180 1278 2260 φέρω
1306 2180 1478 2259 χάριν·
1504 2178 1611 2237 ἔστι
1635 2178 1689 2238 δὲ
1714 2179 1934 2257 μύσταις

513 2266 678 2332 κοινὸς
705 2270 735 2324 ὃ
762 2270 864 2325 τῶν
896 2265 1149 2328 Μουσέων
1177 2266 1404 2338 ἡδυεπὴς
1429 2268 1697 2348 στέφανος.

724 2422 791 2501 β’.
826 2424 1209 2484 ΦΙΛΙΠΠΟΥ
1265 2425 1695 2484 ΣΤΕΦΑΝΟΣ.

430 2583 617 2644 Ἄνθεά
646 2606 728 2643 σοι
759 2584 949 2663 δρέψας
975 2581 1286 2656 Ἑλικώνια,
1309 2583 1399 2642 καὶ
1427 2583 1795 2661 κλυτοδένδρου

514 2672 729 2751 Πιερίης
756 2672 933 2752 κείρας
958 2672 1322 2749 πρωτοφύτους
1348 2672 1601 2745 κάλυκας,

430 2761 517 2819 καὶ
542 2761 739 2827 σελίδος
761 2764 949 2839 νεαρῆς
978 2760 1181 2839 θερίσας
1211 2761 1428 2839 στάχυν,
1459 2758 1808 2827 ἅντανέπλεξα

506 2857 613 2916 τοῖς
640 2849 1010 2928 Μελεαγρείοις
1036 2851 1105 2916 ὥς
1133 2848 1302 2908 ἴκελον
1336 2848 1624 2929 στεφάνοις.

350 2952 375 2988 ⁸
428 2937 586 2996 Ἀλλὰ
612 2937 971 3015 παλαιοτέρων
999 2934 1146 3003 εἰδὼς
1172 2937 1348 3009 κλέος,
1378 2936 1525 2996 ἐσθλὲ
1562 2937 1830 3013 Κάμιλλε,

504 3027 661 3103 γνῶθι
687 3023 778 3082 καὶ
803 3025 1095 3105 ὁπλοτέρων
1116 3023 1210 3094 τὴν
1236 3026 1609 3103 ὀλιγοστιχίην.

432 3109 758 3191 Ἀντίπατρος
786 3113 971 3191 πρέψει
999 3112 1237 3191 στεφάνῳ
1259 3113 1483 3192 στάχυς·
1510 3117 1580 3178 ὡς
1608 3110 1663 3170 δὲ
1686 3110 1942 3189 κόρυμὸος

410 3255 417 3264 ,
507 3198 861 3277 Κριναγόρας·
887 3198 1088 3278 λάμψει
1111 3202 1155 3258 δ’
1184 3202 1251 3265 ὡς
1282 3199 1463 3277 βότρυς
1492 3198 1803 3278 Ἀντίφιλος,

426 3288 475 3344 Τ
478 3285 649 3352 ύλλιος
672 3287 741 3351 ὡς
768 3285 1077 3361 μελίλωτον,
1101 3285 1375 3364 ἀμάρακον
1404 3285 1475 3351 ὣς
1500 3287 1832 3362 Φιλόδημος·

322 3383 370 3420 ¹⁰
506 3373 679 3452 μύρτα
708 3373 755 3430 δ’
787 3377 815 3432 ὁ
847 3374 1182 3450 Παρμενίων·
1202 3377 1271 3440 ὡς
1296 3374 1441 3453 ῥόδον
1470 3373 1799 3453 Ἀντιφάνης·

424 3463 599 3530 κισσὸς
628 3462 673 3521 δ’
697 3462 1029 3538 Αὐτομέδων·
1059 3466 1237 3529 Ζωνᾶς
1267 3463 1444 3537 κρίνα·
1470 3466 1588 3541 δρῦς
1614 3463 1671 3522 δὲ
1692 3463 1924 3541 Βιάνωρ·

503 3550 786 3629 Ἀντίγονος
814 3552 860 3608 δ’
892 3551 1018 3623 ἔλάη
1038 3596 1055 3622 ,
1086 3551 1175 3609 καὶ
1199 3550 1455 3631 Διόδωρος
1477 3551 1571 3610 ἴον·

426 3637 626 3711 Εὔηνον
651 3639 839 3720 δάφνῃ,
867 3637 1303 3707 συνεπιπλεκτοὶις
1332 3639 1387 3698 δὲ
1415 3637 1692 3717 περισσοὺς

500 3726 709 3786 εἴκασον
736 3717 808 3793 οἷς
835 3728 1022 3793 ἐθέλεις
1049 3726 1252 3786 ἄνθεσιν
1280 3727 1595 3807 ἀρτιφύτοις.

553 3902 885 3961 ΑΓΑΘῘΟΥ
927 3901 1476 3962 ΣΧΟΔΑΣΤΙΚΟΥ
1516 3901 1855 3961 ΑΣΙΑΝΟΥ

950 3989 1187 4049 ΜΥΡΙΝ
1202 3992 1383 4050 ΑΙΟΥ

2161 359 2333 395 verum
2359 352 2409 397 et
2435 352 2685 400 nectareos
2705 351 2864 414 elQos
2881 390 2893 411 ,
2915 356 3242 406 non-sativum
3269 358 3578 421 anthemium

2100 434 2378 498 ibidemque
2408 451 2464 485 ex
2492 440 2691 501 pascuis
2721 442 3122 493 curvis-crinibus
3155 445 3324 495 cardui
3349 448 3493 498 nores

2159 521 2450 584 Archilochi,
2476 538 2650 587 parvas
2671 530 2836 589 guttas
2858 528 2921 577 ab
2942 543 3155 589 ocean03

2097 612 2146 657 et
2169 624 2283 659 cum
2306 611 2480 661 iisdem
2505 614 2759 664 Alexandri
2780 630 2909 666 nova
2929 618 3148 680 germina
3174 621 3318 671 olivae
3335 661 3348 683 ‚

2158 702 2208 747 et
2235 700 2466 761 Polycleti
2485 714 2782 764 purpuream
2813 718 3038 766 cyanum.

2097 784 2304 834 Immisit
2326 786 2470 835 etiam
2494 801 2792 849 amaracum,
2819 791 3164 855 Polystratum,
3182 799 3438 857 poetarum
3460 798 3619 850 florem
3640 839 3653 862 ,

2157 875 2207 921 et
2227 874 2527 935 phoeniceam
2556 890 2733 926 novam
2763 890 2966 941 cyprum
2985 880 3048 929 ab
3069 881 3345 944 Antipatro;

2095 958 2145 1003 et
2169 968 2285 1006 sane
2307 958 2452 1007 etiam
2480 960 2667 1021 Syriam
2689 962 2854 1023 posuit
2870 964 3304 1025 spicatis-crinibus
3321 968 3529 1018 nardum
3546 1008 3561 1031 ,

2154 1046 2374 1110 poetam²
2397 1047 2623 1096 Mercurii
2647 1047 2832 1098 donum
2860 1049 3199 1111 decantatum;

2092 1132 2143 1180 et
2169 1130 2403 1195 imposuit
2430 1134 2748 1198 Posidippum
2773 1140 2921 1200 atque
2947 1139 3211 1202 Hedylum,
3238 1144 3448 1206 agrestia
3495 1147 3650 1206 ruris,

2151 1219 2467 1283 Sicelidaeque
2489 1222 2647 1273 ventis
2669 1223 2853 1286 genitos
2876 1224 3020 1275 flores
3038 1227 3402 1293 (anemonas).

2089 1310 2158 1355 Ac
2181 1320 2298 1357 sane
2319 1309 2466 1358 etiam
2493 1324 2685 1375 semper
2708 1325 2920 1363 aureum
2943 1314 3094 1365 divini
3117 1318 3333 1367 Platonis

2152 1395 2409 1445 surculum
2422 1435 2436 1457 ,
2462 1400 2744 1459 prestantia
2768 1414 2858 1449 sua
2880 1401 3063 1464 ubique
3083 1404 3442 1467 splendentem;

2089 1494 2283 1544 unaque
2307 1486 2550 1534 astrorum
2574 1499 2776 1547 gnarum
2804 1491 3007 1539 Aratum
3033 1490 3232 1553 indidit,
3267 1493 3662 1547 in—coelum-euii-

2148 1571 2322 1632 palmae
2343 1570 2578 1621 demessis
2599 1574 2766 1636 primis
2789 1576 3037 1627 claviculis
3049 1616 3061 1638 ,
3469 1583 3649 1645 [nentis

2085 1658 2338 1720 lotamque
2355 1660 2736 1711 bene-comatam
2755 1662 3088 1715 Chaeremonis
3104 1704 3117 1726 ,
3137 1666 3350 1717 flammai
3369 1670 3582 1720 miscens

2149 1745 2410 1807 Phaedimi,
2437 1751 2487 1797 et
2510 1752 2766 1812 Antagorae
2788 1752 3054 1802 volubilem
3073 1753 3213 1804 bovis
3233 1756 3434 1807 oculum
3449 1798 3461 1819 ,

2085 1840 2134 1885 et
2155 1850 2528 1887 merum-amans
2550 1838 2870 1890 Theodoridis
2893 1843 3203 1893 nove-virens

2147 1925 2426 1986 serpyllum,
2455 1929 2506 1974 et
2533 1926 2754 1976 fabarum
2773 1928 2918 1979 flores
2940 1928 3166 1991 Phaniae,

2081 2011 2384 2073 aliorumque
2406 2014 2620 2075 germina
2637 2016 2794 2065 multa
2807 2029 2964 2079 nuper
2975 2018 3108 2081 picta
3121 2058 3133 2080 ,
3150 2022 3200 2069 et
3214 2019 3290 2070 his
3306 2022 3477 2085 juncta
3489 2036 3647 2074 mus-‘e

2143 2100 2288 2149 etiam
2309 2106 2488 2151 nostrae
2510 2108 2809 2165 praematura
2831 2106 3060 2168 quaedam
3081 2109 3284 2159 leucoia.

2081 2188 2192 2235 sam
2211 2189 2379 2238 amicis
2393 2191 2512 2240 meis
2524 2191 2931 2254 gratum-donum
2949 2194 3109 2245 assero
3136 2216 3149 2244 :
3171 2201 3344 2259 estque
3368 2198 3538 2260 mystis

2143 2280 2413 2329 communis
2439 2280 2544 2329 hzec
2567 2284 2822 2331 Musarum
2845 2284 3136 2347 suaviloqua
3159 2300 3352 2337 corona.

2522 2435 2584 2482 Π.
2613 2436 2884 2483 PHILIPPI
2914 2437 3181 2487 CORONA.

2028 2550 2036 2565 ·
2075 2586 2299 2636 Floribus
2323 2588 2412 2638 tibi
2435 2587 2677 2653 decerptis
2701 2592 2963 2641 Heliconiis
2977 2631 2991 2653 ,
3016 2596 3066 2642 et
3083 2594 3497 2645 arboribus-clarae

2137 2675 2312 2724 Pieriae
2333 2676 2488 2727 tonsis
2505 2678 2836 2741 primogenitis
2859 2680 3116 2741 calicibuS,

2022 2762 2024 2769 '
2077 2761 2278 2825 foliique
2303 2764 2420 2813 novi
2443 2763 2664 2815 demessa
2687 2766 2847 2828 spica,
2873 2770 3185 2818 contranexui

2135 2851 2432 2915 Meleagricis
2450 2850 2590 2903 hanc
2609 2857 2667 2905 ut
2689 2854 2894 2904 similem
2917 2856 3136 2918 coronis3

2073 2940 2161 2990 sed
2186 2942 2514 3005 antiquiorum
2533 2958 2690 3006 quum
2712 2945 2839 2995 scias
2859 2945 3041 2996 famam
3057 2984 3070 3006 ‚
3096 2948 3328 3010 praeclare
3352 2949 3560 3002 camme
3577 2991 3592 3011 ,

2133 3043 2278 3078 nosce
2302 3032 2351 3079 et
2372 3032 2693 3082 recentiorum
2712 3036 2972 3095 poetarum
2992 3036 3388 3096 parva-camunti.

2071 3118 2337 3180 Antipater,
2357 3122 2415 3169 ut
2437 3120 2610 3182 arista,
2649 3135 2842 3171 coronae
2865 3121 3153 3183 conveniet3
3182 3128 3239 3173 ut
3261 3137 3430 3175 ramus
3447 3133 3625 3178 aute-m

2131 3202 2432 3266 ermagora&
2459 3204 2661 3268 fulgebit
2683 3210 2740 3257 ut
2765 3221 2864 3257 uva
2882 3208 3192 3272 Antiphilus3

2067 3291 2258 3341 Tullius
2276 3294 2333 3342 ut
2345 3293 2633 3353 melilotum3
2655 3298 2713 3345 ut
2729 3309 3012 3348 amaracum
3030 3298 3366 3359 Philodemus,

2127 3385 2178 3432 et
2199 3384 2260 3432 ut
2277 3385 2436 3445 myrta
2456 3385 2742 3445 Parmeni03
2765 3389 2824 3437 ut
2849 3401 2962 3438 rosa
2986 3388 3306 3453 Antiphanes,

2066 3468 2342 3532 hederaque
2351 3471 2658 3522 Automedon
2672 3491 2685 3533 ς
2701 3475 2858 3523 zonas
2876 3475 2986 3524 alba
3003 3475 3120 3538 lilia,
3137 3479 3187 3527 et
3202 3491 3417 3540 quercus
3431 3479 3640 3538 Bianor,

2125 3562 2234 3609 tum
2255 3559 2523 3623 Antigonus
2543 3563 2650 3612 olea
2665 3601 2677 3622 ‚
2703 3566 2754 3611 et
2778 3563 2908 3614 viola
2927 3563 3199 3624 Diodorus;

2065 3647 2285 3697 Evenum
2301 3648 2500 3706 laureas,
2521 3653 2570 3698 et
2589 3649 2952 3702 simul-innexos
2968 3653 3206 3715 plurimos

2127 3749 2350 3798 compara
2372 3737 2552 3798 quibus
2575 3737 2650 3786 vis
2681 3737 2881 3788 [loribus
2911 3742 3236 3793 recens-ortis,

2147 3915 2253 3973 ΠΙ.
2306 3915 2678 3974 AGATHIAE
2718 3916 3222 3977 SCHOLASTICI
3267 3919 3535 3982 ASIANI

2661 4003 3018 4062 MYfflNAEl

421 4157 685 4246 Συλλογὴ
761 4155 905 4217 νέων
980 4151 1470 4244 ἐπιγραμμάτων
1546 4152 1848 4218 ἐκτεθεῒσα
1914 4154 1974 4214 ἐν
2063 4149 2329 4236 Sylloge
2355 4171 2677 4216 novorum
2707 4152 3296 4238 epigrammatum,
3329 4155 3648 4238 exposita

518 4259 979 4325 Κωνσταντίνου
1028 4257 1205 4328 πόλει,
1243 4262 1391 4350 πρὸς
1419 4251 1724 4349 Θεόδωρον
1757 4271 1968 4323 Δεκου·

521 4363 696 4450 ρίωνα
742 4367 846 4430 τὸν
891 4366 1145 4457 Κοσμᾶ·
1190 4363 1425 4458 εἴρηται
1472 4358 1652 4431 δὲτὰ
1685 4362 1974 4456 προοίμια

522 4467 677 4560 μετὰ
709 4466 819 4546 τὰς
838 4479 1096 4560 συνεχεῖς
1126 4471 1441 4562 ἀκροάσεις
1468 4468 1578 4548 τὰς
1603 4468 1742 4538 κατ’
1774 4474 1970 4538 ἐκεῖνο

518 4585 719 4666 καιροῦ
752 4579 1094 4666 γενομένας.

424 4723 596 4812 Οἶμαι
628 4733 721 4810 μὲν
745 4736 915 4812 ὑμᾶς,
946 4734 1157 4816 ἄνδρες,
1181 4736 1639 4812 ἐμπεπλησμένους

424 4825 482 4879 ἐκ
506 4826 598 4892 τῆς
624 4820 880 4894 τοσαύτης
908 4825 1009 4880 τῶν
1040 4822 1205 4901 λόγων
1235 4823 1546 4890 πανδαισίας
1563 4867 1578 4892 ,

424 4909 502 4968 ἔτι
530 4931 631 4968 που
652 4909 720 4968 τὰ
741 4909 883 4968 σιτία
911 4911 1213 4989 προσκόρως
1240 4908 1551 4989 ἐρυγγάνειν·

426 4997 515 5056 καὶ
544 4997 609 5070 δὴ
638 4998 866 5071 κάθησθε
898 5002 964 5076 τῇ
986 5003 1153 5077 τρυφῇ
1183 4997 1510 5076 σεσαγμένοι·

2153 4253 2720 4342 Constantinopoli
2779 4253 2869 4320 ad
2931 4253 3348 4320 Theodorum
3419 4255 3652 4324 decu-

2151 4358 2432 4437 rionem,
2457 4361 2704 4424 Cosmae
2734 4358 2981 4423 filium.
3009 4359 3191 4424 Dicta
3213 4366 3371 4424 sunt
3396 4367 3646 4428 autem

2151 4465 2476 4551 prooemia
2503 4469 2651 4550 post
2687 4463 2953 4529 crebras
2990 4463 3412 4529 recitationes
3450 4465 3648 4532 circa

2152 4568 2222 4634 id
2248 4569 2565 4655 temporis
2593 4566 2885 4634 habitas.

2062 4745 2194 4792 Puto
2219 4741 2420 4804 quidem
2448 4754 2536 4790 vos
2553 4780 2565 4801 ,
2595 4743 2712 4804 viri,
2746 4744 3054 4792 exsaturatos

2062 4829 2210 4880 tantis
2239 4842 2518 4878 sermonum
2545 4829 2730 4893 epuliS,

2063 4915 2226 4965 adhuc
2251 4917 2374 4966 sorte
2399 4915 2534 4966 cibos
2550 4915 2892 4979 prae-satietate
2916 4919 3163 4976 eructari-,3

2059 5017 2120 5052 ac
2145 5017 2260 5052 sane
2283 5001 2460 5051 sedetis
2483 5001 2776 5052 helluatione
2799 5001 3002 5051 inferciti
