3829 5747
296 2458 345 2496 1⁰

416 182 541 243 300

801 322 933 372 145.
978 313 1547 373 ΑΣΚΛΗΠΙΑΔΟΥ.

398 438 507 499 ‘ild'
540 442 645 519 ἐγὼ
668 441 705 499 ἃ
723 441 936 519 τλάμων
960 442 1142 523 Ἀρετὰ
1169 442 1315 523 παρὰ
1343 444 1475 523 τῷδε
1492 442 1730 521 κάθημαι

476 530 699 599 Αἴαντος
720 530 909 611 τύμὸῳ
932 533 1217 613 κειραμένα
1244 530 1570 609 πλοκάμους,

401 617 557 693 θυμὸν
585 618 704 696 ἄχει
727 620 943 698 μεγάλῳ
975 618 1307 697 βεὸολημένα
1330 662 1348 690 ,
1382 620 1428 676 εἰ
1451 618 1581 697 παρ’
1608 617 1837 698 Ἀχαιοῖς

476 704 513 761 ἁ
540 704 801 785 δολόφρων
822 702 1025 765 Ἀπάτα
1048 703 1268 786 κρέσσον
1296 707 1423 782 ἐμεῦ
1450 706 1685 765 δύναται.

626 846 759 897 146.
808 838 1306 898 ΑΝΤΙΠΑΤΡΟΥ
1348 838 1730 911 ΣΙΔΩΝΙΟΥ.

398 965 561 1038 Σῆμα
584 963 710 1043 παρ’
741 963 1009 1024 Αἶάντειον
1034 965 1121 1023 ἐπὶ
1142 963 1430 1035 ‘Pon-qim
1458 966 1641 1031 ἀκταῖς

475 1049 777 1129 Θυμοὸαρὴς
798 1050 982 1132 Ἀρετὰ
1016 1051 1249 1129 μύρομαι
1274 1052 1489 1128 ἑζομένα
1504 1098 1523 1129 ,

398 1140 735 1215 ἀπλόκαμος,
763 1138 1013 1199 πινόεσσα
1032 1186 1049 1211 ,
1078 1140 1163 1199 διὰ
1184 1139 1352 1221 κρίσιν
1382 1139 1495 1199 ὅττι
1520 1142 1813 1218 Πελασγῶν

477 1229 567 1284 οὐκ
592 1229 751 1305 ἀρετὰ
774 1235 926 1307 νικᾷν
949 1226 1172 1306 ἔλλαχεν
1188 1272 1205 1299 ,
1235 1226 1372 1285 ἀλλὰ
1397 1228 1561 1295 δόλος.

395 1315 444 1371 Τ
448 1312 604 1391 εύχεα
630 1316 675 1371 δ’
704 1312 766 1372 ἂν
790 1314 977 1382 λέξειεν
1007 1314 1284 1394 Ἀχιλλέος·
1313 1342 1335 1365 n
1354 1312 1412 1373 'A
1422 1336 1595 1393 ρσενος
1618 1316 1789 1389 ἀκμᾶς
1807 1356 1825 1385 ,

478 1427 499 1450 ·
522 1402 579 1460 οὗ
613 1404 833 1459 σκολιῶν
859 1400 1035 1479 μύθων
1066 1403 1238 1479 ἄμμες
1265 1400 1509 1482 ἐφιέμεθα
1545 1428 1599 1459 υ.

888 1534 1049 1597 ,147.
1090 1527 1399 1586 ΑΡΧΙΟΥ.

400 1652 605 1714 Μουνος
636 1649 1083 1729 ἑναιρομ.ιίνοισινε
1063 1650 1163 1706 υπέ
1197 1671 1366 1727 μαχος
1386 1649 1583 1707 ἀσπίδα
1606 1646 1778 1717 τείνας
1797 1694 1813 1725 ,

478 1736 629 1809 νηυσὶ
661 1736 822 1816 βαρυν
851 1738 1074 1847 Τρώων,
1107 1741 1153 1796 Α
1179 1762 1266 1812 αν,
1296 1735 1505 1813 ἔμεινας
1525 1737 1675 1817 ἄρην·

398 1824 514 1883 οὐδέ
538 1848 597 1882 σε
622 1814 987 1903 χερμαδίωντ
948 1847 1081 1883 ωσεν
1102 1823 1295 1890 κτύπος
1313 1869 1329 1897 ,
1358 1828 1416 1884 οὗ
1430 1824 1579 1905 νέφος
1602 1828 1717 1901 ἰῶν,

478 1914 534 1971 οὗ
560 1918 686 1993 π’ὗρ,
714 1914 772 1971 οὗ
804 1912 1055 1992 δοράτων,
1078 1914 1136 1971 οὔ
1164 1912 1350 1993 ξιφέων
1384 1914 1641 1990 πάταγος·

400 2001 519 2059 ἀλλ’
552 2000 719 2067 αὕτως
742 1999 975 2081 προὸλής
992 2024 1050 2060 τε
1069 2000 1159 2058 καὶ
1184 1999 1403 2078 ἔμπεδος
1419 2046 1437 2075 ,
1458 1998 1529 2069 ὥς
1556 2024 1633 2068 τις
1655 2000 1865 2081 ἐρίπνα,

478 2088 725 2166 ἱδρυθεὶς,
750 2088 901 2160 ἔτλης
928 2088 1165 2147 λαίλαπα
1190 2087 1513 2163 δυσμενέων.

404 2177 449 2235 Γ
450 2178 470 2234 ἰ
494 2176 549 2234 δέ
571 2199 629 2234 σε
656 2176 729 2253 μὴ
752 2175 1027 2256 τεύχεσσιν
1058 2176 1319 2257 Ἀχιλλέος
1342 2176 1567 2238 ὥπλισεν
1593 2176 1821 2253 Ἑλλὰς,

477 2262 616 2333 ἄξιον
640 2268 752 2323 ἄντ’
782 2267 969 2344 ἀρετᾶς
996 2264 1131 2325 ὅπλα
1160 2270 1393 2345 παροῦσα
1423 2265 1607 2345 γέρας,

400 2351 645 2432 Μοιράων
676 2354 1028 2433 βουλῇσιτάδ’
1052 2353 1362 2431 ἥμπλακεν,
1389 2359 1458 2421 ὡς
1486 2353 1549 2412 ἂν
1584 2354 1677 2413 ὑπ’
1705 2358 1903 2434 ἐχθρῶν

479 2438 554 2517 μή
578 2464 737 2517 τινος,
772 2440 910 2500 ἀλλὰ
938 2439 1001 2499 συ
1030 2446 1097 2519 σῇ
1126 2442 1328 2519 πότμον
1358 2442 1480 2521 ἕλῃς
1507 2442 1753 2520 παλάμῃ.

894 2576 1016 2626 148.
1054 2577 1445 2625 ΔΔΕΣΠΟΤΟΝ.

398 2688 557 2763 Σημα
580 2688 687 2747 τόδ’
717 2687 936 2798 Αἴαντρς
957 2689 1340 2765 Τελαμωνίου,
1367 2689 1422 2749 ὃν
1445 2688 1605 2749 κτάνε
1632 2692 1830 2771 Μοιρα,

473 2777 631 2835 αὖτου
649 2777 960 2856 χρησαμένα
982 2777 1075 2837 καὶ
1104 2802 1226 2859 χερι
1258 2778 1349 2836 καὶ
1379 2776 1532 2857 ξίφεϊ.

397 2862 535 2923 Οὖδὲ
557 2863 657 2943 γὰρ
678 2867 730 2922 ἐν
760 2865 990 2936 θνητοῖσι
1018 2866 1276 2936 δυνήσατο
1294 2864 1385 2923 καὶ
1421 2868 1654 2941 μεμαυῖα

472 2951 744 3032 εὑρέμεναι
769 2954 971 3013 Κλωθὼ
996 2955 1120 3033 τῷδ’
1150 2954 1324 3035 ἕτερον
1356 2954 1537 3034 φονέα.

676 3092 809 3143 149.
860 3085 1247 3144 ΛΕΟΝΤΙΟΥ
1287 3085 1666 3144 ΣΧΟΛΑΣΤ.

398 3211 581 3268 Κεῖται
608 3208 683 3266 ἑνὶ
701 3209 866 3289 Τροίῃ
889 3210 1259 3287 Ἰελαμώνιος,
1295 3210 1353 3272 οὔ
1375 3235 1477 3270 τινι
1506 3215 1551 3270 δ’
1582 3213 1752 3288 ἔμπης

475 3295 719 3355 ἀντιὸίῶν
747 3297 951 3364 ὀπάσας
982 3289 1132 3378 ευχος
1156 3301 1241 3356 ἑοῦ
1272 3299 1511 3358 θανάτου·

932 3464 1042 3520 ι45.

1084 3479 1415 3526 asennnmn,

1050 3553 1111 3603 de
1129 3554 1297 3616 Ajace.

400 3648 554 3696 Fortis
579 3645 639 3694 ad
662 3643 821 3710 Ajacis
845 3645 1081 3694 tumulum
1106 3645 1352 3709 (miserere
1370 3645 1545 3710 viator)

460 3728 599 3777 l⁴lens
621 3727 761 3776 sedeo
792 3727 989 3788 Virtus,
1014 3736 1060 3775 ct
1086 3727 1292 3776 lacerata
1309 3743 1502 3792 cqmas:

396 3809 552 3859 Corde
570 3809 735 3858 dolens
756 3818 887 3870 tolo,
908 3809 1145 3858 Fraudem
1168 3825 1219 3858 se
1240 3809 1369 3859 nube
1392 3819 1625 3875 tegentem

460 3890 601 3954 Quod
625 3890 758 3955 Graji
782 3906 1006 3956 proceres
1038 3892 1307 3941 antetulere
1334 3892 1473 3944 mihi.

962 3994 1075 4049 146.
1113 4011 1409 4057 aurum-rar,

1035 4081 1097 4130 de
1127 4081 1309 4132 eodem.

394 4169 547 4234 Ajacis
570 4169 756 4219 tumulo
780 4169 1023 4220 Rhoeteo'
1010 4187 1061 4219 ιιι
1080 4170 1243 4220 littore
1266 4172 1427 4235 lugens

457 4253 653 4302 Assideo
676 4253 843 4303 Virtus
866 4255 960 4304 icta
986 4255 1153 4306 dolore
1176 4255 1325 4320 gravi,

392 4337 645 4401 squalens,
668 4337 807 4386 scissa
828 4355 1015 4400 comas,
1036 4341 1162 4405 quod
1181 4357 1279 4389 non
1310 4348 1380 4389 est
1403 4348 1543 4404 genle
1570 4339 1756 4405 Pelasga

458 4421 625 4469 Iudice
644 4421 809 4471 virtuti
828 4423 908 4472 sed
927 4423 1035 4472 data
1055 4425 1213 4489 palma
1234 4423 1363 4475 dolo.

396 4500 545 4566 Ipsius
564 4518 721 4564 arma,
742 4503 875 4569 loqui
904 4515 1124 4570 possent,
1145 4506 1457 4571 loquerentur
1474 4505 1712 4557 Achillis·

460 4583 547 4631 Vis
568 4583 737 4645 nobis,
764 4594 815 4634 at
841 4601 939 4636 non
966 4586 1139 4636 callida
1162 4587 1288 4638 dicta
1312 4589 1519 4654 placent.

992 4692 1101 4746 147.
1138 4701 1359 4749 Ancum,

1037 4775 1097 4826 de
1120 4775 1302 4828 eodem.

398 4872 493 4935 Qui
518 4871 620 4921 l'ace
640 4888 886 4924 succensas
903 4876 1071 4942 clypeo
1098 4878 1353 4928 defendere
1380 4895 1586 4945 puppes,

373 5027 377 5034 .
466 4961 507 5004 V
515 4956 673 5022 imque
697 4957 933 5024 Phrygum
957 4975 1113 5026 posses
1140 4961 1350 5026 pellere,
1378 4962 1505 5012 solus
1528 4978 1668 5012 eras:

1554 179 2060 242 ANTHOLOGIAE
2101 180 2508 241 PALATINAE

2561 322 2648 369 145
2699 318 3117 368 AscLEPIADAE.

2054 452 2175 499 Haec
2205 463 2295 513 ego
2312 448 2474 499 infelix
2502 448 2674 500 Virtus
2698 448 2815 499 huie
2833 448 3025 499 assideo

2111 538 2480 601 Aiacistumulo
2496 576 2510 599 ‚
2537 540 2680 589 tonsa
2709 538 2977 600 cincinnos,

2057 626 2274 677 animum
2295 625 2464 676 dolore
2491 625 2674 690 ingenti
2697 638 2932 689 percussa
2947 664 2961 689 ,
2981 625 3024 675 si
3044 624 3180 689 apud
3203 628 3412 677 Graeoos

2110 714 2480 779 dolos-cogitans
2501 716 2656 764 Fraus
2681 727 2761 764 me
2777 714 2889 779 plus
2911 714 3078 779 pollet.

2446 848 2549 896 14⁶.
2581 846 2914 895 AN'rlPATm
2943 846 3200 895 SIDONII.

2049 976 2420 1026 Monumentum
2431 973 2572 1036 iuxta
2593 976 2851 1025 AEauteum
2868 974 3110 1037 (Ajacis)
3135 974 3188 1023 in
3205 974 3412 1025 Rhoeteo
3429 974 3638 1024 littore

2112 1062 2546 1126 animum-gravata
2561 1062 2731 1111 Virtus
2751 1061 2992 1112 lamentor
3015 1060 3236 1112 assidens
3250 1100 3264 1123 ,

2047 1151 2244 1201 abrasa-
2251 1151 2424 1211 ‹zi-ines,
2447 1148 2669 1209 sordida,
2689 1149 2808 1212 quia
2829 1162 2885 1199 ex
2911 1149 3096 1212 judicio
3117 1151 3432 1214 Pelasgorum

2109 1256 2208 1291 non
2234 1240 2406 1291 virtuti
2427 1238 2632 1290 victoria
2655 1239 2853 1303 obtigit,
2881 1238 2970 1289 sed
2989 1238 3119 1290 dolo.

2049 1336 2197 1381 Arma
2223 1343 2339 1381 vero
2367 1328 2576 1380 dixerint
2599 1328 2799 1380 Achillis
2833 1350 2846 1380 z
2881 1348 2906 1375 ιι
2941 1329 3216 1383 Masculum
3257 1328 3428 1389 robur,

2115 1440 2138 1463 α
2165 1433 2264 1469 non
2286 1418 2484 1482 obliqua
2511 1417 2660 1469 verba
2677 1431 2767 1468 nos
2791 1417 3082 1481 appetimus.
3109 1438 3133 1460 υ

2631 1532 3034 1581 147.ARcH1AE.

2050 1644 2193 1694 Solus
2216 1645 2475 1707 pereuntes
2497 1643 2826 1707 propugnator
2850 1641 3018 1705 clypeo
3043 1643 3242 1705 tegens,
3459 1640 3608 1705 [tem
3631 1681 3650 1702 ‚

2112 1731 2196 1782 ad·
2195 1744 2345 1781 naves
2373 1742 2568 1795 gravem
2594 1728 2941 1791 Troianorum,
2969 1728 3124 1790 Aiax,
3164 1727 3445 1778 sustinuisti
3479 1743 3650 1778 mar-

2048 1833 2208 1883 neque
2219 1821 2272 1870 te
2281 1832 2510 1869 saxorum
2519 1816 2768 1868 submovit
2780 1817 3030 1880 strepitus,
3044 1830 3142 1867 non
3149 1816 3307 1867 nubes
3315 1817 3650 1879 iaculorum,

2109 1922 2208 1959 non
2225 1907 2383 1972 ignis,
2401 1920 2500 1957 non
2519 1905 2801 1967 hastarum,
2831 1916 2930 1955 non
2949 1904 3219 1969 gladiorum
3245 1905 3443 1968 fmgor·

2050 1998 2139 2049 sed
2155 1998 2225 2047 ita
2239 1994 2612 2061 prominensque
2636 1996 2687 2045 et
2705 1993 2892 2051 firmus
2915 1996 2970 2044 vt
2996 1992 3225 2057 scopulus
3245 1993 3441 2056 aliquis,

2112 2088 2274 2145 stans,
2295 2081 2574 2134 sustinuisti
2589 2080 2850 2145 procellam
2873 2079 3109 2131 hostium.

2049 2170 2100 2220 Si
2124 2183 2243 2221 vero
2265 2172 2319 2220 te
2340 2182 2436 2219 non
2461 2166 2611 2218 annis
2627 2165 2826 2216 Achillis
2851 2166 3088 2217 instruxit
3119 2165 3328 2227 Graecia,

2109 2258 2310 2322 dignum
2331 2269 2420 2320 pro
2440 2256 2624 2305 virtute
2655 2267 2792 2304 arma
2815 2252 3038 2318 praebens
3060 2254 3339 2318 premium,

2049 2349 2314 2397 Parcarum
2333 2343 2545 2395 consiliis
2574 2342 2627 2392 id
2642 2341 2891 2407 peccavit,
2919 2344 2977 2392 ut
2995 2341 3058 2392 ab
3086 2341 3304 2391 hostium

2109 2434 2270 2495 nullo,
2292 2431 2380 2482 sed
2398 2433 2456 2481 tu
2482 2434 2572 2482 tua
2598 2429 2753 2480 letum
2780 2442 2978 2493 caperes
2995 2429 3171 2493 palma.

2603 2564 2706 2611 148.
2757 2568 3076 2611 Anomnss-

2047 2694 2419 2744 Monumentum
2432 2690 2529 2741 hoc
2545 2690 2704 2754 Ajacis
2716 2688 3002 2751 Telamonii‚
3017 2700 3166 2752 quem
3185 2687 3428 2737 interfecit
3444 2692 3638 2750 Parca,

2111 2782 2266 2845 ipsius
2285 2793 2376 2829 usa
2396 2782 2448 2830 et
2466 2790 2622 2829 manu
2639 2780 2690 2828 et
2715 2776 2892 2842 gladio.

2047 2872 2216 2934 Neque
2237 2868 2368 2920 enim
2383 2867 2434 2918 in
2453 2866 2746 2918 mortalibus
2770 2863 2962 2930 potuit,
2988 2864 3103 2916 licet
3134 2863 3376 2928 cupierit,

2105 2957 2320 3008 invenire
2345 2956 2521 3007 Clotho
2535 2952 2656 3005 huic
2683 2954 2890 3004 alterum
2913 2964 3265 3016 percussorem.

2404 3090 2507 3136 149.
2543 3084 2800 3134 LEONTII
2830 3083 3242 3132 SCHOLASTICI.

2041 3215 2212 3267 Jacet
2197 3229 2250 3265 ιιι
2268 3215 2412 3279 Troia
2428 3213 2768 3276 Telamonius,
2801 3212 2890 3263 sed
2913 3212 3036 3262 nulli
3062 3215 3227 3263 tamen

2097 3303 2318 3354 hostium
2341 3301 2542 3366 largitus
2555 3301 2752 3352 laudem
2773 3313 2879 3351 suae
2899 3300 3112 3352 mortis.

2045 3465 2150 3513 Nec
2175 3460 2266 3510 tibi
2292 3460 2387 3510 tela
2407 3460 2552 3520 inter,
2569 3461 2836 3526 gladiique,
2861 3459 3112 3532 hastaeque
3127 3468 3380 3518 sonantes,

2111 3545 2418 3609 Flammaque
2447 3559 2556 3593 cum
2584 3543 2796 3609 lapidum
2818 3543 2948 3592 nube
2975 3533 3148 3592 dedere
3173 3551 3373 3593 metum.

2048 3627 2212 3679 stabas
2233 3628 2476 3694 oppositus
2493 3627 2618 3676 bello
2647 3627 2780 3675 velut
2803 3627 2952 3675 ardua
2972 3642 3146 3692 rupes,

2115 3717 2266 3778 Inque
2288 3721 2422 3761 tuum
2449 3712 2579 3760 venit
2605 3720 2736 3760 tanta
2764 3711 2976 3776 procella
2997 3721 3153 3776 caput.

2049 3794 2252 3844 Exuvias
2277 3803 2328 3844 at
2347 3794 2388 3843 si
2413 3794 2501 3844 tibi
2525 3809 2623 3842 non
2645 3793 2828 3860 aptavit
2852 3792 3056 3842 Achillis

2111 3875 2321 3937 Graecia,
2347 3891 2437 3924 nec
2463 3875 2645 3925 meritis
2667 3874 2876 3925 reddidit
2897 3891 3030 3924 arma
3054 3875 3162 3938 tuis,

2045 3962 2272 4007 Errorem
2295 3956 2427 4006 dedit
2451 3955 2581 4006 hunc
2605 3955 2779 4017 fatum,
2799 3973 2861 4006 ne
2883 3955 3006 4006 forle
3029 3957 3134 4022 quis
3158 3956 3304 4006 hostis

2109 4039 2322 4090 Afferret
2342 4039 2510 4096 finem,
2535 4039 2618 4089 sed
2638 4049 2721 4089 tua
2736 4039 2904 4090 dextra
2921 4039 3026 4088 tibi.

2641 4141 2751 4196 148.
2784 4156 3011 4198 ιιιυιιιτι,

2697 4238 2757 4288 de
2779 4239 2962 4291 eodem.

2045 4339 2136 4390 Hic
2152 4339 2273 4405 Ajax
2289 4339 2406 4389 situs
2430 4349 2500 4390 est
2517 4339 2864 4390 Telamonius:
2893 4339 3037 4405 ipsius
3054 4355 3165 4388 ense

2108 4427 2202 4472 Usa
2225 4439 2463 4489 manuque
2485 4425 2589 4472 viro
2617 4409 2710 4472 fata
2737 4423 2912 4472 dedere
2941 4423 3082 4473 mori.

2043 4507 2405 4558 Interit-ctorem
2428 4507 2604 4558 Clotho
2627 4524 2734 4557 cum
2759 4516 2994 4573 quaereret
3019 4507 3123 4567 illi,

2109 4589 2248 4639 Alter
2267 4588 2328 4638 ab
2346 4587 2439 4638 hoc
2457 4589 2704 4639 hominum
2727 4603 2869 4638 nemo
2893 4596 3111 4654 repertus
3139 4596 3258 4637 erat.

2497 4697 2608 4753 149.
2646 4705 2850 4738 uonru
2884 4705 3113 4738 osu-onis

2681 4786 2742 4836 de
2769 4785 2949 4838 eodem.

2041 4885 2216 4935 Condit
2243 4885 2415 4936 humus
2443 4888 2701 4937 'lelamone
2727 4897 2880 4937 salum
2907 4889 3144 4952 Trojana,
3164 4903 3255 4938 nee
3277 4887 3406 4939 nosti

2110 4969 2194 5016 ιῘιιε
2226 4975 2381 5016 tamen
2407 4967 2456 5016 in
2488 4977 2663 5021 tautam
2691 4967 2783 5018 sala
2809 4969 2984 5018 dedere
3011 4985 3193 5020 necem.
