<?xml version="1.0" encoding="UTF-8"?>
<!DOCTYPE html PUBLIC "-//W3C//DTD XHTML 1.0 Transitional//EN"
    "http://www.w3.org/TR/xhtml1/DTD/xhtml1-transitional.dtd">
<html xmlns="http://www.w3.org/1999/xhtml" xml:lang="en" lang="en">
 <head>
  <title>
</title>
<meta http-equiv="Content-Type" content="text/html;charset=utf-8" />
  <meta name='ocr-system' content='tesseract 3.04.00' />
  <meta name='ocr-capabilities' content='ocr_page ocr_carea ocr_par ocr_line ocrx_word'/>
</head>
<body>
  <div class='ocr_page' id='page_1' title='image "./epigrammatumant00unkngoog/epigrammatumant00unkngoog_0122.png"; bbox 0 0 3829 5747; ppageno 0'>
   <div class='ocr_carea' id='block_1_1' title="bbox 321 1453 370 1491">
    <p class='ocr_par' dir='ltr' id='par_1_1' title="bbox 321 1453 370 1491">
     <span class='ocr_line' id='line_1_1' title="bbox 321 1453 370 1491; baseline -0.02 0"><span class='ocrx_word' id='word_1_1' title='bbox 321 1453 370 1491; x_wconf 77' lang='lat' dir='ltr'>lo</span> 
     </span>
    </p>
   </div>
   <div class='ocr_carea' id='block_1_2' title="bbox 314 2522 370 2560">
    <p class='ocr_par' dir='ltr' id='par_1_2' title="bbox 314 2522 370 2560">
     <span class='ocr_line' id='line_1_2' title="bbox 314 2522 370 2560; baseline 0 0"><span class='ocrx_word' id='word_1_2' title='bbox 314 2522 370 2560; x_wconf 74' lang='lat' dir='ltr'>to</span> 
     </span>
    </p>
   </div>
   <div class='ocr_carea' id='block_1_3' title="bbox 429 169 508 229">
    <p class='ocr_par' dir='ltr' id='par_1_3' title="bbox 429 169 508 229">
     <span class='ocr_line' id='line_1_3' title="bbox 429 169 508 229; baseline 0 0"><span class='ocrx_word' id='word_1_3' title='bbox 429 169 508 229; x_wconf 79' lang='lat'>90</span> 
     </span>
    </p>
   </div>
   <div class='ocr_carea' id='block_1_4' title="bbox 427 291 1777 470">
    <p class='ocr_par' dir='ltr' id='par_1_4' title="bbox 427 291 1777 470">
     <span class='ocr_line' id='line_1_4' title="bbox 427 291 1758 384; baseline 0.004 -27"><span class='ocrx_word' id='word_1_4' title='bbox 427 300 628 374; x_wconf 79' lang='grc' dir='ltr'>Θαῧμα</span> <span class='ocrx_word' id='word_1_5' title='bbox 654 298 710 358; x_wconf 78' lang='grc' dir='ltr'>δί</span> <span class='ocrx_word' id='word_1_6' title='bbox 737 323 863 376; x_wconf 87' lang='grc' dir='ltr'>μοι,</span> <span class='ocrx_word' id='word_1_7' title='bbox 890 305 1001 369; x_wconf 78' lang='grc' dir='ltr'>πῶς</span> <span class='ocrx_word' id='word_1_8' title='bbox 1025 291 1124 381; x_wconf 68' lang='grc' dir='ltr'>ἷρα</span> <span class='ocrx_word' id='word_1_9' title='bbox 1155 302 1240 362; x_wconf 77' lang='grc' dir='ltr'>διὰ</span> <span class='ocrx_word' id='word_1_10' title='bbox 1267 307 1514 378; x_wconf 74' lang='grc' dir='ltr'><strong>γλαυκοῖο</strong></span> <span class='ocrx_word' id='word_1_11' title='bbox 1539 305 1758 384; x_wconf 74' lang='grc' dir='ltr'>φανεῖσα</span> 
     </span>
     <span class='ocr_line' id='line_1_5' title="bbox 507 388 1777 470; baseline 0.005 -25"><span class='ocrx_word' id='word_1_12' title='bbox 507 388 736 465; x_wconf 80' lang='grc' dir='ltr'>κύματος</span> <span class='ocrx_word' id='word_1_13' title='bbox 754 435 770 462; x_wconf 94' lang='grc'>,</span> <span class='ocrx_word' id='word_1_14' title='bbox 793 389 846 458; x_wconf 67' lang='grc' dir='ltr'>ἐξ</span> <span class='ocrx_word' id='word_1_15' title='bbox 871 393 1028 468; x_wconf 73' lang='grc' dir='ltr'>ὑγροῦ</span> <span class='ocrx_word' id='word_1_16' title='bbox 1043 435 1060 462; x_wconf 90' lang='grc'>,</span> <span class='ocrx_word' id='word_1_17' title='bbox 1091 391 1300 469; x_wconf 81' lang='grc' dir='ltr'><strong>Κύπρι,</strong></span> <span class='ocrx_word' id='word_1_18' title='bbox 1321 390 1384 448; x_wconf 79' lang='grc' dir='ltr'>σὺ</span> <span class='ocrx_word' id='word_1_19' title='bbox 1409 397 1514 470; x_wconf 82' lang='grc' dir='ltr'>π’ὗρ</span> <span class='ocrx_word' id='word_1_20' title='bbox 1546 393 1777 459; x_wconf 76' lang='grc' dir='ltr'>τίτοκας.</span> 
     </span>
    </p>
   </div>
   <div class='ocr_carea' id='block_1_5' title="bbox 939 526 1463 576">
    <p class='ocr_par' dir='ltr' id='par_1_5' title="bbox 939 526 1463 576">
     <span class='ocr_line' id='line_1_6' title="bbox 939 526 1463 576; baseline 0.002 -2"><span class='ocrx_word' id='word_1_21' title='bbox 939 526 1059 574; x_wconf 82' lang='grc'>177.</span> <span class='ocrx_word' id='word_1_22' title='bbox 1098 529 1216 573; x_wconf 86' lang='grc' dir='ltr'>ΤΟΥ</span> <span class='ocrx_word' id='word_1_23' title='bbox 1253 529 1463 576; x_wconf 80' lang='grc' dir='ltr'>ΑΥΤΟΥ.</span> 
     </span>
    </p>
   </div>
   <div class='ocr_carea' id='block_1_6' title="bbox 433 648 1856 821">
    <p class='ocr_par' dir='ltr' id='par_1_6' title="bbox 433 648 1856 821">
     <span class='ocr_line' id='line_1_7' title="bbox 433 648 1856 736; baseline 0.003 -26"><span class='ocrx_word' id='word_1_24' title='bbox 433 649 695 730; x_wconf 78' lang='grc' dir='ltr'>Κηρύσσω</span> <span class='ocrx_word' id='word_1_25' title='bbox 721 649 808 708; x_wconf 78' lang='grc' dir='ltr'>τὸν</span> <span class='ocrx_word' id='word_1_26' title='bbox 837 648 1081 731; x_wconf 82' lang='grc' dir='ltr'><strong>Ἔρωτα,</strong></span> <span class='ocrx_word' id='word_1_27' title='bbox 1104 653 1192 712; x_wconf 87' lang='grc' dir='ltr'>τὸν</span> <span class='ocrx_word' id='word_1_28' title='bbox 1227 655 1431 732; x_wconf 81' lang='grc' dir='ltr'>ἄγριον·</span> <span class='ocrx_word' id='word_1_29' title='bbox 1465 657 1582 735; x_wconf 79' lang='grc' dir='ltr'>ἄρτι</span> <span class='ocrx_word' id='word_1_30' title='bbox 1603 656 1703 736; x_wconf 83' lang='grc' dir='ltr'>γὰρ</span> <span class='ocrx_word' id='word_1_31' title='bbox 1735 655 1856 736; x_wconf 80' lang='grc' dir='ltr'>ἄρτι</span> 
     </span>
     <span class='ocr_line' id='line_1_8' title="bbox 505 737 1601 821; baseline 0.005 -26"><span class='ocrx_word' id='word_1_32' title='bbox 505 737 732 817; x_wconf 79' lang='grc' dir='ltr'>ὄρθρινὸς</span> <span class='ocrx_word' id='word_1_33' title='bbox 757 740 818 796; x_wconf 74' lang='grc' dir='ltr'>ἐκ</span> <span class='ocrx_word' id='word_1_34' title='bbox 839 740 1013 806; x_wconf 77' lang='grc' dir='ltr'>κοίτας</span> <span class='ocrx_word' id='word_1_35' title='bbox 1041 739 1197 821; x_wconf 81' lang='grc' dir='ltr'>ᾤχετ’</span> <span class='ocrx_word' id='word_1_36' title='bbox 1221 741 1601 820; x_wconf 75' lang='grc' dir='ltr'>ἀποπτάμενος.</span> 
     </span>
    </p>
   </div>
   <div class='ocr_carea' id='block_1_7' title="bbox 1538 171 2497 244">
    <p class='ocr_par' dir='ltr' id='par_1_7' title="bbox 1538 171 2497 244">
     <span class='ocr_line' id='line_1_9' title="bbox 1538 171 2497 244; baseline 0.005 -12"><span class='ocrx_word' id='word_1_37' title='bbox 1538 171 2047 244; x_wconf 74' lang='lat' dir='ltr'>ANTHOLOGIAE</span> <span class='ocrx_word' id='word_1_38' title='bbox 2093 173 2497 236; x_wconf 81' lang='lat' dir='ltr'>PALATINAE</span> 
     </span>
    </p>
   </div>
   <div class='ocr_carea' id='block_1_8' title="bbox 2068 313 3641 478">
    <p class='ocr_par' dir='ltr' id='par_1_8' title="bbox 2068 313 3641 478">
     <span class='ocr_line' id='line_1_10' title="bbox 2068 313 3641 387; baseline 0.008 -26"><span class='ocrx_word' id='word_1_39' title='bbox 2068 313 2247 363; x_wconf 79' lang='lat' dir='ltr'>Mirum</span> <span class='ocrx_word' id='word_1_40' title='bbox 2264 327 2383 366; x_wconf 77' lang='lat' dir='ltr'>vero</span> <span class='ocrx_word' id='word_1_41' title='bbox 2400 319 2475 366; x_wconf 77' lang='lat' dir='ltr'>est</span> <span class='ocrx_word' id='word_1_42' title='bbox 2492 316 2639 380; x_wconf 81' lang='lat' dir='ltr'>mibi,</span> <span class='ocrx_word' id='word_1_43' title='bbox 2670 319 2917 382; x_wconf 87' lang='lat' dir='ltr'>quomodo</span> <span class='ocrx_word' id='word_1_44' title='bbox 2936 320 3131 372; x_wconf 82' lang='lat' dir='ltr'>tandem</span> <span class='ocrx_word' id='word_1_45' title='bbox 3152 325 3209 373; x_wconf 88' lang='lat' dir='ltr'>tu</span> <span class='ocrx_word' id='word_1_46' title='bbox 3227 337 3341 387; x_wconf 77' lang='lat' dir='ltr'>quae</span> <span class='ocrx_word' id='word_1_47' title='bbox 3360 323 3409 376; x_wconf 89' lang='lat' dir='ltr'>in</span> <span class='ocrx_word' id='word_1_48' title='bbox 3438 325 3641 374; x_wconf 73' lang='lat' dir='ltr'>eaerulo</span> 
     </span>
     <span class='ocr_line' id='line_1_11' title="bbox 2132 403 3639 478; baseline 0.007 -27"><span class='ocrx_word' id='word_1_49' title='bbox 2132 403 2283 453; x_wconf 83' lang='lat' dir='ltr'>tluctu</span> <span class='ocrx_word' id='word_1_50' title='bbox 2302 443 2316 466; x_wconf 91' lang='lat'>,</span> <span class='ocrx_word' id='word_1_51' title='bbox 2342 418 2398 454; x_wconf 87' lang='lat' dir='ltr'>ex</span> <span class='ocrx_word' id='word_1_52' title='bbox 2413 404 2619 456; x_wconf 88' lang='lat' dir='ltr'>humore</span> <span class='ocrx_word' id='word_1_53' title='bbox 2634 445 2647 467; x_wconf 88' lang='lat'>,</span> <span class='ocrx_word' id='word_1_54' title='bbox 2663 409 2856 470; x_wconf 86' lang='lat' dir='ltr'>Venus,</span> <span class='ocrx_word' id='word_1_55' title='bbox 2878 409 3037 473; x_wconf 85' lang='lat' dir='ltr'>ignem</span> <span class='ocrx_word' id='word_1_56' title='bbox 3058 413 3313 474; x_wconf 78' lang='lat' dir='ltr'>pepereris.</span> <span class='ocrx_word' id='word_1_57' title='bbox 3334 413 3639 478; x_wconf 72' lang='lat' dir='ltr'><strong>[apparuisti</strong></span> 
     </span>
    </p>
   </div>
   <div class='ocr_carea' id='block_1_9' title="bbox 2620 541 3071 592">
    <p class='ocr_par' dir='ltr' id='par_1_9' title="bbox 2620 541 3071 592">
     <span class='ocr_line' id='line_1_12' title="bbox 2620 541 3071 592; baseline 0.004 -6"><span class='ocrx_word' id='word_1_58' title='bbox 2620 541 2721 587; x_wconf 84' lang='lat'>177.</span> <span class='ocrx_word' id='word_1_59' title='bbox 2768 549 3071 592; x_wconf 70' lang='lat' dir='ltr'>musmm.</span> 
     </span>
    </p>
   </div>
   <div class='ocr_carea' id='block_1_10' title="bbox 2068 677 3467 743">
    <p class='ocr_par' dir='ltr' id='par_1_10' title="bbox 2068 677 3467 743">
     <span class='ocr_line' id='line_1_13' title="bbox 2068 677 3467 743; baseline 0.006 -19"><span class='ocrx_word' id='word_1_60' title='bbox 2068 677 2323 726; x_wconf 72' lang='lat' dir='ltr'>Praeconor</span> <span class='ocrx_word' id='word_1_61' title='bbox 2346 682 2589 738; x_wconf 78' lang='lat' dir='ltr'>Amorem,</span> <span class='ocrx_word' id='word_1_62' title='bbox 2621 680 2783 728; x_wconf 75' lang='lat' dir='ltr'>ferum</span> <span class='ocrx_word' id='word_1_63' title='bbox 2798 679 2937 730; x_wconf 89' lang='lat' dir='ltr'>illum</span> <span class='ocrx_word' id='word_1_64' title='bbox 2961 702 2973 730; x_wconf 90' lang='lat'>:</span> <span class='ocrx_word' id='word_1_65' title='bbox 2992 680 3139 730; x_wconf 85' lang='lat' dir='ltr'>modo</span> <span class='ocrx_word' id='word_1_66' title='bbox 3154 682 3301 743; x_wconf 89' lang='lat' dir='ltr'>enim,</span> <span class='ocrx_word' id='word_1_67' title='bbox 3318 683 3467 734; x_wconf 87' lang='lat' dir='ltr'>modo</span> 
     </span>
    </p>
   </div>
   <div class='ocr_carea' id='block_1_11' title="bbox 2126 763 3627 836">
    <p class='ocr_par' dir='ltr' id='par_1_11' title="bbox 2126 763 3627 836">
     <span class='ocr_line' id='line_1_14' title="bbox 2126 763 3627 836; baseline 0.006 -24"><span class='ocrx_word' id='word_1_68' title='bbox 2126 763 2410 826; x_wconf 82' lang='lat' dir='ltr'>prima-luce</span> <span class='ocrx_word' id='word_1_69' title='bbox 2434 779 2489 816; x_wconf 82' lang='lat' dir='ltr'>ex</span> <span class='ocrx_word' id='word_1_70' title='bbox 2509 765 2657 816; x_wconf 90' lang='lat' dir='ltr'>cubili</span> <span class='ocrx_word' id='word_1_71' title='bbox 2674 767 2899 818; x_wconf 77' lang='lat' dir='ltr'><strong>avolavit.</strong></span> <span class='ocrx_word' id='word_1_72' title='bbox 3468 771 3594 836; x_wconf 87' lang='lat' dir='ltr'>[dus</span> <span class='ocrx_word' id='word_1_73' title='bbox 3612 791 3627 828; x_wconf 79' lang='grc' dir='ltr'>ς</span> 
     </span>
    </p>
   </div>
   <div class='ocr_carea' id='block_1_12' title="bbox 435 813 3626 938">
    <p class='ocr_par' dir='ltr' id='par_1_12' title="bbox 435 813 3626 938">
     <span class='ocr_line' id='line_1_15' title="bbox 435 813 3626 938; baseline 0.005 -48"><span class='ocrx_word' id='word_1_74' title='bbox 435 813 587 884; x_wconf 68' lang='grc' dir='ltr'>Ἔστι</span> <span class='ocrx_word' id='word_1_75' title='bbox 617 825 662 884; x_wconf 79' lang='grc' dir='ltr'>δ’</span> <span class='ocrx_word' id='word_1_76' title='bbox 686 829 716 884; x_wconf 77' lang='grc' dir='ltr'><strong><em>ὃ</em></strong></span> <span class='ocrx_word' id='word_1_77' title='bbox 733 833 856 893; x_wconf 72' lang='grc' dir='ltr'>παῖς</span> <span class='ocrx_word' id='word_1_78' title='bbox 877 827 1258 910; x_wconf 70' lang='grc' dir='ltr'>γλυκῦδακρυς,</span> <span class='ocrx_word' id='word_1_79' title='bbox 1273 831 1530 904; x_wconf 68' lang='grc' dir='ltr'>ἆῑῖλαλος,</span> <span class='ocrx_word' id='word_1_80' title='bbox 1551 831 1705 905; x_wconf 66' lang='grc' dir='ltr'>ὠκὺς,</span> <span class='ocrx_word' id='word_1_81' title='bbox 1727 831 1979 911; x_wconf 70' lang='grc' dir='ltr'>ἆταρὸἢς,</span> <span class='ocrx_word' id='word_1_82' title='bbox 2065 853 2153 901; x_wconf 85' lang='lat' dir='ltr'>Est</span> <span class='ocrx_word' id='word_1_83' title='bbox 2176 855 2343 903; x_wconf 87' lang='lat' dir='ltr'>autem</span> <span class='ocrx_word' id='word_1_84' title='bbox 2369 867 2494 917; x_wconf 87' lang='lat' dir='ltr'>puer</span> <span class='ocrx_word' id='word_1_85' title='bbox 2508 853 2928 906; x_wconf 82' lang='lat' dir='ltr'>dulce-lacrimans</span> <span class='ocrx_word' id='word_1_86' title='bbox 2944 894 2957 918; x_wconf 93' lang='lat'>,</span> <span class='ocrx_word' id='word_1_87' title='bbox 2977 858 3220 938; x_wconf 71' lang='lat' dir='ltr'>garrulus,</span> <span class='ocrx_word' id='word_1_88' title='bbox 3241 859 3389 922; x_wconf 87' lang='lat' dir='ltr'>celer,</span> <span class='ocrx_word' id='word_1_89' title='bbox 3412 859 3626 923; x_wconf 77' lang='lat' dir='ltr'>impavi-</span> 
     </span>
    </p>
   </div>
   <div class='ocr_carea' id='block_1_13' title="bbox 424 911 1955 1526">
    <p class='ocr_par' dir='ltr' id='par_1_13' title="bbox 424 911 1955 1526">
     <span class='ocr_line' id='line_1_16' title="bbox 503 911 1715 1000; baseline 0.007 -30"><span class='ocrx_word' id='word_1_90' title='bbox 503 911 634 990; x_wconf 70' lang='grc' dir='ltr'>σιμὰ</span> <span class='ocrx_word' id='word_1_91' title='bbox 655 915 842 992; x_wconf 79' lang='grc' dir='ltr'>γελῶν,</span> <span class='ocrx_word' id='word_1_92' title='bbox 865 917 1096 996; x_wconf 77' lang='grc' dir='ltr'>πτερόεις</span> <span class='ocrx_word' id='word_1_93' title='bbox 1118 921 1260 978; x_wconf 81' lang='grc' dir='ltr'>νῶτα</span> <span class='ocrx_word' id='word_1_94' title='bbox 1275 961 1292 992; x_wconf 90' lang='grc'>,</span> <span class='ocrx_word' id='word_1_95' title='bbox 1319 920 1715 1000; x_wconf 75' lang='grc' dir='ltr'>φαρετροφόρος.</span> 
     </span>
     <span class='ocr_line' id='line_1_17' title="bbox 427 999 1955 1086; baseline 0.006 -26"><span class='ocrx_word' id='word_1_96' title='bbox 427 999 636 1080; x_wconf 84' lang='grc' dir='ltr'>Πατρὸς</span> <span class='ocrx_word' id='word_1_97' title='bbox 662 1003 708 1060; x_wconf 86' lang='grc' dir='ltr'>δ’</span> <span class='ocrx_word' id='word_1_98' title='bbox 729 1003 898 1062; x_wconf 78' lang='grc' dir='ltr'>οὐκέτ’</span> <span class='ocrx_word' id='word_1_99' title='bbox 925 1004 1033 1084; x_wconf 79' lang='grc' dir='ltr'>ἔχω</span> <span class='ocrx_word' id='word_1_100' title='bbox 1063 1008 1274 1086; x_wconf 80' lang='grc' dir='ltr'>φράζειν</span> <span class='ocrx_word' id='word_1_101' title='bbox 1301 1007 1452 1075; x_wconf 84' lang='grc' dir='ltr'>τίνος·</span> <span class='ocrx_word' id='word_1_102' title='bbox 1483 1008 1598 1068; x_wconf 82' lang='grc' dir='ltr'>οὔτε</span> <span class='ocrx_word' id='word_1_103' title='bbox 1633 1007 1736 1086; x_wconf 79' lang='grc' dir='ltr'>γὰρ</span> <span class='ocrx_word' id='word_1_104' title='bbox 1761 1008 1955 1086; x_wconf 77' lang='grc' dir='ltr'>Αἰθὴρ,</span> 
     </span>
     <span class='ocr_line' id='line_1_18' title="bbox 503 1088 1863 1176; baseline 0.006 -29"><span class='ocrx_word' id='word_1_105' title='bbox 503 1091 562 1148; x_wconf 81' lang='grc' dir='ltr'>οὐ</span> <span class='ocrx_word' id='word_1_106' title='bbox 592 1088 745 1148; x_wconf 81' lang='grc' dir='ltr'>Χθὼν</span> <span class='ocrx_word' id='word_1_107' title='bbox 775 1094 902 1172; x_wconf 76' lang='grc' dir='ltr'>φησὶ</span> <span class='ocrx_word' id='word_1_108' title='bbox 929 1102 1098 1153; x_wconf 79' lang='grc' dir='ltr'>τεκεῖν</span> <span class='ocrx_word' id='word_1_109' title='bbox 1130 1095 1218 1153; x_wconf 80' lang='grc' dir='ltr'>τὸν</span> <span class='ocrx_word' id='word_1_110' title='bbox 1245 1093 1469 1176; x_wconf 72' lang='grc' dir='ltr'>θρασὺν,</span> <span class='ocrx_word' id='word_1_111' title='bbox 1505 1098 1562 1156; x_wconf 82' lang='grc' dir='ltr'>οὖ</span> <span class='ocrx_word' id='word_1_112' title='bbox 1593 1097 1831 1175; x_wconf 81' lang='grc' dir='ltr'>Πέλαγος</span> <span class='ocrx_word' id='word_1_113' title='bbox 1849 1113 1863 1130; x_wconf 87' lang='grc'><em>·</em></span> 
     </span>
     <span class='ocr_line' id='line_1_19' title="bbox 424 1175 1757 1263; baseline 0.006 -31"><span class='ocrx_word' id='word_1_114' title='bbox 424 1175 595 1254; x_wconf 52' lang='grc' dir='ltr'>πάντῃΙ</span> <span class='ocrx_word' id='word_1_115' title='bbox 614 1176 717 1257; x_wconf 81' lang='grc' dir='ltr'>γὰρ</span> <span class='ocrx_word' id='word_1_116' title='bbox 738 1179 826 1237; x_wconf 80' lang='grc' dir='ltr'>καὶ</span> <span class='ocrx_word' id='word_1_117' title='bbox 851 1191 1012 1239; x_wconf 79' lang='grc' dir='ltr'>πᾶσιν</span> <span class='ocrx_word' id='word_1_118' title='bbox 1036 1181 1346 1262; x_wconf 80' lang='grc' dir='ltr'>ἀπέχθεται.</span> <span class='ocrx_word' id='word_1_119' title='bbox 1377 1179 1516 1242; x_wconf 75' lang='grc' dir='ltr'>Ἀλλ’</span> <span class='ocrx_word' id='word_1_120' title='bbox 1544 1186 1757 1263; x_wconf 78' lang='grc' dir='ltr'>ἐσορᾶτε</span> 
     </span>
     <span class='ocr_line' id='line_1_20' title="bbox 504 1265 1572 1348; baseline 0.007 -25"><span class='ocrx_word' id='word_1_121' title='bbox 504 1265 580 1344; x_wconf 79' lang='grc' dir='ltr'>μή</span> <span class='ocrx_word' id='word_1_122' title='bbox 611 1289 712 1326; x_wconf 89' lang='grc' dir='ltr'>που</span> <span class='ocrx_word' id='word_1_123' title='bbox 739 1273 828 1326; x_wconf 78' lang='grc' dir='ltr'>νῦν</span> <span class='ocrx_word' id='word_1_124' title='bbox 857 1271 1050 1348; x_wconf 83' lang='grc' dir='ltr'>ψυχαῖς</span> <span class='ocrx_word' id='word_1_125' title='bbox 1069 1271 1206 1328; x_wconf 82' lang='grc' dir='ltr'>ἄλλα</span> <span class='ocrx_word' id='word_1_126' title='bbox 1236 1271 1410 1344; x_wconf 90' lang='grc' dir='ltr'>τίθησι</span> <span class='ocrx_word' id='word_1_127' title='bbox 1437 1271 1572 1330; x_wconf 87' lang='grc' dir='ltr'>λίνα.</span> 
     </span>
     <span class='ocr_line' id='line_1_21' title="bbox 425 1353 1874 1438; baseline 0.001 -24"><span class='ocrx_word' id='word_1_128' title='bbox 425 1353 614 1414; x_wconf 78' lang='grc' dir='ltr'>Καίτοι</span> <span class='ocrx_word' id='word_1_129' title='bbox 637 1355 824 1428; x_wconf 76' lang='grc' dir='ltr'>κεῖνος,</span> <span class='ocrx_word' id='word_1_130' title='bbox 852 1357 962 1415; x_wconf 78' lang='grc' dir='ltr'>ἰδοὺ</span> <span class='ocrx_word' id='word_1_131' title='bbox 984 1402 1000 1430; x_wconf 92' lang='grc'>,</span> <span class='ocrx_word' id='word_1_132' title='bbox 1025 1359 1142 1437; x_wconf 77' lang='grc' dir='ltr'>περὶ</span> <span class='ocrx_word' id='word_1_133' title='bbox 1163 1359 1381 1438; x_wconf 81' lang='grc' dir='ltr'>φωλεόν.</span> <span class='ocrx_word' id='word_1_134' title='bbox 1415 1357 1496 1418; x_wconf 86' lang='grc' dir='ltr'>Οὕ</span> <span class='ocrx_word' id='word_1_135' title='bbox 1527 1382 1594 1434; x_wconf 85' lang='grc' dir='ltr'>με</span> <span class='ocrx_word' id='word_1_136' title='bbox 1623 1358 1839 1428; x_wconf 78' lang='grc' dir='ltr'>λέληθας</span> <span class='ocrx_word' id='word_1_137' title='bbox 1857 1401 1874 1429; x_wconf 88' lang='grc'>,</span> 
     </span>
     <span class='ocr_line' id='line_1_22' title="bbox 500 1442 1664 1526; baseline 0.005 -26"><span class='ocrx_word' id='word_1_138' title='bbox 500 1442 704 1521; x_wconf 82' lang='grc' dir='ltr'>τοξότα,</span> <span class='ocrx_word' id='word_1_139' title='bbox 735 1445 1031 1526; x_wconf 67' lang='grc' dir='ltr'>Ζηνοφίλας</span> <span class='ocrx_word' id='word_1_140' title='bbox 1059 1445 1266 1522; x_wconf 79' lang='grc' dir='ltr'>ὄμμασι</span> <span class='ocrx_word' id='word_1_141' title='bbox 1287 1446 1664 1526; x_wconf 82' lang='grc' dir='ltr'>κρυπτόμενος.</span> 
     </span>
    </p>
   </div>
   <div class='ocr_carea' id='block_1_14' title="bbox 937 1593 1459 1642">
    <p class='ocr_par' dir='ltr' id='par_1_14' title="bbox 937 1593 1459 1642">
     <span class='ocr_line' id='line_1_23' title="bbox 937 1593 1459 1642; baseline 0.002 -1"><span class='ocrx_word' id='word_1_142' title='bbox 937 1593 1054 1642; x_wconf 85' lang='grc'>178.</span> <span class='ocrx_word' id='word_1_143' title='bbox 1095 1596 1214 1640; x_wconf 88' lang='grc' dir='ltr'>ΤΟΥ</span> <span class='ocrx_word' id='word_1_144' title='bbox 1248 1595 1459 1642; x_wconf 82' lang='grc' dir='ltr'>ΑΥΤΟΥ.</span> 
     </span>
    </p>
   </div>
   <div class='ocr_carea' id='block_1_15' title="bbox 415 1715 1969 2588">
    <p class='ocr_par' dir='ltr' id='par_1_15' title="bbox 419 1715 1850 1886">
     <span class='ocr_line' id='line_1_24' title="bbox 419 1715 1850 1799; baseline 0.001 -24"><span class='ocrx_word' id='word_1_145' title='bbox 419 1715 710 1775; x_wconf 85' lang='grc' dir='ltr'>Πωλείσθω</span> <span class='ocrx_word' id='word_1_146' title='bbox 729 1762 746 1792; x_wconf 97' lang='grc'>,</span> <span class='ocrx_word' id='word_1_147' title='bbox 779 1717 870 1776; x_wconf 78' lang='grc' dir='ltr'>καὶ</span> <span class='ocrx_word' id='word_1_148' title='bbox 898 1721 1092 1799; x_wconf 79' lang='grc' dir='ltr'>ματρὸς</span> <span class='ocrx_word' id='word_1_149' title='bbox 1119 1721 1191 1780; x_wconf 76' lang='grc' dir='ltr'>ἔτ’</span> <span class='ocrx_word' id='word_1_150' title='bbox 1215 1722 1270 1778; x_wconf 66' lang='grc' dir='ltr'>ἐν</span> <span class='ocrx_word' id='word_1_151' title='bbox 1297 1719 1537 1780; x_wconf 82' lang='grc' dir='ltr'>κόλποισι</span> <span class='ocrx_word' id='word_1_152' title='bbox 1566 1720 1850 1791; x_wconf 82' lang='grc' dir='ltr'>καθεύδων,</span> 
     </span>
     <span class='ocr_line' id='line_1_25' title="bbox 497 1802 1806 1886; baseline 0.002 -26"><span class='ocrx_word' id='word_1_153' title='bbox 497 1802 789 1862; x_wconf 86' lang='grc' dir='ltr'>πωλείσθω.</span> <span class='ocrx_word' id='word_1_154' title='bbox 822 1805 895 1863; x_wconf 89' lang='grc' dir='ltr'>Τί</span> <span class='ocrx_word' id='word_1_155' title='bbox 922 1804 979 1863; x_wconf 82' lang='grc' dir='ltr'>δέ</span> <span class='ocrx_word' id='word_1_156' title='bbox 1007 1830 1095 1882; x_wconf 86' lang='grc' dir='ltr'>μοι</span> <span class='ocrx_word' id='word_1_157' title='bbox 1119 1807 1178 1865; x_wconf 83' lang='grc' dir='ltr'>τὸ</span> <span class='ocrx_word' id='word_1_158' title='bbox 1205 1805 1368 1886; x_wconf 77' lang='grc' dir='ltr'>θρασὺ</span> <span class='ocrx_word' id='word_1_159' title='bbox 1397 1811 1548 1866; x_wconf 78' lang='grc' dir='ltr'>τοῦτο</span> <span class='ocrx_word' id='word_1_160' title='bbox 1569 1805 1773 1885; x_wconf 71' lang='grc' dir='ltr'>τρέφειν</span> <span class='ocrx_word' id='word_1_161' title='bbox 1789 1830 1806 1882; x_wconf 90' lang='lat'>;</span> 
     </span>
    </p>

    <p class='ocr_par' dir='ltr' id='par_1_16' title="bbox 417 1887 1864 2060">
     <span class='ocr_line' id='line_1_26' title="bbox 417 1887 1864 1974; baseline 0.002 -28"><span class='ocrx_word' id='word_1_162' title='bbox 417 1887 507 1946; x_wconf 78' lang='grc' dir='ltr'>καὶ</span> <span class='ocrx_word' id='word_1_163' title='bbox 537 1887 638 1968; x_wconf 71' lang='grc' dir='ltr'>γὰρ</span> <span class='ocrx_word' id='word_1_164' title='bbox 675 1891 828 1968; x_wconf 82' lang='grc' dir='ltr'>σιμὸν</span> <span class='ocrx_word' id='word_1_165' title='bbox 853 1890 949 1972; x_wconf 82' lang='grc' dir='ltr'>ἔφυ</span> <span class='ocrx_word' id='word_1_166' title='bbox 977 1893 1068 1950; x_wconf 82' lang='grc' dir='ltr'>καὶ</span> <span class='ocrx_word' id='word_1_167' title='bbox 1097 1893 1384 1974; x_wconf 76' lang='grc' dir='ltr'>ὑπόπτερον</span> <span class='ocrx_word' id='word_1_168' title='bbox 1406 1939 1422 1966; x_wconf 87' lang='grc'>,</span> <span class='ocrx_word' id='word_1_169' title='bbox 1462 1894 1598 1971; x_wconf 83' lang='grc' dir='ltr'>ἄκρα</span> <span class='ocrx_word' id='word_1_170' title='bbox 1627 1895 1672 1950; x_wconf 88' lang='grc' dir='ltr'>δ’</span> <span class='ocrx_word' id='word_1_171' title='bbox 1701 1891 1864 1960; x_wconf 82' lang='grc' dir='ltr'>ὄνυξιν</span> 
     </span>
     <span class='ocr_line' id='line_1_27' title="bbox 495 1975 1617 2060; baseline 0.005 -27"><span class='ocrx_word' id='word_1_172' title='bbox 495 1975 688 2049; x_wconf 83' lang='grc' dir='ltr'>κνίζει,</span> <span class='ocrx_word' id='word_1_173' title='bbox 718 1980 808 2037; x_wconf 87' lang='grc' dir='ltr'>καὶ</span> <span class='ocrx_word' id='word_1_174' title='bbox 837 1982 1016 2040; x_wconf 85' lang='grc' dir='ltr'>κλαῖον</span> <span class='ocrx_word' id='word_1_175' title='bbox 1045 1979 1218 2039; x_wconf 79' lang='grc' dir='ltr'>πολλὰ</span> <span class='ocrx_word' id='word_1_176' title='bbox 1247 1979 1442 2058; x_wconf 76' lang='grc' dir='ltr'>μεταξὺ</span> <span class='ocrx_word' id='word_1_177' title='bbox 1469 1985 1617 2060; x_wconf 76' lang='grc' dir='ltr'>γελᾷ·</span> 
     </span>
    </p>

    <p class='ocr_par' dir='ltr' id='par_1_17' title="bbox 418 2063 1969 2236">
     <span class='ocr_line' id='line_1_28' title="bbox 418 2063 1969 2148; baseline 0.005 -28"><span class='ocrx_word' id='word_1_178' title='bbox 418 2063 543 2143; x_wconf 83' lang='grc' dir='ltr'>πρὸς</span> <span class='ocrx_word' id='word_1_179' title='bbox 581 2065 630 2124; x_wconf 82' lang='grc' dir='ltr'>δ’</span> <span class='ocrx_word' id='word_1_180' title='bbox 663 2068 739 2126; x_wconf 84' lang='grc' dir='ltr'>ἔτι</span> <span class='ocrx_word' id='word_1_181' title='bbox 770 2067 949 2126; x_wconf 84' lang='grc' dir='ltr'>λοιπὸν</span> <span class='ocrx_word' id='word_1_182' title='bbox 977 2068 1256 2148; x_wconf 79' lang='grc' dir='ltr'>ἄτρεπτον,</span> <span class='ocrx_word' id='word_1_183' title='bbox 1289 2069 1560 2142; x_wconf 84' lang='grc' dir='ltr'>ἆείλαλον,</span> <span class='ocrx_word' id='word_1_184' title='bbox 1586 2067 1674 2136; x_wconf 74' lang='grc' dir='ltr'>ὀξὺ</span> <span class='ocrx_word' id='word_1_185' title='bbox 1705 2069 1969 2148; x_wconf 79' lang='grc' dir='ltr'>δεδορκὸς,</span> 
     </span>
     <span class='ocr_line' id='line_1_29' title="bbox 495 2151 1580 2236; baseline 0.004 -26"><span class='ocrx_word' id='word_1_186' title='bbox 495 2151 690 2232; x_wconf 83' lang='grc' dir='ltr'>ἄγριον,</span> <span class='ocrx_word' id='word_1_187' title='bbox 728 2155 834 2213; x_wconf 82' lang='grc' dir='ltr'>οὐδ’</span> <span class='ocrx_word' id='word_1_188' title='bbox 858 2157 992 2236; x_wconf 81' lang='grc' dir='ltr'>αὗτῇ</span> <span class='ocrx_word' id='word_1_189' title='bbox 1020 2158 1180 2234; x_wconf 82' lang='grc' dir='ltr'>μητρὶ</span> <span class='ocrx_word' id='word_1_190' title='bbox 1204 2156 1328 2236; x_wconf 73' lang='grc' dir='ltr'>φίλῃ</span> <span class='ocrx_word' id='word_1_191' title='bbox 1353 2157 1580 2216; x_wconf 82' lang='grc' dir='ltr'>τιθασόν·</span> 
     </span>
    </p>

    <p class='ocr_par' dir='ltr' id='par_1_18' title="bbox 415 2237 1905 2411">
     <span class='ocr_line' id='line_1_30' title="bbox 415 2237 1905 2326; baseline 0.005 -29"><span class='ocrx_word' id='word_1_192' title='bbox 415 2237 586 2298; x_wconf 84' lang='grc' dir='ltr'>πάντα</span> <span class='ocrx_word' id='word_1_193' title='bbox 605 2241 776 2321; x_wconf 80' lang='grc' dir='ltr'>τέρας.</span> <span class='ocrx_word' id='word_1_194' title='bbox 817 2244 1022 2326; x_wconf 80' lang='grc' dir='ltr'>Τοιγὰρ</span> <span class='ocrx_word' id='word_1_195' title='bbox 1048 2244 1400 2324; x_wconf 81' lang='grc' dir='ltr'>πεπράσεται.</span> <span class='ocrx_word' id='word_1_196' title='bbox 1438 2243 1504 2305; x_wconf 67' lang='lat' dir='ltr'>Et</span> <span class='ocrx_word' id='word_1_197' title='bbox 1530 2269 1604 2312; x_wconf 86' lang='grc' dir='ltr'>τις</span> <span class='ocrx_word' id='word_1_198' title='bbox 1639 2245 1905 2312; x_wconf 80' lang='grc' dir='ltr'>ἀπόπλους</span> 
     </span>
     <span class='ocr_line' id='line_1_31' title="bbox 493 2327 1652 2411; baseline 0.003 -25"><span class='ocrx_word' id='word_1_199' title='bbox 493 2327 722 2409; x_wconf 73' lang='grc' dir='ltr'>ἔμπορος</span> <span class='ocrx_word' id='word_1_200' title='bbox 748 2331 992 2390; x_wconf 81' lang='grc' dir='ltr'>ὠνεῖσθαι</span> <span class='ocrx_word' id='word_1_201' title='bbox 1019 2333 1184 2391; x_wconf 85' lang='grc' dir='ltr'>παῖδα</span> <span class='ocrx_word' id='word_1_202' title='bbox 1213 2333 1374 2406; x_wconf 77' lang='grc' dir='ltr'>θέλει,</span> <span class='ocrx_word' id='word_1_203' title='bbox 1398 2334 1652 2411; x_wconf 88' lang='grc' dir='ltr'>προσίτω.</span> 
     </span>
    </p>

    <p class='ocr_par' dir='ltr' id='par_1_19' title="bbox 416 2416 1963 2588">
     <span class='ocr_line' id='line_1_32' title="bbox 416 2416 1963 2498; baseline 0.001 -20"><span class='ocrx_word' id='word_1_204' title='bbox 416 2416 610 2478; x_wconf 82' lang='grc' dir='ltr'>Καίτοι</span> <span class='ocrx_word' id='word_1_205' title='bbox 636 2416 860 2491; x_wconf 87' lang='grc' dir='ltr'>λίσσετ’,</span> <span class='ocrx_word' id='word_1_206' title='bbox 893 2418 1005 2477; x_wconf 71' lang='grc' dir='ltr'>ἰδοὺ</span> <span class='ocrx_word' id='word_1_207' title='bbox 1023 2465 1042 2495; x_wconf 94' lang='grc'>,</span> <span class='ocrx_word' id='word_1_208' title='bbox 1065 2419 1462 2498; x_wconf 81' lang='grc' dir='ltr'>δεδακρυμένος.</span> <span class='ocrx_word' id='word_1_209' title='bbox 1491 2420 1574 2479; x_wconf 86' lang='grc' dir='ltr'>Οὔ</span> <span class='ocrx_word' id='word_1_210' title='bbox 1604 2420 1652 2478; x_wconf 85' lang='grc' dir='ltr'>σ’</span> <span class='ocrx_word' id='word_1_211' title='bbox 1674 2421 1750 2480; x_wconf 85' lang='grc' dir='ltr'>ἔτι</span> <span class='ocrx_word' id='word_1_212' title='bbox 1779 2423 1963 2480; x_wconf 82' lang='grc' dir='ltr'>πωλῶ·</span> 
     </span>
     <span class='ocr_line' id='line_1_33' title="bbox 495 2499 1590 2588; baseline 0.004 -24"><span class='ocrx_word' id='word_1_213' title='bbox 495 2505 691 2583; x_wconf 85' lang='grc' dir='ltr'>θάρσει·</span> <span class='ocrx_word' id='word_1_214' title='bbox 720 2507 986 2586; x_wconf 71' lang='grc' dir='ltr'>Ζηνοφίλᾳ</span> <span class='ocrx_word' id='word_1_215' title='bbox 1009 2507 1290 2588; x_wconf 81' lang='grc' dir='ltr'>σύντροφος</span> <span class='ocrx_word' id='word_1_216' title='bbox 1313 2499 1415 2568; x_wconf 74' lang='grc' dir='ltr'>ὧδε</span> <span class='ocrx_word' id='word_1_217' title='bbox 1447 2509 1590 2584; x_wconf 80' lang='grc' dir='ltr'>μένε.</span> 
     </span>
    </p>
   </div>
   <div class='ocr_carea' id='block_1_16' title="bbox 929 2653 1453 2705">
    <p class='ocr_par' dir='ltr' id='par_1_20' title="bbox 929 2653 1453 2705">
     <span class='ocr_line' id='line_1_34' title="bbox 929 2653 1453 2705; baseline 0.004 -3"><span class='ocrx_word' id='word_1_218' title='bbox 929 2653 1049 2704; x_wconf 74' lang='lat'>17⁹.</span> <span class='ocrx_word' id='word_1_219' title='bbox 1089 2657 1207 2701; x_wconf 87' lang='grc' dir='ltr'>ΤΟΥ</span> <span class='ocrx_word' id='word_1_220' title='bbox 1241 2656 1453 2705; x_wconf 78' lang='grc' dir='ltr'>ΑΥΤΟΥ.</span> 
     </span>
    </p>
   </div>
   <div class='ocr_carea' id='block_1_17' title="bbox 409 2777 1969 3389">
    <p class='ocr_par' dir='ltr' id='par_1_21' title="bbox 416 2777 1969 2953">
     <span class='ocr_line' id='line_1_35' title="bbox 416 2777 1969 2862; baseline -0.001 -21"><span class='ocrx_word' id='word_1_221' title='bbox 416 2778 523 2841; x_wconf 76' lang='grc' dir='ltr'>Ναὶ</span> <span class='ocrx_word' id='word_1_222' title='bbox 549 2779 644 2839; x_wconf 77' lang='grc' dir='ltr'>τὰν</span> <span class='ocrx_word' id='word_1_223' title='bbox 665 2777 1101 2859; x_wconf 78' lang='grc' dir='ltr'>Κύπριν,”Ερως,</span> <span class='ocrx_word' id='word_1_224' title='bbox 1120 2780 1290 2861; x_wconf 79' lang='grc' dir='ltr'><strong>φλέξω</strong></span> <span class='ocrx_word' id='word_1_225' title='bbox 1309 2780 1376 2840; x_wconf 79' lang='grc' dir='ltr'>τὰ</span> <span class='ocrx_word' id='word_1_226' title='bbox 1403 2781 1472 2839; x_wconf 78' lang='grc' dir='ltr'>σὰ</span> <span class='ocrx_word' id='word_1_227' title='bbox 1499 2782 1672 2840; x_wconf 85' lang='grc' dir='ltr'>πάντα</span> <span class='ocrx_word' id='word_1_228' title='bbox 1697 2781 1969 2862; x_wconf 82' lang='grc' dir='ltr'>πυρώσας,</span> 
     </span>
     <span class='ocr_line' id='line_1_36' title="bbox 491 2867 1659 2953; baseline -0.004 -24"><span class='ocrx_word' id='word_1_229' title='bbox 491 2869 614 2939; x_wconf 80' lang='grc' dir='ltr'>τόξα</span> <span class='ocrx_word' id='word_1_230' title='bbox 644 2893 700 2928; x_wconf 87' lang='grc' dir='ltr'>τε</span> <span class='ocrx_word' id='word_1_231' title='bbox 729 2868 819 2928; x_wconf 78' lang='grc' dir='ltr'>καὶ</span> <span class='ocrx_word' id='word_1_232' title='bbox 853 2871 1114 2941; x_wconf 79' lang='grc' dir='ltr'>Σκυθικὴν</span> <span class='ocrx_word' id='word_1_233' title='bbox 1139 2869 1338 2929; x_wconf 74' lang='grc' dir='ltr'>ἰοδόκον</span> <span class='ocrx_word' id='word_1_234' title='bbox 1375 2867 1659 2953; x_wconf 80' lang='grc' dir='ltr'>φαρέτρην·</span> 
     </span>
    </p>

    <p class='ocr_par' dir='ltr' id='par_1_22' title="bbox 413 2957 1806 3128">
     <span class='ocr_line' id='line_1_37' title="bbox 413 2957 1806 3041; baseline -0.001 -23"><span class='ocrx_word' id='word_1_235' title='bbox 413 2958 610 3041; x_wconf 73' lang='grc' dir='ltr'>φλίξω,</span> <span class='ocrx_word' id='word_1_236' title='bbox 640 2960 746 3017; x_wconf 91' lang='grc' dir='ltr'>ναί.</span> <span class='ocrx_word' id='word_1_237' title='bbox 769 2960 840 3019; x_wconf 87' lang='grc' dir='ltr'>Τί</span> <span class='ocrx_word' id='word_1_238' title='bbox 859 2959 1060 3035; x_wconf 87' lang='grc' dir='ltr'>μάταια</span> <span class='ocrx_word' id='word_1_239' title='bbox 1083 2962 1238 3040; x_wconf 74' lang='grc' dir='ltr'>γελᾷς</span> <span class='ocrx_word' id='word_1_240' title='bbox 1257 3002 1276 3030; x_wconf 89' lang='grc'>,</span> <span class='ocrx_word' id='word_1_241' title='bbox 1302 2960 1392 3017; x_wconf 77' lang='grc' dir='ltr'>καὶ</span> <span class='ocrx_word' id='word_1_242' title='bbox 1410 2959 1542 3035; x_wconf 74' lang='grc' dir='ltr'>σιμὰ</span> <span class='ocrx_word' id='word_1_243' title='bbox 1570 2957 1806 3038; x_wconf 68' lang='grc' dir='ltr'>σεσηρὼς</span> 
     </span>
     <span class='ocr_line' id='line_1_38' title="bbox 493 3046 1680 3128; baseline -0.003 -21"><span class='ocrx_word' id='word_1_244' title='bbox 493 3046 788 3128; x_wconf 82' lang='grc' dir='ltr'>μυχθίζεις;</span> <span class='ocrx_word' id='word_1_245' title='bbox 825 3047 966 3127; x_wconf 78' lang='grc' dir='ltr'>τάχα</span> <span class='ocrx_word' id='word_1_246' title='bbox 993 3070 1094 3106; x_wconf 87' lang='grc' dir='ltr'>που</span> <span class='ocrx_word' id='word_1_247' title='bbox 1115 3048 1391 3125; x_wconf 85' lang='grc' dir='ltr'>σαρδάνιον</span> <span class='ocrx_word' id='word_1_248' title='bbox 1421 3048 1680 3125; x_wconf 80' lang='grc' dir='ltr'>γελάσεις.</span> 
     </span>
    </p>

    <p class='ocr_par' dir='ltr' id='par_1_23' title="bbox 409 3126 1818 3304">
     <span class='ocr_line' id='line_1_39' title="bbox 409 3126 1818 3215; baseline -0.006 -18"><span class='ocrx_word' id='word_1_249' title='bbox 409 3126 492 3197; x_wconf 78' lang='grc' dir='ltr'>Ἦ</span> <span class='ocrx_word' id='word_1_250' title='bbox 519 3136 620 3215; x_wconf 82' lang='grc' dir='ltr'>γάρ</span> <span class='ocrx_word' id='word_1_251' title='bbox 644 3156 736 3193; x_wconf 86' lang='grc' dir='ltr'>σευ</span> <span class='ocrx_word' id='word_1_252' title='bbox 763 3133 831 3192; x_wconf 73' lang='grc' dir='ltr'>τὰ</span> <span class='ocrx_word' id='word_1_253' title='bbox 848 3134 1054 3211; x_wconf 76' lang='grc' dir='ltr'>ποδηγὰ</span> <span class='ocrx_word' id='word_1_254' title='bbox 1097 3134 1283 3193; x_wconf 83' lang='grc' dir='ltr'>Πόθων</span> <span class='ocrx_word' id='word_1_255' title='bbox 1309 3132 1587 3212; x_wconf 79' lang='grc' dir='ltr'>ὠκύπτερα</span> <span class='ocrx_word' id='word_1_256' title='bbox 1619 3134 1784 3213; x_wconf 87' lang='grc' dir='ltr'>κόψας</span> <span class='ocrx_word' id='word_1_257' title='bbox 1802 3178 1818 3207; x_wconf 85' lang='grc'>,</span> 
     </span>
     <span class='ocr_line' id='line_1_40' title="bbox 487 3220 1710 3304; baseline 0.001 -25"><span class='ocrx_word' id='word_1_258' title='bbox 487 3222 802 3304; x_wconf 81' lang='grc' dir='ltr'>χαλκόδετον</span> <span class='ocrx_word' id='word_1_259' title='bbox 833 3220 1027 3301; x_wconf 68' lang='grc' dir='ltr'>σφίγξω</span> <span class='ocrx_word' id='word_1_260' title='bbox 1057 3230 1164 3287; x_wconf 81' lang='grc' dir='ltr'>σοῖς</span> <span class='ocrx_word' id='word_1_261' title='bbox 1186 3220 1307 3301; x_wconf 71' lang='grc' dir='ltr'>περὶ</span> <span class='ocrx_word' id='word_1_262' title='bbox 1335 3220 1494 3279; x_wconf 76' lang='grc' dir='ltr'>ποσσὶ</span> <span class='ocrx_word' id='word_1_263' title='bbox 1523 3220 1710 3293; x_wconf 80' lang='grc' dir='ltr'>πέδην.</span> 
     </span>
    </p>

    <p class='ocr_par' dir='ltr' id='par_1_24' title="bbox 411 3308 1798 3389">
     <span class='ocr_line' id='line_1_41' title="bbox 411 3308 1798 3389; baseline -0.006 -17"><span class='ocrx_word' id='word_1_264' title='bbox 411 3310 604 3372; x_wconf 79' lang='grc' dir='ltr'>Καίτοι</span> <span class='ocrx_word' id='word_1_265' title='bbox 625 3311 892 3387; x_wconf 81' lang='grc' dir='ltr'>Καδμεῖον</span> <span class='ocrx_word' id='word_1_266' title='bbox 920 3310 1106 3389; x_wconf 83' lang='grc' dir='ltr'>κράτος</span> <span class='ocrx_word' id='word_1_267' title='bbox 1138 3309 1368 3386; x_wconf 83' lang='grc' dir='ltr'>οἴσομεν,</span> <span class='ocrx_word' id='word_1_268' title='bbox 1397 3311 1448 3367; x_wconf 81' lang='grc' dir='ltr'>εἴ</span> <span class='ocrx_word' id='word_1_269' title='bbox 1469 3331 1526 3367; x_wconf 86' lang='grc' dir='ltr'>σε</span> <span class='ocrx_word' id='word_1_270' title='bbox 1551 3308 1798 3389; x_wconf 85' lang='grc' dir='ltr'>πάροικον</span> 
     </span>
    </p>
   </div>
   <div class='ocr_carea' id='block_1_18' title="bbox 409 3516 1630 3679">
    <p class='ocr_par' dir='ltr' id='par_1_25' title="bbox 409 3516 1630 3679">
     <span class='ocr_line' id='line_1_42' title="bbox 409 3516 1630 3583; baseline -0.002 -16"><span class='ocrx_word' id='word_1_271' title='bbox 409 3522 516 3567; x_wconf 76' lang='lat' dir='ltr'>Hoc</span> <span class='ocrx_word' id='word_1_272' title='bbox 539 3516 696 3583; x_wconf 81' lang='lat' dir='ltr'>potius</span> <span class='ocrx_word' id='word_1_273' title='bbox 713 3516 883 3576; x_wconf 87' lang='lat' dir='ltr'>miror,</span> <span class='ocrx_word' id='word_1_274' title='bbox 909 3516 1062 3582; x_wconf 81' lang='lat' dir='ltr'>pelagi</span> <span class='ocrx_word' id='word_1_275' title='bbox 1081 3520 1248 3565; x_wconf 82' lang='lat' dir='ltr'>Venus</span> <span class='ocrx_word' id='word_1_276' title='bbox 1270 3526 1377 3567; x_wconf 79' lang='lat' dir='ltr'>orta</span> <span class='ocrx_word' id='word_1_277' title='bbox 1395 3516 1630 3583; x_wconf 72' lang='lat' dir='ltr'>profundo</span> 
     </span>
     <span class='ocr_line' id='line_1_43' title="bbox 429 3598 1415 3679; baseline 0.001 -32"><span class='ocrx_word' id='word_1_278' title='bbox 429 3672 434 3679; x_wconf 18' lang='grc' dir='ltr'><strong>ἡ</strong></span> <span class='ocrx_word' id='word_1_279' title='bbox 473 3603 544 3648; x_wconf 79' lang='lat' dir='ltr'>Ex</span> <span class='ocrx_word' id='word_1_280' title='bbox 569 3598 684 3665; x_wconf 77' lang='lat' dir='ltr'>ipsis</span> <span class='ocrx_word' id='word_1_281' title='bbox 709 3598 864 3663; x_wconf 81' lang='lat' dir='ltr'>ignem</span> <span class='ocrx_word' id='word_1_282' title='bbox 887 3598 970 3662; x_wconf 89' lang='lat' dir='ltr'>qui</span> <span class='ocrx_word' id='word_1_283' title='bbox 995 3599 1236 3662; x_wconf 73' lang='lat' dir='ltr'>generavit</span> <span class='ocrx_word' id='word_1_284' title='bbox 1262 3599 1415 3663; x_wconf 81' lang='lat' dir='ltr'>aquis.</span> 
     </span>
    </p>
   </div>
   <div class='ocr_carea' id='block_1_19' title="bbox 991 3768 1382 3813">
    <p class='ocr_par' dir='ltr' id='par_1_26' title="bbox 991 3768 1382 3813">
     <span class='ocr_line' id='line_1_44' title="bbox 991 3768 1382 3813; baseline 0.01 -16"><span class='ocrx_word' id='word_1_285' title='bbox 991 3768 1099 3813; x_wconf 84' lang='lat'>177.</span> <span class='ocrx_word' id='word_1_286' title='bbox 1139 3768 1382 3801; x_wconf 71' lang='lat' dir='ltr'>tsusnxn.</span> 
     </span>
    </p>
   </div>
   <div class='ocr_carea' id='block_1_20' title="bbox 403 3866 1746 4693">
    <p class='ocr_par' dir='ltr' id='par_1_27' title="bbox 403 3866 1529 4036">
     <span class='ocr_line' id='line_1_45' title="bbox 403 3866 1529 3953; baseline 0.002 -18"><span class='ocrx_word' id='word_1_287' title='bbox 403 3890 466 3936; x_wconf 87' lang='lat' dir='ltr'>Se</span> <span class='ocrx_word' id='word_1_288' title='bbox 491 3886 718 3937; x_wconf 81' lang='lat' dir='ltr'>subduxit</span> <span class='ocrx_word' id='word_1_289' title='bbox 737 3890 890 3937; x_wconf 79' lang='lat' dir='ltr'>Amor</span> <span class='ocrx_word' id='word_1_290' title='bbox 907 3866 1062 3953; x_wconf 68' lang='lat' dir='ltr'>prima</span> <span class='ocrx_word' id='word_1_291' title='bbox 1085 3888 1227 3937; x_wconf 90' lang='lat' dir='ltr'>modo</span> <span class='ocrx_word' id='word_1_292' title='bbox 1251 3889 1358 3937; x_wconf 86' lang='lat' dir='ltr'>luce</span> <span class='ocrx_word' id='word_1_293' title='bbox 1381 3888 1529 3938; x_wconf 86' lang='lat' dir='ltr'>cubili</span> 
     </span>
     <span class='ocr_line' id='line_1_46' title="bbox 472 3968 1505 4036; baseline 0.005 -19"><span class='ocrx_word' id='word_1_294' title='bbox 472 3968 752 4018; x_wconf 75' lang='lat' dir='ltr'>Advolitans</span> <span class='ocrx_word' id='word_1_295' title='bbox 782 3986 796 4019; x_wconf 74' lang='lat' dir='ltr'>x</span> <span class='ocrx_word' id='word_1_296' title='bbox 821 3970 964 4019; x_wconf 82' lang='lat' dir='ltr'>iudex</span> <span class='ocrx_word' id='word_1_297' title='bbox 987 3970 1132 4025; x_wconf 85' lang='lat' dir='ltr'>illius.</span> <span class='ocrx_word' id='word_1_298' title='bbox 1158 3972 1248 4035; x_wconf 81' lang='lat' dir='ltr'>eja,</span> <span class='ocrx_word' id='word_1_299' title='bbox 1270 3971 1377 4036; x_wconf 88' lang='lat' dir='ltr'>quis</span> <span class='ocrx_word' id='word_1_300' title='bbox 1397 3976 1505 4022; x_wconf 79' lang='lat' dir='ltr'>est?</span> 
     </span>
    </p>

    <p class='ocr_par' dir='ltr' id='par_1_28' title="bbox 405 4048 1746 4199">
     <span class='ocr_line' id='line_1_47' title="bbox 405 4048 1746 4119; baseline 0.003 -21"><span class='ocrx_word' id='word_1_301' title='bbox 405 4048 532 4098; x_wconf 76' lang='lat' dir='ltr'>Sinna</span> <span class='ocrx_word' id='word_1_302' title='bbox 559 4065 680 4116; x_wconf 86' lang='lat' dir='ltr'>puer</span> <span class='ocrx_word' id='word_1_303' title='bbox 703 4049 848 4111; x_wconf 82' lang='lat' dir='ltr'>ridet,</span> <span class='ocrx_word' id='word_1_304' title='bbox 869 4052 1019 4114; x_wconf 86' lang='lat' dir='ltr'>celer,</span> <span class='ocrx_word' id='word_1_305' title='bbox 1047 4051 1424 4119; x_wconf 78' lang='lat' dir='ltr'>intrepidusque,</span> <span class='ocrx_word' id='word_1_306' title='bbox 1447 4054 1714 4118; x_wconf 82' lang='lat' dir='ltr'>loquaxque</span> <span class='ocrx_word' id='word_1_307' title='bbox 1735 4072 1746 4102; x_wconf 90' lang='lat'>:</span> 
     </span>
     <span class='ocr_line' id='line_1_48' title="bbox 471 4130 1606 4199; baseline 0.004 -19"><span class='ocrx_word' id='word_1_308' title='bbox 471 4131 623 4181; x_wconf 86' lang='lat' dir='ltr'>Dulce</span> <span class='ocrx_word' id='word_1_309' title='bbox 644 4130 730 4181; x_wconf 82' lang='lat' dir='ltr'>flet</span> <span class='ocrx_word' id='word_1_310' title='bbox 750 4142 801 4183; x_wconf 86' lang='lat' dir='ltr'>et</span> <span class='ocrx_word' id='word_1_311' title='bbox 823 4133 992 4199; x_wconf 80' lang='lat' dir='ltr'>pennis</span> <span class='ocrx_word' id='word_1_312' title='bbox 1013 4133 1204 4182; x_wconf 87' lang='lat' dir='ltr'>inclitus</span> <span class='ocrx_word' id='word_1_313' title='bbox 1232 4142 1282 4183; x_wconf 83' lang='lat' dir='ltr'>et</span> <span class='ocrx_word' id='word_1_314' title='bbox 1303 4134 1546 4199; x_wconf 82' lang='lat' dir='ltr'>pharetra.</span> <span class='ocrx_word' id='word_1_315' title='bbox 1603 4156 1606 4161; x_wconf 96' lang='lat'>·</span> 
     </span>
    </p>

    <p class='ocr_par' dir='ltr' id='par_1_29' title="bbox 405 4212 1626 4361">
     <span class='ocr_line' id='line_1_49' title="bbox 405 4212 1626 4280; baseline 0.004 -20"><span class='ocrx_word' id='word_1_316' title='bbox 405 4214 516 4260; x_wconf 84' lang='lat' dir='ltr'>Non</span> <span class='ocrx_word' id='word_1_317' title='bbox 537 4212 692 4261; x_wconf 83' lang='lat' dir='ltr'>dicam</span> <span class='ocrx_word' id='word_1_318' title='bbox 719 4230 816 4278; x_wconf 90' lang='lat' dir='ltr'>quo</span> <span class='ocrx_word' id='word_1_319' title='bbox 833 4224 970 4280; x_wconf 84' lang='lat' dir='ltr'>patre</span> <span class='ocrx_word' id='word_1_320' title='bbox 991 4224 1119 4265; x_wconf 82' lang='lat' dir='ltr'>satus</span> <span class='ocrx_word' id='word_1_321' title='bbox 1146 4232 1158 4265; x_wconf 90' lang='lat'><strong>:</strong></span> <span class='ocrx_word' id='word_1_322' title='bbox 1185 4215 1398 4280; x_wconf 80' lang='lat' dir='ltr'>genuisse</span> <span class='ocrx_word' id='word_1_323' title='bbox 1423 4216 1626 4265; x_wconf 75' lang='lat' dir='ltr'>ferocem</span> 
     </span>
     <span class='ocr_line' id='line_1_50' title="bbox 471 4293 1590 4361; baseline 0.004 -19"><span class='ocrx_word' id='word_1_324' title='bbox 471 4296 532 4343; x_wconf 73' lang='lat' dir='ltr'>Et</span> <span class='ocrx_word' id='word_1_325' title='bbox 549 4293 704 4359; x_wconf 81' lang='lat' dir='ltr'>Polus,</span> <span class='ocrx_word' id='word_1_326' title='bbox 723 4302 776 4344; x_wconf 83' lang='lat' dir='ltr'>et</span> <span class='ocrx_word' id='word_1_327' title='bbox 790 4296 972 4357; x_wconf 88' lang='lat' dir='ltr'>Tellus,</span> <span class='ocrx_word' id='word_1_328' title='bbox 1003 4307 1053 4346; x_wconf 83' lang='lat' dir='ltr'>et</span> <span class='ocrx_word' id='word_1_329' title='bbox 1071 4297 1222 4345; x_wconf 81' lang='lat' dir='ltr'>Maris</span> <span class='ocrx_word' id='word_1_330' title='bbox 1247 4297 1373 4346; x_wconf 86' lang='lat' dir='ltr'>unda</span> <span class='ocrx_word' id='word_1_331' title='bbox 1399 4308 1590 4361; x_wconf 79' lang='lat' dir='ltr'>negant.</span> 
     </span>
    </p>

    <p class='ocr_par' dir='ltr' id='par_1_30' title="bbox 405 4374 1642 4529">
     <span class='ocr_line' id='line_1_51' title="bbox 405 4374 1642 4446; baseline 0.002 -21"><span class='ocrx_word' id='word_1_332' title='bbox 405 4374 641 4425; x_wconf 75' lang='lat' dir='ltr'>Omnibus</span> <span class='ocrx_word' id='word_1_333' title='bbox 657 4376 852 4426; x_wconf 86' lang='lat' dir='ltr'>omnino</span> <span class='ocrx_word' id='word_1_334' title='bbox 874 4380 1028 4441; x_wconf 74' lang='lat' dir='ltr'>gmvis</span> <span class='ocrx_word' id='word_1_335' title='bbox 1049 4389 1121 4429; x_wconf 85' lang='lat' dir='ltr'>est</span> <span class='ocrx_word' id='word_1_336' title='bbox 1148 4396 1160 4428; x_wconf 79' lang='lat' dir='ltr'>z</span> <span class='ocrx_word' id='word_1_337' title='bbox 1185 4380 1432 4437; x_wconf 86' lang='lat' dir='ltr'>attendite,</span> <span class='ocrx_word' id='word_1_338' title='bbox 1462 4398 1523 4429; x_wconf 90' lang='lat' dir='ltr'>ne</span> <span class='ocrx_word' id='word_1_339' title='bbox 1548 4398 1642 4446; x_wconf 78' lang='lat' dir='ltr'>qua</span> 
     </span>
     <span class='ocr_line' id='line_1_52' title="bbox 473 4458 1497 4529; baseline 0.007 -22"><span class='ocrx_word' id='word_1_340' title='bbox 473 4458 678 4510; x_wconf 80' lang='lat' dir='ltr'>incautis</span> <span class='ocrx_word' id='word_1_341' title='bbox 693 4460 863 4511; x_wconf 78' lang='lat' dir='ltr'>animis</span> <span class='ocrx_word' id='word_1_342' title='bbox 883 4478 1011 4512; x_wconf 88' lang='lat' dir='ltr'>nunc</span> <span class='ocrx_word' id='word_1_343' title='bbox 1035 4479 1226 4529; x_wconf 88' lang='lat' dir='ltr'>quoque</span> <span class='ocrx_word' id='word_1_344' title='bbox 1243 4464 1322 4513; x_wconf 82' lang='lat' dir='ltr'>fila</span> <span class='ocrx_word' id='word_1_345' title='bbox 1345 4474 1497 4529; x_wconf 83' lang='lat' dir='ltr'>paret.</span> 
     </span>
    </p>

    <p class='ocr_par' dir='ltr' id='par_1_31' title="bbox 407 4541 1608 4693">
     <span class='ocr_line' id='line_1_53' title="bbox 407 4541 1608 4613; baseline 0.004 -22"><span class='ocrx_word' id='word_1_346' title='bbox 407 4541 722 4594; x_wconf 78' lang='lat' dir='ltr'>Enlatebras!</span> <span class='ocrx_word' id='word_1_347' title='bbox 749 4559 810 4592; x_wconf 88' lang='lat' dir='ltr'>an</span> <span class='ocrx_word' id='word_1_348' title='bbox 835 4560 912 4593; x_wconf 88' lang='lat' dir='ltr'>me</span> <span class='ocrx_word' id='word_1_349' title='bbox 937 4546 1160 4610; x_wconf 80' lang='lat' dir='ltr'>sperabas</span> <span class='ocrx_word' id='word_1_350' title='bbox 1185 4546 1363 4603; x_wconf 75' lang='lat' dir='ltr'>fallere,</span> <span class='ocrx_word' id='word_1_351' title='bbox 1388 4564 1608 4613; x_wconf 79' lang='lat' dir='ltr'>nequam,</span> 
     </span>
     <span class='ocr_line' id='line_1_54' title="bbox 471 4626 1504 4693; baseline 0.006 -18"><span class='ocrx_word' id='word_1_352' title='bbox 471 4626 662 4691; x_wconf 80' lang='lat' dir='ltr'>Spicula</span> <span class='ocrx_word' id='word_1_353' title='bbox 685 4627 970 4693; x_wconf 85' lang='lat' dir='ltr'>Zenophiles</span> <span class='ocrx_word' id='word_1_354' title='bbox 992 4628 1076 4693; x_wconf 89' lang='lat' dir='ltr'>qui</span> <span class='ocrx_word' id='word_1_355' title='bbox 1095 4630 1212 4693; x_wconf 79' lang='lat' dir='ltr'>jacis</span> <span class='ocrx_word' id='word_1_356' title='bbox 1239 4646 1296 4679; x_wconf 80' lang='lat' dir='ltr'>ex</span> <span class='ocrx_word' id='word_1_357' title='bbox 1321 4632 1504 4681; x_wconf 72' lang='lat' dir='ltr'>oculis?</span> 
     </span>
    </p>
   </div>
   <div class='ocr_carea' id='block_1_21' title="bbox 993 4785 1376 4843">
    <p class='ocr_par' dir='ltr' id='par_1_32' title="bbox 993 4785 1376 4843">
     <span class='ocr_line' id='line_1_55' title="bbox 993 4785 1376 4843; baseline 0.005 -12"><span class='ocrx_word' id='word_1_358' title='bbox 993 4785 1100 4843; x_wconf 79' lang='lat'>178.</span> <span class='ocrx_word' id='word_1_359' title='bbox 1139 4800 1376 4833; x_wconf 66' lang='lat' dir='ltr'>nusum.</span> 
     </span>
    </p>
   </div>
   <div class='ocr_carea' id='block_1_22' title="bbox 410 4916 1618 4983">
    <p class='ocr_par' dir='ltr' id='par_1_33' title="bbox 410 4916 1618 4983">
     <span class='ocr_line' id='line_1_56' title="bbox 410 4916 1618 4983; baseline 0.007 -22"><span class='ocrx_word' id='word_1_360' title='bbox 410 4918 618 4977; x_wconf 77' lang='lat' dir='ltr'>Vaeueat,</span> <span class='ocrx_word' id='word_1_361' title='bbox 643 4916 692 4965; x_wconf 86' lang='lat' dir='ltr'>in</span> <span class='ocrx_word' id='word_1_362' title='bbox 719 4918 882 4966; x_wconf 82' lang='lat' dir='ltr'>matris</span> <span class='ocrx_word' id='word_1_363' title='bbox 907 4922 1210 4983; x_wconf 65' lang='lat' dir='ltr'>quantumvis</span> <span class='ocrx_word' id='word_1_364' title='bbox 1228 4921 1430 4970; x_wconf 82' lang='lat' dir='ltr'>dormiat</span> <span class='ocrx_word' id='word_1_365' title='bbox 1461 4922 1584 4969; x_wconf 76' lang='lat' dir='ltr'>ulnis</span> <span class='ocrx_word' id='word_1_366' title='bbox 1607 4938 1618 4971; x_wconf 89' lang='lat'>:</span> 
     </span>
    </p>
   </div>
   <div class='ocr_carea' id='block_1_23' title="bbox 2064 935 3625 1527">
    <p class='ocr_par' dir='ltr' id='par_1_34' title="bbox 2064 935 3625 1527">
     <span class='ocr_line' id='line_1_57' title="bbox 2127 935 3625 1008; baseline 0.004 -22"><span class='ocrx_word' id='word_1_367' title='bbox 2127 935 2517 990; x_wconf 78' lang='lat' dir='ltr'>aduncis-naribu</span> <span class='ocrx_word' id='word_1_368' title='bbox 2522 939 2741 1002; x_wconf 58' lang='lat' dir='ltr'>uidens,</span> <span class='ocrx_word' id='word_1_369' title='bbox 2753 942 2915 992; x_wconf 85' lang='lat' dir='ltr'>alatus</span> <span class='ocrx_word' id='word_1_370' title='bbox 2930 945 3067 1006; x_wconf 83' lang='lat' dir='ltr'>terga</span> <span class='ocrx_word' id='word_1_371' title='bbox 3079 981 3091 1004; x_wconf 92' lang='lat'>‚</span> <span class='ocrx_word' id='word_1_372' title='bbox 3103 943 3625 1008; x_wconf 73' lang='lat' dir='ltr'>pharetram-gestans.</span> 
     </span>
     <span class='ocr_line' id='line_1_58' title="bbox 2066 1025 3549 1094; baseline 0.005 -20"><span class='ocrx_word' id='word_1_373' title='bbox 2066 1025 2221 1075; x_wconf 81' lang='lat' dir='ltr'>Patris</span> <span class='ocrx_word' id='word_1_374' title='bbox 2242 1039 2356 1077; x_wconf 81' lang='lat' dir='ltr'>vero</span> <span class='ocrx_word' id='word_1_375' title='bbox 2375 1041 2472 1077; x_wconf 91' lang='lat' dir='ltr'>non</span> <span class='ocrx_word' id='word_1_376' title='bbox 2488 1027 2647 1079; x_wconf 89' lang='lat' dir='ltr'>habeo</span> <span class='ocrx_word' id='word_1_377' title='bbox 2658 1028 2819 1080; x_wconf 82' lang='lat' dir='ltr'>dicere</span> <span class='ocrx_word' id='word_1_378' title='bbox 2830 1031 3049 1094; x_wconf 76' lang='lat' dir='ltr'>cujussit</span> <span class='ocrx_word' id='word_1_379' title='bbox 3070 1049 3088 1081; x_wconf 90' lang='lat'>.·</span> <span class='ocrx_word' id='word_1_380' title='bbox 3104 1045 3195 1082; x_wconf 91' lang='lat' dir='ltr'>nec</span> <span class='ocrx_word' id='word_1_381' title='bbox 3206 1032 3337 1083; x_wconf 89' lang='lat' dir='ltr'>enim</span> <span class='ocrx_word' id='word_1_382' title='bbox 3358 1031 3549 1094; x_wconf 75' lang='lat' dir='ltr'>AEtber,</span> 
     </span>
     <span class='ocr_line' id='line_1_59' title="bbox 2125 1114 3489 1184; baseline 0.007 -22"><span class='ocrx_word' id='word_1_383' title='bbox 2125 1127 2222 1162; x_wconf 88' lang='lat' dir='ltr'>non</span> <span class='ocrx_word' id='word_1_384' title='bbox 2248 1114 2412 1164; x_wconf 78' lang='lat' dir='ltr'>Tellus</span> <span class='ocrx_word' id='word_1_385' title='bbox 2429 1115 2498 1166; x_wconf 84' lang='lat' dir='ltr'>ait</span> <span class='ocrx_word' id='word_1_386' title='bbox 2514 1129 2569 1166; x_wconf 85' lang='lat' dir='ltr'>se</span> <span class='ocrx_word' id='word_1_387' title='bbox 2584 1117 2831 1180; x_wconf 81' lang='lat' dir='ltr'>peperisse</span> <span class='ocrx_word' id='word_1_388' title='bbox 2858 1118 3097 1169; x_wconf 79' lang='lat' dir='ltr'>audacem</span> <span class='ocrx_word' id='word_1_389' title='bbox 3109 1159 3122 1180; x_wconf 92' lang='lat'>,</span> <span class='ocrx_word' id='word_1_390' title='bbox 3154 1133 3253 1169; x_wconf 89' lang='lat' dir='ltr'>non</span> <span class='ocrx_word' id='word_1_391' title='bbox 3270 1122 3489 1184; x_wconf 74' lang='lat' dir='ltr'>Pelagus·</span> 
     </span>
     <span class='ocr_line' id='line_1_60' title="bbox 2065 1199 3453 1270; baseline 0.006 -21"><span class='ocrx_word' id='word_1_392' title='bbox 2065 1199 2248 1263; x_wconf 86' lang='lat' dir='ltr'>ubique</span> <span class='ocrx_word' id='word_1_393' title='bbox 2277 1202 2407 1252; x_wconf 90' lang='lat' dir='ltr'>enim</span> <span class='ocrx_word' id='word_1_394' title='bbox 2420 1207 2471 1253; x_wconf 82' lang='lat' dir='ltr'>et</span> <span class='ocrx_word' id='word_1_395' title='bbox 2494 1203 2719 1254; x_wconf 89' lang='lat' dir='ltr'>omnibus</span> <span class='ocrx_word' id='word_1_396' title='bbox 2744 1203 2934 1255; x_wconf 83' lang='lat' dir='ltr'>invisus</span> <span class='ocrx_word' id='word_1_397' title='bbox 2951 1208 3045 1256; x_wconf 84' lang='lat' dir='ltr'>est.</span> <span class='ocrx_word' id='word_1_398' title='bbox 3068 1209 3129 1256; x_wconf 75' lang='lat' dir='ltr'>At</span> <span class='ocrx_word' id='word_1_399' title='bbox 3148 1207 3453 1270; x_wconf 77' lang='lat' dir='ltr'>speculamini</span> 
     </span>
     <span class='ocr_line' id='line_1_61' title="bbox 2124 1289 3143 1342; baseline 0.005 -7"><span class='ocrx_word' id='word_1_400' title='bbox 2124 1301 2185 1335; x_wconf 89' lang='lat' dir='ltr'>ne</span> <span class='ocrx_word' id='word_1_401' title='bbox 2206 1289 2331 1338; x_wconf 83' lang='lat' dir='ltr'>sorte</span> <span class='ocrx_word' id='word_1_402' title='bbox 2352 1302 2486 1338; x_wconf 89' lang='lat' dir='ltr'>nunc</span> <span class='ocrx_word' id='word_1_403' title='bbox 2507 1290 2681 1340; x_wconf 88' lang='lat' dir='ltr'>animis</span> <span class='ocrx_word' id='word_1_404' title='bbox 2700 1290 2797 1340; x_wconf 85' lang='lat' dir='ltr'>alia</span> <span class='ocrx_word' id='word_1_405' title='bbox 2818 1289 2991 1341; x_wconf 84' lang='lat' dir='ltr'>teudat&#39;</span> <span class='ocrx_word' id='word_1_406' title='bbox 3004 1293 3143 1342; x_wconf 86' lang='lat' dir='ltr'>retia.</span> 
     </span>
     <span class='ocr_line' id='line_1_62' title="bbox 2064 1375 3381 1437; baseline 0.007 -15"><span class='ocrx_word' id='word_1_407' title='bbox 2064 1375 2213 1437; x_wconf 80' lang='lat' dir='ltr'>Atqui</span> <span class='ocrx_word' id='word_1_408' title='bbox 2239 1389 2409 1425; x_wconf 88' lang='lat' dir='ltr'>eccum</span> <span class='ocrx_word' id='word_1_409' title='bbox 2430 1376 2600 1428; x_wconf 78' lang='lat' dir='ltr'>illum!</span> <span class='ocrx_word' id='word_1_410' title='bbox 2629 1377 2756 1432; x_wconf 80' lang='lat' dir='ltr'>circa</span> <span class='ocrx_word' id='word_1_411' title='bbox 2773 1377 2949 1428; x_wconf 86' lang='lat' dir='ltr'>cubile.</span> <span class='ocrx_word' id='word_1_412' title='bbox 2973 1381 3079 1428; x_wconf 83' lang='lat' dir='ltr'>Non</span> <span class='ocrx_word' id='word_1_413' title='bbox 3095 1380 3283 1431; x_wconf 88' lang='lat' dir='ltr'>latuisti</span> <span class='ocrx_word' id='word_1_414' title='bbox 3302 1395 3381 1430; x_wconf 80' lang='lat' dir='ltr'>me</span> 
     </span>
     <span class='ocr_line' id='line_1_63' title="bbox 2130 1461 3309 1527; baseline 0.005 -16"><span class='ocrx_word' id='word_1_415' title='bbox 2130 1461 2375 1525; x_wconf 79' lang='lat' dir='ltr'>sagittarie</span> <span class='ocrx_word' id='word_1_416' title='bbox 2386 1501 2401 1524; x_wconf 95' lang='lat'>,</span> <span class='ocrx_word' id='word_1_417' title='bbox 2430 1462 2705 1527; x_wconf 79' lang='lat' dir='ltr'>zenophilae</span> <span class='ocrx_word' id='word_1_418' title='bbox 2722 1464 2774 1513; x_wconf 90' lang='lat' dir='ltr'>in</span> <span class='ocrx_word' id='word_1_419' title='bbox 2791 1465 2949 1515; x_wconf 86' lang='lat' dir='ltr'>oeulis</span> <span class='ocrx_word' id='word_1_420' title='bbox 2964 1467 3309 1517; x_wconf 79' lang='lat' dir='ltr'>te-occultans.</span> 
     </span>
    </p>
   </div>
   <div class='ocr_carea' id='block_1_24' title="bbox 2620 1610 3062 1660">
    <p class='ocr_par' dir='ltr' id='par_1_35' title="bbox 2620 1610 3062 1660">
     <span class='ocr_line' id='line_1_64' title="bbox 2620 1610 3062 1660; baseline -0.002 -4"><span class='ocrx_word' id='word_1_421' title='bbox 2620 1610 2727 1657; x_wconf 82' lang='lat'>178.</span> <span class='ocrx_word' id='word_1_422' title='bbox 2770 1617 3062 1660; x_wconf 69' lang='lat' dir='ltr'>musmm.</span> 
     </span>
    </p>
   </div>
   <div class='ocr_carea' id='block_1_25' title="bbox 2063 1727 3461 1878">
    <p class='ocr_par' dir='ltr' id='par_1_36' title="bbox 2063 1727 3461 1878">
     <span class='ocr_line' id='line_1_65' title="bbox 2063 1727 3445 1790; baseline 0.004 -13"><span class='ocrx_word' id='word_1_423' title='bbox 2063 1727 2333 1789; x_wconf 72' lang='lat' dir='ltr'>vendatur,</span> <span class='ocrx_word' id='word_1_424' title='bbox 2364 1727 2591 1790; x_wconf 83' lang='lat' dir='ltr'>quamvis</span> <span class='ocrx_word' id='word_1_425' title='bbox 2612 1729 2784 1778; x_wconf 86' lang='lat' dir='ltr'>matris</span> <span class='ocrx_word' id='word_1_426' title='bbox 2802 1728 2963 1780; x_wconf 80' lang='lat' dir='ltr'>adbuc</span> <span class='ocrx_word' id='word_1_427' title='bbox 2978 1731 3029 1780; x_wconf 86' lang='lat' dir='ltr'>iu</span> <span class='ocrx_word' id='word_1_428' title='bbox 3046 1731 3158 1780; x_wconf 85' lang='lat' dir='ltr'>sinu</span> <span class='ocrx_word' id='word_1_429' title='bbox 3180 1730 3445 1790; x_wconf 69' lang='lat' dir='ltr'>(inaniens,</span> 
     </span>
     <span class='ocr_line' id='line_1_66' title="bbox 2127 1815 3461 1878; baseline 0.004 -13"><span class='ocrx_word' id='word_1_430' title='bbox 2127 1815 2396 1866; x_wconf 74' lang='lat' dir='ltr'>vendatur!</span> <span class='ocrx_word' id='word_1_431' title='bbox 2427 1815 2560 1874; x_wconf 88' lang='lat' dir='ltr'>Quid</span> <span class='ocrx_word' id='word_1_432' title='bbox 2582 1830 2663 1865; x_wconf 90' lang='lat' dir='ltr'>me</span> <span class='ocrx_word' id='word_1_433' title='bbox 2674 1816 2817 1878; x_wconf 79' lang='lat' dir='ltr'>juvat</span> <span class='ocrx_word' id='word_1_434' title='bbox 2839 1821 2898 1867; x_wconf 86' lang='lat' dir='ltr'>ut</span> <span class='ocrx_word' id='word_1_435' title='bbox 2918 1818 3014 1867; x_wconf 88' lang='lat' dir='ltr'>hoc</span> <span class='ocrx_word' id='word_1_436' title='bbox 3036 1819 3193 1868; x_wconf 85' lang='lat' dir='ltr'>audax</span> <span class='ocrx_word' id='word_1_437' title='bbox 3218 1821 3461 1870; x_wconf 84' lang='lat' dir='ltr'>nutriam?</span> 
     </span>
    </p>
   </div>
   <div class='ocr_carea' id='block_1_26' title="bbox 1980 1887 3625 1974">
    <p class='ocr_par' dir='ltr' id='par_1_37' title="bbox 1980 1887 3625 1974">
     <span class='ocr_line' id='line_1_67' title="bbox 1980 1887 3625 1974; baseline 0.005 -23"><span class='ocrx_word' id='word_1_438' title='bbox 1980 1887 1987 1894; x_wconf 66' lang='grc'><strong>’</strong></span> <span class='ocrx_word' id='word_1_439' title='bbox 2062 1916 2274 1967; x_wconf 88' lang='lat' dir='ltr'>namque</span> <span class='ocrx_word' id='word_1_440' title='bbox 2298 1903 2479 1953; x_wconf 88' lang='lat' dir='ltr'>simum</span> <span class='ocrx_word' id='word_1_441' title='bbox 2492 1907 2755 1954; x_wconf 82' lang='lat' dir='ltr'>natum-est</span> <span class='ocrx_word' id='word_1_442' title='bbox 2773 1907 2823 1955; x_wconf 91' lang='lat' dir='ltr'>et</span> <span class='ocrx_word' id='word_1_443' title='bbox 2835 1905 3037 1968; x_wconf 83' lang='lat' dir='ltr'>alatum,</span> <span class='ocrx_word' id='word_1_444' title='bbox 3055 1909 3106 1956; x_wconf 83' lang='lat' dir='ltr'>et</span> <span class='ocrx_word' id='word_1_445' title='bbox 3118 1907 3349 1958; x_wconf 85' lang='lat' dir='ltr'>acerrime</span> <span class='ocrx_word' id='word_1_446' title='bbox 3368 1909 3625 1974; x_wconf 81' lang='lat' dir='ltr'>unguibus</span> 
     </span>
    </p>
   </div>
   <div class='ocr_carea' id='block_1_27' title="bbox 2058 1991 3623 2579">
    <p class='ocr_par' dir='ltr' id='par_1_38' title="bbox 2124 1991 3266 2056">
     <span class='ocr_line' id='line_1_68' title="bbox 2124 1991 3266 2056; baseline 0.004 -16"><span class='ocrx_word' id='word_1_447' title='bbox 2124 1992 2333 2051; x_wconf 68' lang='lat' dir='ltr'>vellicat,</span> <span class='ocrx_word' id='word_1_448' title='bbox 2354 1995 2405 2042; x_wconf 89' lang='lat' dir='ltr'>et</span> <span class='ocrx_word' id='word_1_449' title='bbox 2427 2004 2558 2056; x_wconf 64' lang='lat' dir='ltr'>saepe</span> <span class='ocrx_word' id='word_1_450' title='bbox 2575 1991 2871 2056; x_wconf 84' lang='lat' dir='ltr'>dum-plorat</span> <span class='ocrx_word' id='word_1_451' title='bbox 2895 1993 3088 2044; x_wconf 86' lang='lat' dir='ltr'>interim</span> <span class='ocrx_word' id='word_1_452' title='bbox 3114 1994 3266 2054; x_wconf 76' lang='lat' dir='ltr'>ridet3</span> 
     </span>
    </p>

    <p class='ocr_par' dir='ltr' id='par_1_39' title="bbox 2063 2080 3556 2230">
     <span class='ocr_line' id='line_1_69' title="bbox 2063 2080 3556 2147; baseline 0.005 -19"><span class='ocrx_word' id='word_1_453' title='bbox 2063 2083 2300 2143; x_wconf 81' lang='lat' dir='ltr'>praeterea</span> <span class='ocrx_word' id='word_1_454' title='bbox 2322 2080 2467 2130; x_wconf 84' lang='lat' dir='ltr'>etiam</span> <span class='ocrx_word' id='word_1_455' title='bbox 2486 2081 2705 2144; x_wconf 78' lang='lat' dir='ltr'>pertinax</span> <span class='ocrx_word' id='word_1_456' title='bbox 2718 2083 2794 2131; x_wconf 76' lang='lat' dir='ltr'>est</span> <span class='ocrx_word' id='word_1_457' title='bbox 2808 2121 2821 2142; x_wconf 94' lang='lat'>,</span> <span class='ocrx_word' id='word_1_458' title='bbox 2836 2082 3085 2144; x_wconf 84' lang='lat' dir='ltr'>garmlum</span> <span class='ocrx_word' id='word_1_459' title='bbox 3099 2121 3112 2142; x_wconf 99' lang='lat'>,</span> <span class='ocrx_word' id='word_1_460' title='bbox 3128 2083 3298 2133; x_wconf 84' lang='lat' dir='ltr'>acerbe</span> <span class='ocrx_word' id='word_1_461' title='bbox 3312 2087 3556 2147; x_wconf 82' lang='lat' dir='ltr'>spectans,</span> 
     </span>
     <span class='ocr_line' id='line_1_70' title="bbox 2124 2166 3329 2230; baseline 0.004 -16"><span class='ocrx_word' id='word_1_462' title='bbox 2124 2166 2303 2227; x_wconf 77' lang='lat' dir='ltr'>ferum,</span> <span class='ocrx_word' id='word_1_463' title='bbox 2323 2179 2482 2228; x_wconf 87' lang='lat' dir='ltr'>neque</span> <span class='ocrx_word' id='word_1_464' title='bbox 2499 2167 2591 2230; x_wconf 88' lang='lat' dir='ltr'>ipsi</span> <span class='ocrx_word' id='word_1_465' title='bbox 2616 2167 2763 2216; x_wconf 86' lang='lat' dir='ltr'>etiam</span> <span class='ocrx_word' id='word_1_466' title='bbox 2786 2168 2936 2218; x_wconf 80' lang='lat' dir='ltr'>matri</span> <span class='ocrx_word' id='word_1_467' title='bbox 2954 2181 3061 2217; x_wconf 78' lang='lat' dir='ltr'>suae</span> <span class='ocrx_word' id='word_1_468' title='bbox 3074 2169 3293 2218; x_wconf 81' lang='lat' dir='ltr'>cicurum</span> <span class='ocrx_word' id='word_1_469' title='bbox 3316 2185 3329 2211; x_wconf 74' lang='grc' dir='ltr'>ι</span> 
     </span>
    </p>

    <p class='ocr_par' dir='ltr' id='par_1_40' title="bbox 2058 2253 3614 2406">
     <span class='ocr_line' id='line_1_71' title="bbox 2058 2253 3525 2320; baseline 0.004 -18"><span class='ocrx_word' id='word_1_470' title='bbox 2058 2253 2252 2302; x_wconf 88' lang='lat' dir='ltr'>omnino</span> <span class='ocrx_word' id='word_1_471' title='bbox 2270 2257 2556 2303; x_wconf 86' lang='lat' dir='ltr'>monstrum.</span> <span class='ocrx_word' id='word_1_472' title='bbox 2584 2257 2757 2318; x_wconf 75' lang='lat' dir='ltr'>ltaque</span> <span class='ocrx_word' id='word_1_473' title='bbox 2776 2254 3031 2306; x_wconf 80' lang='lat' dir='ltr'>vendetur.</span> <span class='ocrx_word' id='word_1_474' title='bbox 3058 2257 3106 2305; x_wconf 89' lang='lat' dir='ltr'>Si</span> <span class='ocrx_word' id='word_1_475' title='bbox 3124 2258 3237 2320; x_wconf 82' lang='lat' dir='ltr'>quis</span> <span class='ocrx_word' id='word_1_476' title='bbox 3257 2261 3525 2308; x_wconf 74' lang='lat' dir='ltr'>avecturus</span> 
     </span>
     <span class='ocr_line' id='line_1_72' title="bbox 2120 2342 3614 2406; baseline 0.006 -17"><span class='ocrx_word' id='word_1_477' title='bbox 2120 2345 2360 2391; x_wconf 82' lang='lat' dir='ltr'>mercator</span> <span class='ocrx_word' id='word_1_478' title='bbox 2386 2355 2546 2392; x_wconf 85' lang='lat' dir='ltr'>emere</span> <span class='ocrx_word' id='word_1_479' title='bbox 2569 2355 2779 2405; x_wconf 87' lang='lat' dir='ltr'>puerum</span> <span class='ocrx_word' id='word_1_480' title='bbox 2804 2342 2936 2404; x_wconf 80' lang='lat' dir='ltr'>vult,</span> <span class='ocrx_word' id='word_1_481' title='bbox 2968 2343 3203 2394; x_wconf 80' lang='lat' dir='ltr'>accedito.</span> <span class='ocrx_word' id='word_1_482' title='bbox 3390 2344 3614 2406; x_wconf 76' lang='lat' dir='ltr'>[vendoz</span> 
     </span>
    </p>

    <p class='ocr_par' dir='ltr' id='par_1_41' title="bbox 2060 2429 3623 2579">
     <span class='ocr_line' id='line_1_73' title="bbox 2060 2429 3623 2493; baseline 0.002 -16"><span class='ocrx_word' id='word_1_483' title='bbox 2060 2431 2369 2490; x_wconf 83' lang='lat' dir='ltr'>Quamquam</span> <span class='ocrx_word' id='word_1_484' title='bbox 2402 2431 2645 2491; x_wconf 83' lang='lat' dir='ltr'>precatur,</span> <span class='ocrx_word' id='word_1_485' title='bbox 2675 2442 2817 2489; x_wconf 89' lang='lat' dir='ltr'>ecce,</span> <span class='ocrx_word' id='word_1_486' title='bbox 2858 2429 3267 2480; x_wconf 80' lang='lat' dir='ltr'>lacrimabundus.</span> <span class='ocrx_word' id='word_1_487' title='bbox 3301 2433 3407 2479; x_wconf 83' lang='lat' dir='ltr'>Non</span> <span class='ocrx_word' id='word_1_488' title='bbox 3436 2431 3539 2493; x_wconf 77' lang='lat' dir='ltr'>jau·</span> <span class='ocrx_word' id='word_1_489' title='bbox 3566 2435 3623 2480; x_wconf 85' lang='lat' dir='ltr'>te</span> 
     </span>
     <span class='ocr_line' id='line_1_74' title="bbox 2130 2515 3521 2579; baseline 0 -14"><span class='ocrx_word' id='word_1_490' title='bbox 2130 2515 2718 2565; x_wconf 64' lang='lat' dir='ltr'>habe-bonumanimum:</span> <span class='ocrx_word' id='word_1_491' title='bbox 2740 2515 3013 2579; x_wconf 81' lang='lat' dir='ltr'>zenophilae</span> <span class='ocrx_word' id='word_1_492' title='bbox 3035 2517 3239 2566; x_wconf 81' lang='lat' dir='ltr'>conviva</span> <span class='ocrx_word' id='word_1_493' title='bbox 3262 2517 3345 2567; x_wconf 78' lang='lat' dir='ltr'>hic</span> <span class='ocrx_word' id='word_1_494' title='bbox 3362 2531 3521 2568; x_wconf 87' lang='lat' dir='ltr'>mane.</span> 
     </span>
    </p>
   </div>
   <div class='ocr_carea' id='block_1_28' title="bbox 2626 2659 3070 2709">
    <p class='ocr_par' dir='ltr' id='par_1_42' title="bbox 2626 2659 3070 2709">
     <span class='ocr_line' id='line_1_75' title="bbox 2626 2659 3070 2709; baseline 0.007 -5"><span class='ocrx_word' id='word_1_495' title='bbox 2626 2659 2728 2706; x_wconf 83' lang='lat'>179.</span> <span class='ocrx_word' id='word_1_496' title='bbox 2776 2666 3070 2709; x_wconf 71' lang='lat' dir='ltr'>Esusmm.</span> 
     </span>
    </p>
   </div>
   <div class='ocr_carea' id='block_1_29' title="bbox 2057 2789 3497 2943">
    <p class='ocr_par' dir='ltr' id='par_1_43' title="bbox 2057 2789 3497 2943">
     <span class='ocr_line' id='line_1_76' title="bbox 2057 2789 3398 2854; baseline 0.001 -15"><span class='ocrx_word' id='word_1_497' title='bbox 2057 2792 2147 2840; x_wconf 77' lang='lat' dir='ltr'>Nae</span> <span class='ocrx_word' id='word_1_498' title='bbox 2171 2803 2257 2853; x_wconf 88' lang='lat' dir='ltr'>per</span> <span class='ocrx_word' id='word_1_499' title='bbox 2280 2790 2480 2853; x_wconf 83' lang='lat' dir='ltr'>cyprin,</span> <span class='ocrx_word' id='word_1_500' title='bbox 2501 2795 2667 2851; x_wconf 85' lang='lat' dir='ltr'>Amor,</span> <span class='ocrx_word' id='word_1_501' title='bbox 2687 2789 2971 2840; x_wconf 85' lang='lat' dir='ltr'>comburam</span> <span class='ocrx_word' id='word_1_502' title='bbox 2989 2791 3098 2854; x_wconf 84' lang='lat' dir='ltr'>igne</span> <span class='ocrx_word' id='word_1_503' title='bbox 3115 2794 3201 2841; x_wconf 85' lang='lat' dir='ltr'>tua</span> <span class='ocrx_word' id='word_1_504' title='bbox 3220 2792 3398 2850; x_wconf 85' lang='lat' dir='ltr'>omnia,</span> 
     </span>
     <span class='ocr_line' id='line_1_77' title="bbox 2089 2878 3497 2943; baseline -0.001 -14"><span class='ocrx_word' id='word_1_505' title='bbox 2089 2880 2289 2943; x_wconf 73' lang='lat' dir='ltr'>sagittas</span> <span class='ocrx_word' id='word_1_506' title='bbox 2304 2918 2317 2941; x_wconf 92' lang='lat'>,</span> <span class='ocrx_word' id='word_1_507' title='bbox 2338 2882 2389 2930; x_wconf 89' lang='lat' dir='ltr'>et</span> <span class='ocrx_word' id='word_1_508' title='bbox 2406 2878 2682 2942; x_wconf 81' lang='lat' dir='ltr'>Scythicam</span> <span class='ocrx_word' id='word_1_509' title='bbox 2697 2880 3158 2943; x_wconf 78' lang='lat' dir='ltr'>qiiae·tela·continet</span> <span class='ocrx_word' id='word_1_510' title='bbox 3180 2878 3458 2942; x_wconf 81' lang='lat' dir='ltr'>pharetram</span> <span class='ocrx_word' id='word_1_511' title='bbox 3486 2902 3497 2928; x_wconf 89' lang='lat'>:</span> 
     </span>
    </p>
   </div>
   <div class='ocr_carea' id='block_1_30' title="bbox 2028 2967 3627 3037">
    <p class='ocr_par' dir='ltr' id='par_1_44' title="bbox 2028 2967 3627 3037">
     <span class='ocr_line' id='line_1_78' title="bbox 2028 2967 3627 3037; baseline -0.001 -19"><span class='ocrx_word' id='word_1_512' title='bbox 2028 2968 2372 3037; x_wconf 56' lang='lat' dir='ltr'>⁹comburam,</span> <span class='ocrx_word' id='word_1_513' title='bbox 2403 2970 2511 3017; x_wconf 66' lang='lat' dir='ltr'>nce!</span> <span class='ocrx_word' id='word_1_514' title='bbox 2544 2967 2677 3027; x_wconf 86' lang='lat' dir='ltr'>Quid</span> <span class='ocrx_word' id='word_1_515' title='bbox 2705 2967 2913 3017; x_wconf 79' lang='lat' dir='ltr'>inaniter</span> <span class='ocrx_word' id='word_1_516' title='bbox 2941 2968 3070 3017; x_wconf 89' lang='lat' dir='ltr'>rides</span> <span class='ocrx_word' id='word_1_517' title='bbox 3110 2973 3160 3017; x_wconf 90' lang='lat' dir='ltr'>et</span> <span class='ocrx_word' id='word_1_518' title='bbox 3192 2967 3627 3017; x_wconf 74' lang='lat' dir='ltr'>aduncis-naribus</span> 
     </span>
    </p>
   </div>
   <div class='ocr_carea' id='block_1_31' title="bbox 2054 3052 3624 3380">
    <p class='ocr_par' dir='ltr' id='par_1_45' title="bbox 2056 3052 3624 3204">
     <span class='ocr_line' id='line_1_79' title="bbox 2116 3052 3624 3118; baseline 0.002 -17"><span class='ocrx_word' id='word_1_519' title='bbox 2116 3054 2324 3103; x_wconf 84' lang='lat' dir='ltr'>muttis?</span> <span class='ocrx_word' id='word_1_520' title='bbox 2349 3066 2465 3102; x_wconf 82' lang='lat' dir='ltr'>mox</span> <span class='ocrx_word' id='word_1_521' title='bbox 2482 3091 2495 3115; x_wconf 97' lang='lat'>,</span> <span class='ocrx_word' id='word_1_522' title='bbox 2525 3056 2651 3116; x_wconf 90' lang='lat' dir='ltr'>puto</span> <span class='ocrx_word' id='word_1_523' title='bbox 2678 3052 2965 3103; x_wconf 83' lang='lat' dir='ltr'>sardonium</span> <span class='ocrx_word' id='word_1_524' title='bbox 2994 3052 3190 3103; x_wconf 75' lang='lat' dir='ltr'>ridebis,</span> <span class='ocrx_word' id='word_1_525' title='bbox 3392 3054 3624 3118; x_wconf 76' lang='lat' dir='ltr'>[ringens</span> 
     </span>
     <span class='ocr_line' id='line_1_80' title="bbox 2056 3140 3439 3204; baseline 0.001 -15"><span class='ocrx_word' id='word_1_526' title='bbox 2056 3143 2179 3190; x_wconf 86' lang='lat' dir='ltr'>Sane</span> <span class='ocrx_word' id='word_1_527' title='bbox 2199 3141 2328 3191; x_wconf 90' lang='lat' dir='ltr'>enim</span> <span class='ocrx_word' id='word_1_528' title='bbox 2346 3140 2435 3190; x_wconf 90' lang='lat' dir='ltr'>tibi</span> <span class='ocrx_word' id='word_1_529' title='bbox 2455 3179 2468 3200; x_wconf 99' lang='lat'>,</span> <span class='ocrx_word' id='word_1_530' title='bbox 2484 3154 2597 3204; x_wconf 72' lang='lat' dir='ltr'>qua&gt;</span> <span class='ocrx_word' id='word_1_531' title='bbox 2611 3140 2875 3203; x_wconf 86' lang='lat' dir='ltr'>Cupidines</span> <span class='ocrx_word' id='word_1_532' title='bbox 2896 3140 3101 3201; x_wconf 88' lang='lat' dir='ltr'>ducunt,</span> <span class='ocrx_word' id='word_1_533' title='bbox 3122 3140 3212 3190; x_wconf 85' lang='lat' dir='ltr'>alis</span> <span class='ocrx_word' id='word_1_534' title='bbox 3228 3141 3439 3191; x_wconf 82' lang='lat' dir='ltr'>desectis</span> 
     </span>
    </p>

    <p class='ocr_par' dir='ltr' id='par_1_46' title="bbox 2054 3227 3621 3380">
     <span class='ocr_line' id='line_1_81' title="bbox 2116 3227 3621 3293; baseline 0 -17"><span class='ocrx_word' id='word_1_535' title='bbox 2116 3240 2298 3278; x_wconf 83' lang='lat' dir='ltr'>aeneam</span> <span class='ocrx_word' id='word_1_536' title='bbox 2317 3227 2550 3292; x_wconf 83' lang='lat' dir='ltr'>stringam</span> <span class='ocrx_word' id='word_1_537' title='bbox 2566 3231 2683 3277; x_wconf 89' lang='lat' dir='ltr'>tuos</span> <span class='ocrx_word' id='word_1_538' title='bbox 2697 3228 2827 3277; x_wconf 83' lang='lat' dir='ltr'>circa</span> <span class='ocrx_word' id='word_1_539' title='bbox 2837 3228 2987 3291; x_wconf 88' lang='lat' dir='ltr'>pedes</span> <span class='ocrx_word' id='word_1_540' title='bbox 3005 3228 3305 3291; x_wconf 87' lang='lat' dir='ltr'>compedem.</span> <span class='ocrx_word' id='word_1_541' title='bbox 3328 3228 3621 3293; x_wconf 81' lang='lat' dir='ltr'>[mesticum</span> 
     </span>
     <span class='ocr_line' id='line_1_82' title="bbox 2054 3314 3603 3380; baseline 0.001 -15"><span class='ocrx_word' id='word_1_542' title='bbox 2054 3319 2365 3380; x_wconf 81' lang='lat' dir='ltr'>Quamquam</span> <span class='ocrx_word' id='word_1_543' title='bbox 2395 3314 2657 3365; x_wconf 84' lang='lat' dir='ltr'>Cadmeam</span> <span class='ocrx_word' id='word_1_544' title='bbox 2682 3316 2938 3365; x_wconf 81' lang='lat' dir='ltr'>victoriam</span> <span class='ocrx_word' id='word_1_545' title='bbox 2962 3316 3320 3380; x_wconf 84' lang='lat' dir='ltr'>reportabimus</span> <span class='ocrx_word' id='word_1_546' title='bbox 3337 3357 3350 3377; x_wconf 97' lang='lat'>‚</span> <span class='ocrx_word' id='word_1_547' title='bbox 3384 3318 3425 3366; x_wconf 91' lang='lat' dir='ltr'>si</span> <span class='ocrx_word' id='word_1_548' title='bbox 3450 3322 3500 3367; x_wconf 85' lang='lat' dir='ltr'>te</span> <span class='ocrx_word' id='word_1_549' title='bbox 3524 3318 3603 3367; x_wconf 89' lang='lat' dir='ltr'>do</span> 
     </span>
    </p>
   </div>
   <div class='ocr_carea' id='block_1_32' title="bbox 2050 3510 3378 4235">
    <p class='ocr_par' dir='ltr' id='par_1_47' title="bbox 2050 3510 3378 4235">
     <span class='ocr_line' id='line_1_83' title="bbox 2096 3510 3327 3578; baseline 0.002 -17"><span class='ocrx_word' id='word_1_550' title='bbox 2096 3510 2319 3562; x_wconf 79' lang='lat' dir='ltr'>&#39;Vaeneat</span> <span class='ocrx_word' id='word_1_551' title='bbox 2343 3529 2354 3561; x_wconf 96' lang='lat'><strong>:</strong></span> <span class='ocrx_word' id='word_1_552' title='bbox 2384 3512 2513 3561; x_wconf 85' lang='lat' dir='ltr'>hunc</span> <span class='ocrx_word' id='word_1_553' title='bbox 2534 3529 2707 3561; x_wconf 80' lang='lat' dir='ltr'>saevum</span> <span class='ocrx_word' id='word_1_554' title='bbox 2730 3530 2815 3561; x_wconf 89' lang='lat' dir='ltr'>cur</span> <span class='ocrx_word' id='word_1_555' title='bbox 2848 3529 2934 3576; x_wconf 84' lang='lat' dir='ltr'>ego</span> <span class='ocrx_word' id='word_1_556' title='bbox 2957 3530 3143 3578; x_wconf 76' lang='lat' dir='ltr'>semper</span> <span class='ocrx_word' id='word_1_557' title='bbox 3167 3515 3327 3564; x_wconf 83' lang='lat' dir='ltr'>alam?</span> 
     </span>
     <span class='ocr_line' id='line_1_84' title="bbox 2052 3596 3373 3661; baseline -0.001 -15"><span class='ocrx_word' id='word_1_558' title='bbox 2052 3596 2207 3646; x_wconf 86' lang='lat' dir='ltr'>Simus</span> <span class='ocrx_word' id='word_1_559' title='bbox 2223 3596 2353 3647; x_wconf 87' lang='lat' dir='ltr'>euim</span> <span class='ocrx_word' id='word_1_560' title='bbox 2372 3596 2631 3661; x_wconf 82' lang='lat' dir='ltr'>pennisque</span> <span class='ocrx_word' id='word_1_561' title='bbox 2654 3598 2799 3658; x_wconf 87' lang='lat' dir='ltr'>celer,</span> <span class='ocrx_word' id='word_1_562' title='bbox 2820 3596 3108 3660; x_wconf 83' lang='lat' dir='ltr'>summisque</span> <span class='ocrx_word' id='word_1_563' title='bbox 3138 3598 3373 3646; x_wconf 85' lang='lat' dir='ltr'>timendus</span> 
     </span>
     <span class='ocr_line' id='line_1_85' title="bbox 2119 3678 3217 3744; baseline -0.001 -15"><span class='ocrx_word' id='word_1_564' title='bbox 2119 3678 2364 3743; x_wconf 80' lang='lat' dir='ltr'>Unguibus</span> <span class='ocrx_word' id='word_1_565' title='bbox 2382 3686 2472 3739; x_wconf 85' lang='lat' dir='ltr'>est,</span> <span class='ocrx_word' id='word_1_566' title='bbox 2502 3678 2669 3727; x_wconf 86' lang='lat' dir='ltr'>mediis</span> <span class='ocrx_word' id='word_1_567' title='bbox 2688 3679 2811 3727; x_wconf 86' lang='lat' dir='ltr'>ridet</span> <span class='ocrx_word' id='word_1_568' title='bbox 2836 3689 2885 3728; x_wconf 83' lang='lat' dir='ltr'>et</span> <span class='ocrx_word' id='word_1_569' title='bbox 2908 3678 2957 3727; x_wconf 89' lang='lat' dir='ltr'>in</span> <span class='ocrx_word' id='word_1_570' title='bbox 2978 3679 3217 3744; x_wconf 80' lang='lat' dir='ltr'>lacrymis.</span> 
     </span>
     <span class='ocr_line' id='line_1_86' title="bbox 2050 3760 3281 3823; baseline -0.002 -12"><span class='ocrx_word' id='word_1_571' title='bbox 2050 3762 2283 3811; x_wconf 87' lang='lat' dir='ltr'>Garrulus</span> <span class='ocrx_word' id='word_1_572' title='bbox 2300 3770 2391 3820; x_wconf 83' lang='lat' dir='ltr'>est,</span> <span class='ocrx_word' id='word_1_573' title='bbox 2415 3761 2586 3819; x_wconf 82' lang='lat' dir='ltr'>audax,</span> <span class='ocrx_word' id='word_1_574' title='bbox 2610 3768 2660 3809; x_wconf 88' lang='lat' dir='ltr'>et</span> <span class='ocrx_word' id='word_1_575' title='bbox 2688 3761 2879 3809; x_wconf 80' lang='lat' dir='ltr'>vibrans</span> <span class='ocrx_word' id='word_1_576' title='bbox 2907 3760 3110 3823; x_wconf 84' lang='lat' dir='ltr'>lumina,</span> <span class='ocrx_word' id='word_1_577' title='bbox 3136 3772 3281 3811; x_wconf 78' lang='lat' dir='ltr'>mater</span> 
     </span>
     <span class='ocr_line' id='line_1_87' title="bbox 2118 3842 2979 3909; baseline -0.001 -18"><span class='ocrx_word' id='word_1_578' title='bbox 2118 3848 2221 3909; x_wconf 85' lang='lat' dir='ltr'>Ipsa</span> <span class='ocrx_word' id='word_1_579' title='bbox 2248 3850 2401 3909; x_wconf 86' lang='lat' dir='ltr'>potest</span> <span class='ocrx_word' id='word_1_580' title='bbox 2418 3842 2516 3905; x_wconf 76' lang='lat' dir='ltr'>eius</span> <span class='ocrx_word' id='word_1_581' title='bbox 2533 3842 2593 3890; x_wconf 92' lang='lat' dir='ltr'>de</span> <span class='ocrx_word' id='word_1_582' title='bbox 2614 3842 2802 3891; x_wconf 76' lang='lat' dir='ltr'>feritate</span> <span class='ocrx_word' id='word_1_583' title='bbox 2826 3842 2979 3907; x_wconf 87' lang='lat' dir='ltr'>queri.</span> 
     </span>
     <span class='ocr_line' id='line_1_88' title="bbox 2052 3921 3275 3987; baseline -0.002 -14"><span class='ocrx_word' id='word_1_584' title='bbox 2052 3924 2319 3987; x_wconf 79' lang='lat' dir='ltr'>Prodigium</span> <span class='ocrx_word' id='word_1_585' title='bbox 2344 3932 2470 3973; x_wconf 85' lang='lat' dir='ltr'>totus</span> <span class='ocrx_word' id='word_1_586' title='bbox 2502 3923 2630 3987; x_wconf 84' lang='lat' dir='ltr'>:jam</span> <span class='ocrx_word' id='word_1_587' title='bbox 2653 3931 2836 3972; x_wconf 78' lang='lat' dir='ltr'>voeneat</span> <span class='ocrx_word' id='word_1_588' title='bbox 2861 3937 2876 3972; x_wconf 72' lang='grc' dir='ltr'>ε</span> <span class='ocrx_word' id='word_1_589' title='bbox 2910 3921 3005 3971; x_wconf 81' lang='lat' dir='ltr'>hut:</span> <span class='ocrx_word' id='word_1_590' title='bbox 3028 3924 3154 3985; x_wconf 86' lang='lat' dir='ltr'>ades,</span> <span class='ocrx_word' id='word_1_591' title='bbox 3182 3924 3275 3987; x_wconf 77' lang='lat' dir='ltr'>eja,</span> 
     </span>
     <span class='ocr_line' id='line_1_89' title="bbox 2116 4004 3141 4071; baseline -0.002 -17"><span class='ocrx_word' id='word_1_592' title='bbox 2116 4010 2357 4055; x_wconf 81' lang='lat' dir='ltr'>Mercator</span> <span class='ocrx_word' id='word_1_593' title='bbox 2380 4022 2580 4071; x_wconf 88' lang='lat' dir='ltr'>puerum</span> <span class='ocrx_word' id='word_1_594' title='bbox 2600 4005 2638 4053; x_wconf 86' lang='lat' dir='ltr'>si</span> <span class='ocrx_word' id='word_1_595' title='bbox 2665 4006 2771 4070; x_wconf 84' lang='lat' dir='ltr'>quis</span> <span class='ocrx_word' id='word_1_596' title='bbox 2790 4004 2971 4054; x_wconf 85' lang='lat' dir='ltr'>habere</span> <span class='ocrx_word' id='word_1_597' title='bbox 2991 4005 3141 4071; x_wconf 87' lang='lat' dir='ltr'>cupis.</span> 
     </span>
     <span class='ocr_line' id='line_1_90' title="bbox 2050 4086 3378 4155; baseline -0.002 -18"><span class='ocrx_word' id='word_1_598' title='bbox 2050 4092 2119 4137; x_wconf 86' lang='lat' dir='ltr'>En</span> <span class='ocrx_word' id='word_1_599' title='bbox 2144 4097 2276 4153; x_wconf 85' lang='lat' dir='ltr'>rogat</span> <span class='ocrx_word' id='word_1_600' title='bbox 2298 4098 2347 4137; x_wconf 82' lang='lat' dir='ltr'>et</span> <span class='ocrx_word' id='word_1_601' title='bbox 2376 4088 2593 4139; x_wconf 85' lang='lat' dir='ltr'>lacrimat</span> <span class='ocrx_word' id='word_1_602' title='bbox 2623 4106 2635 4139; x_wconf 75' lang='grc' dir='ltr'>ε</span> <span class='ocrx_word' id='word_1_603' title='bbox 2665 4104 2857 4155; x_wconf 78' lang='lat' dir='ltr'>parcam</span> <span class='ocrx_word' id='word_1_604' title='bbox 2874 4097 2921 4137; x_wconf 89' lang='lat' dir='ltr'>te</span> <span class='ocrx_word' id='word_1_605' title='bbox 2946 4090 3168 4149; x_wconf 74' lang='lat' dir='ltr'>vendere,</span> <span class='ocrx_word' id='word_1_606' title='bbox 3194 4086 3343 4152; x_wconf 80' lang='lat' dir='ltr'>gaude</span> <span class='ocrx_word' id='word_1_607' title='bbox 3361 4124 3378 4145; x_wconf 86' lang='lat'><strong><em>‚</em></strong></span> 
     </span>
     <span class='ocr_line' id='line_1_91' title="bbox 2113 4168 3151 4235; baseline 0.001 -18"><span class='ocrx_word' id='word_1_608' title='bbox 2113 4171 2203 4218; x_wconf 90' lang='lat' dir='ltr'>Sed</span> <span class='ocrx_word' id='word_1_609' title='bbox 2228 4185 2336 4218; x_wconf 89' lang='lat' dir='ltr'>cum</span> <span class='ocrx_word' id='word_1_610' title='bbox 2362 4168 2621 4234; x_wconf 77' lang='lat' dir='ltr'>zenophile</span> <span class='ocrx_word' id='word_1_611' title='bbox 2642 4170 2747 4218; x_wconf 74' lang='lat' dir='ltr'>vive</span> <span class='ocrx_word' id='word_1_612' title='bbox 2768 4185 3003 4235; x_wconf 83' lang='lat' dir='ltr'>maneque</span> <span class='ocrx_word' id='word_1_613' title='bbox 3028 4186 3151 4219; x_wconf 82' lang='lat' dir='ltr'>mea.</span> 
     </span>
    </p>
   </div>
   <div class='ocr_carea' id='block_1_33' title="bbox 2634 4324 3011 4371">
    <p class='ocr_par' dir='ltr' id='par_1_48' title="bbox 2634 4324 3011 4371">
     <span class='ocr_line' id='line_1_92' title="bbox 2634 4324 3011 4371; baseline 0.005 -18"><span class='ocrx_word' id='word_1_614' title='bbox 2634 4325 2740 4371; x_wconf 80' lang='lat'><strong>¹79·</strong></span> <span class='ocrx_word' id='word_1_615' title='bbox 2774 4324 3011 4356; x_wconf 64' lang='lat' dir='ltr'>ausuum.</span> 
     </span>
    </p>
   </div>
   <div class='ocr_carea' id='block_1_34' title="bbox 2044 4420 3397 4991">
    <p class='ocr_par' dir='ltr' id='par_1_49' title="bbox 2046 4420 3319 4589">
     <span class='ocr_line' id='line_1_93' title="bbox 2046 4420 3319 4507; baseline -0.001 -16"><span class='ocrx_word' id='word_1_616' title='bbox 2046 4446 2136 4491; x_wconf 84' lang='lat' dir='ltr'>Per</span> <span class='ocrx_word' id='word_1_617' title='bbox 2162 4446 2397 4491; x_wconf 84' lang='lat' dir='ltr'>Venerem</span> <span class='ocrx_word' id='word_1_618' title='bbox 2422 4442 2622 4491; x_wconf 84' lang='lat' dir='ltr'>flammis</span> <span class='ocrx_word' id='word_1_619' title='bbox 2647 4458 2782 4491; x_wconf 87' lang='lat' dir='ltr'>uram</span> <span class='ocrx_word' id='word_1_620' title='bbox 2800 4420 3143 4507; x_wconf 80' lang='lat' dir='ltr'>crepitantibus</span> <span class='ocrx_word' id='word_1_621' title='bbox 3166 4458 3319 4501; x_wconf 83' lang='lat' dir='ltr'>arcus,</span> 
     </span>
     <span class='ocr_line' id='line_1_94' title="bbox 2114 4523 3263 4589; baseline 0.001 -18"><span class='ocrx_word' id='word_1_622' title='bbox 2114 4526 2171 4572; x_wconf 83' lang='lat' dir='ltr'>Et</span> <span class='ocrx_word' id='word_1_623' title='bbox 2188 4523 2480 4587; x_wconf 86' lang='lat' dir='ltr'>pharetram,</span> <span class='ocrx_word' id='word_1_624' title='bbox 2501 4539 2605 4588; x_wconf 80' lang='lat' dir='ltr'>quae</span> <span class='ocrx_word' id='word_1_625' title='bbox 2629 4523 2721 4573; x_wconf 73' lang='lat' dir='ltr'>fert</span> <span class='ocrx_word' id='word_1_626' title='bbox 2745 4525 2853 4581; x_wconf 84' lang='lat' dir='ltr'>tela,</span> <span class='ocrx_word' id='word_1_627' title='bbox 2882 4524 3083 4589; x_wconf 88' lang='lat' dir='ltr'>Cupido,</span> <span class='ocrx_word' id='word_1_628' title='bbox 3118 4534 3263 4573; x_wconf 85' lang='lat' dir='ltr'>tuam.</span> 
     </span>
    </p>

    <p class='ocr_par' dir='ltr' id='par_1_50' title="bbox 2045 4603 3397 4752">
     <span class='ocr_line' id='line_1_95' title="bbox 2045 4603 3397 4670; baseline 0 -19"><span class='ocrx_word' id='word_1_629' title='bbox 2045 4607 2143 4669; x_wconf 64' lang='lat' dir='ltr'>(jur</span> <span class='ocrx_word' id='word_1_630' title='bbox 2162 4603 2337 4652; x_wconf 80' lang='lat' dir='ltr'>etenim</span> <span class='ocrx_word' id='word_1_631' title='bbox 2358 4604 2529 4652; x_wconf 88' lang='lat' dir='ltr'>simum</span> <span class='ocrx_word' id='word_1_632' title='bbox 2556 4614 2795 4669; x_wconf 81' lang='lat' dir='ltr'>torquens,</span> <span class='ocrx_word' id='word_1_633' title='bbox 2822 4622 2941 4670; x_wconf 87' lang='lat' dir='ltr'>puer</span> <span class='ocrx_word' id='word_1_634' title='bbox 2970 4605 3203 4670; x_wconf 83' lang='lat' dir='ltr'>improbe,</span> <span class='ocrx_word' id='word_1_635' title='bbox 3233 4620 3397 4653; x_wconf 71' lang='lat' dir='ltr'>nasum</span> 
     </span>
     <span class='ocr_line' id='line_1_96' title="bbox 2112 4686 3097 4752; baseline 0.004 -19"><span class='ocrx_word' id='word_1_636' title='bbox 2112 4686 2291 4735; x_wconf 81' lang='lat' dir='ltr'>Rides?</span> <span class='ocrx_word' id='word_1_637' title='bbox 2310 4688 2591 4736; x_wconf 80' lang='lat' dir='ltr'>Sardonicus</span> <span class='ocrx_word' id='word_1_638' title='bbox 2612 4688 2707 4752; x_wconf 83' lang='lat' dir='ltr'>jam</span> <span class='ocrx_word' id='word_1_639' title='bbox 2733 4688 2821 4737; x_wconf 88' lang='lat' dir='ltr'>tibi</span> <span class='ocrx_word' id='word_1_640' title='bbox 2840 4689 2960 4736; x_wconf 89' lang='lat' dir='ltr'>risus</span> <span class='ocrx_word' id='word_1_641' title='bbox 2987 4688 3097 4737; x_wconf 85' lang='lat' dir='ltr'>erit.</span> 
     </span>
    </p>

    <p class='ocr_par' dir='ltr' id='par_1_51' title="bbox 2044 4766 3342 4915">
     <span class='ocr_line' id='line_1_97' title="bbox 2044 4766 3342 4832; baseline -0.001 -19"><span class='ocrx_word' id='word_1_642' title='bbox 2044 4767 2193 4829; x_wconf 82' lang='lat' dir='ltr'>Quid,</span> <span class='ocrx_word' id='word_1_643' title='bbox 2222 4766 2306 4815; x_wconf 73' lang='lat' dir='ltr'>tibi</span> <span class='ocrx_word' id='word_1_644' title='bbox 2330 4767 2367 4815; x_wconf 86' lang='lat' dir='ltr'>si</span> <span class='ocrx_word' id='word_1_645' title='bbox 2398 4784 2573 4831; x_wconf 83' lang='lat' dir='ltr'>pennas</span> <span class='ocrx_word' id='word_1_646' title='bbox 2592 4784 2817 4827; x_wconf 83' lang='lat' dir='ltr'>resecem,</span> <span class='ocrx_word' id='word_1_647' title='bbox 2838 4768 3009 4832; x_wconf 85' lang='lat' dir='ltr'>quibus</span> <span class='ocrx_word' id='word_1_648' title='bbox 3036 4782 3145 4815; x_wconf 85' lang='lat' dir='ltr'>aera</span> <span class='ocrx_word' id='word_1_649' title='bbox 3173 4766 3342 4823; x_wconf 79' lang='lat' dir='ltr'>sulcas,</span> 
     </span>
     <span class='ocr_line' id='line_1_98' title="bbox 2110 4848 3087 4915; baseline 0.001 -19"><span class='ocrx_word' id='word_1_650' title='bbox 2110 4852 2168 4897; x_wconf 86' lang='lat' dir='ltr'>Et</span> <span class='ocrx_word' id='word_1_651' title='bbox 2186 4849 2303 4897; x_wconf 86' lang='lat' dir='ltr'>dura</span> <span class='ocrx_word' id='word_1_652' title='bbox 2330 4850 2522 4913; x_wconf 80' lang='lat' dir='ltr'>religem</span> <span class='ocrx_word' id='word_1_653' title='bbox 2545 4850 2772 4915; x_wconf 88' lang='lat' dir='ltr'>compede</span> <span class='ocrx_word' id='word_1_654' title='bbox 2799 4866 2937 4898; x_wconf 86' lang='lat' dir='ltr'>crura</span> <span class='ocrx_word' id='word_1_655' title='bbox 2959 4848 3087 4897; x_wconf 78' lang='lat' dir='ltr'>tibi?</span> 
     </span>
    </p>

    <p class='ocr_par' dir='ltr' id='par_1_52' title="bbox 2044 4930 3145 4991">
     <span class='ocr_line' id='line_1_99' title="bbox 2044 4930 3145 4991; baseline -0.001 -12"><span class='ocrx_word' id='word_1_656' title='bbox 2044 4931 2131 4979; x_wconf 86' lang='lat' dir='ltr'>Sed</span> <span class='ocrx_word' id='word_1_657' title='bbox 2162 4931 2363 4979; x_wconf 83' lang='lat' dir='ltr'>Cadmca</span> <span class='ocrx_word' id='word_1_658' title='bbox 2394 4930 2513 4983; x_wconf 77' lang='lat' dir='ltr'>soret</span> <span class='ocrx_word' id='word_1_659' title='bbox 2536 4930 2758 4991; x_wconf 54' lang='lat' dir='ltr'>victor-im</span> <span class='ocrx_word' id='word_1_660' title='bbox 2785 4932 2821 4979; x_wconf 86' lang='lat' dir='ltr'>si</span> <span class='ocrx_word' id='word_1_661' title='bbox 2848 4930 2963 4979; x_wconf 83' lang='lat' dir='ltr'>mihi</span> <span class='ocrx_word' id='word_1_662' title='bbox 2991 4940 3145 4979; x_wconf 79' lang='lat' dir='ltr'>tecum</span> 
     </span>
    </p>
   </div>
  </div>
 </body>
</html>
