3829 5747
953 194 1203 255 CAPUT
1242 196 1365 255 VII.
1411 192 1979 257 EPlGRAMMA'l'A
2020 191 2563 254 SEPULCRALIA.

206 336 279 393 Γᾶ
310 329 481 388 κεύθει
507 327 589 386 τὸν
620 330 707 392 ἑᾶς
734 326 893 406 ὅρμον
925 326 1233 407 ἐλευθερίας.

524 479 658 530 389.
704 468 1275 527 ΑΠΟΛΛΩΝΙΔΟΥ.

132 613 227 672 Καὶ
256 609 331 676 τίς
360 609 415 676 ὂς
463 610 556 667 οὐκ
587 606 717 678 ἔτλη
751 606 910 665 κακὸν
940 604 1165 683 ἔσχατον
1193 605 1307 662 υἱέα
1336 603 1564 668 κλαύσας
1575 626 1591 674 ;

200 699 307 756 ἀλλ’
334 701 361 756 ὃ
393 695 756 757 Ποσειδίππου
778 693 979 758 πάντας
1012 691 1171 770 ἔθαψε
1200 691 1355 768 δόμος

132 791 365 862 τέσσαρας
381 829 397 856 ,
436 782 525 851 οὒς
550 779 727 843 Ἀΐδαο
754 783 1066 861 συνῆριθμον
1089 780 1323 858 ἥρπασεν
1347 774 1513 860 ἦμαρ,

204 875 291 946 τὴν
314 871 515 943 πολλὴν
542 873 747 930 παίδων
779 871 965 929 ἐλπίδα
991 870 1313 948 κειράμενον.

136 966 320 1043 [lxi-pb<
342 961 385 1020 δ’
413 961 633 1037 ὄμματα
661 961 831 1037 λυγρὰ
855 959 1286 1037 κατομὸρηθὲντα
1318 959 1510 1036 γόοισιν

198 1051 377 1110 ὤλετο·
402 1051 552 1121 κοινή
582 1073 685 1108 που
712 1049 802 1116 νὺξ
832 1047 927 1124 μία
955 1048 1151 1113 πάντας
1181 1048 1310 1126 ἔχει.

534 1201 670 1250 390.
727 1190 1238 1250 ΑΝΤΙΠΑΤΡΟΥ.

204 1331 469 1402 Κυλλήνην
512 1331 628 1410 ὄρος
660 1330 925 1409 Ἀρκάδων
967 1328 1195 1396 ἀκούεις·

206 1421 323 1489 αὕτη
358 1422 485 1495 σῆμ’
514 1419 733 1478 ἐπίκειτ’
756 1416 1149 1496 Ἀπολλοδώρῳ.

206 1506 419 1578 Πίσηθὲν
446 1529 535 1582 μιν
566 1507 711 1564 ἰόντα
734 1506 917 1572 νυκτὸς
943 1503 1054 1584 ὥρῃ

203 1595 405 1652 ἔκτεινεν
430 1595 613 1654 Διόθεν
645 1593 819 1653 πεσὼν
845 1593 1108 1666 κεραυνός.

202 1686 362 1752 'fv-,tofi
388 1685 431 1740 δ’
460 1685 483 1708 '¹
515 1684 778 1759 Αἷγανέης
805 1705 859 1738 τε
888 1682 977 1738 καὶ
1020 1679 1230 1758 Βεροίης

204 1770 409 1842 νικηθεὶς
435 1769 559 1837 Διὸς
585 1774 613 1830 ὁ
646 1768 865 1848 δρομεὺς
892 1769 1148 1829 καθεύδει.

442 1921 551 1972 391
566 1955 581 1969 .
628 1914 720 1971 ΒΑ
732 1912 932 1971 ΣΣΟΥ
974 1912 1333 1971 ΛΟΑΛῙΟΥ.

151 2054 413 2131 Medon-Lon
448 2051 648 2112 νεκύων
670 2096 686 2124 ,
719 2051 891 2118 πάσας
921 2047 1095 2109 Ἀΐδαο
1123 2051 1386 2118 κελεύθους

210 2142 435 2217 φράγνυτε
452 2163 465 2175 ·
491 2142 587 2197 καὶ
614 2139 845 2214 στομίοις
874 2141 1085 2216 κλεῖθρα
1112 2139 1372 2218 δέχοισθε,
1402 2139 1584 2196 πύλαι.

71 2299 73 2302 y
150 2229 281 2292 Αὐτὸς
306 2228 428 2304 ἐγὼν
458 2227 639 2294 Ἀΐδας
667 2226 834 2285 ἐνέπω
853 2245 867 2260 ·
896 2225 1213 2304 Γερμανικὸς
1240 2225 1441 2304 ἄστρων
1459 2273 1474 2302 ,

71 2321 73 2330 ’
211 2318 287 2372 οὐκ
312 2317 425 2390 ε’μός
442 2339 456 2352 ·
489 2318 551 2374 οὐ
582 2325 743 2394 χωρεῖ
771 2317 873 2386 νῆα
899 2315 1054 2386 τόσην
1086 2312 1331 2392 Ἀχέρων.

322 2467 447 2518 392.
495 2455 998 2516 ΗΡΑΚΛΕΙΔΟΥ
1042 2454 1458 2514 ΣΙΝΩΠΕΩΣ.

71 2601 73 2648 ἒ
156 2599 327 2676 ,λαῖλαψ
347 2599 431 2656 καὶ
457 2594 599 2656 πολὺ
629 2600 771 2670 κ’ὖμα
801 2594 890 2652 καὶ
921 2595 1131 2652 ἀντολαὶ
1158 2591 1511 2671 Ἀρκτούροιο,

71 2749 73 2754 ,
214 2685 287 2742 καὶ
312 2685 479 2752 σκότος
497 2731 515 2759 ‚
550 2683 779 2761 Αἰγαίου
804 2685 853 2740 τ’
882 2673 1037 2758 οἶδμα
1068 2683 1228 2739 κακὸν
1259 2683 1513 2757 πελάγευς
1530 2726 1545 2750 ,

71 2767 73 2770 ’
159 2771 263 2828 ταῦθ’
282 2773 381 2846 ἅμα
402 2773 553 2832 πάνθ’
584 2773 838 2841 ἐκύκησεν
857 2771 988 2847 ἐμὴν
1010 2771 1099 2829 νέα
1117 2770 1329 2847 ·τριχθὰ
1352 2767 1405 2828 δὲ
1430 2769 1669 2833 κλασθεὶς

214 2862 331 2927 ἱστὸς
355 2867 477 2939 ὁμοῦ
504 2859 687 2941 φόρτῳ
710 2859 845 2935 κάμὲ
875 2859 1077 2939 κάλυψε
1108 2861 1268 2936 βυθῷ.

161 2949 355 3023 Νιυηγὸν
382 2952 615 3009 κλαίοιτε
642 2949 765 3030 παρ’
796 2950 1109 3025 αἰγιαλοῖσι,
1134 2952 1315 3023 γονῆες
1332 2993 1347 3019 ,

217 3038 487 3115 Τλησιμένη
501 3083 517 3110 ,
538 3036 726 3117 κωφὴν
758 3037 1075 3113 στησάμενοι
1098 3036 1307 3095 λίθακα.

332 3191 457 3241 393.
502 3180 953 3241 ΔΙΟΚΛΕΟΥΣ
1002 3179 1455 3245 ΚΑΡΥΣΤΙΟΥ,

3210 195 3278 254 34
3291 208 3324 256 ’1

1825 337 1976 384 Terra
2008 333 2133 382 celat
2156 346 2260 382 suae
2284 334 2477 396 portum
2514 331 2768 382 libertatis.
3193 301 3198 304 Ι

2255 480 2365 525 389.
2399 475 2831 524 APOLLOMDAE.

1764 618 1824 666 Et:
1852 617 1968 679 quis
1999 618 2074 664 est
2110 617 2196 678 qui
2227 629 2322 666 non
2362 616 2622 666 exantlavit
2660 617 2842 666 malum
2885 617 3136 673 ultimum.
3167 620 3324 671 filium

1823 705 1909 752 sed
1939 703 2181 766 Posidippi
2204 707 2408 754 cunctos
2433 703 2654 766 sepelivit
2683 705 2858 754 domus
2888 705 3080 768 [unum
3098 707 3323 770 plorans?

1760 795 1992 854 quattuor
2027 789 2196 856 filios,
2237 806 2360 855 quos
2417 793 2633 842 Plutonis
2667 791 2896 856 (fatales)
2933 794 3324 846 eodem-numero

1820 881 2026 928 multam
2045 893 2310 942 puerorum
2337 892 2472 942 spem
2495 879 2830 942 praecidentes.
2883 879 3166 945 [rapuerunt
3192 883 3320 944 dieS,

1762 967 1919 1016 Patris
1937 980 2054 1016 vero
2072 967 2202 1016 oculi
2231 967 2396 1016 tristes
2416 968 2596 1030 perfusi
2613 967 2825 1018 lacrimis

1822 1058 2068 1120 perierunt
2101 1078 2112 1106 :
2143 1057 2438 1118 communie,
2466 1059 2650 1121 opinor,
2689 1073 2782 1108 nox
2815 1073 2916 1109 una
2957 1073 3126 1109 omnes
3159 1059 3320 1108 habet.

2296 1201 2406 1248 390.
2441 1199 2791 1248 ΑΝΤῙΡΑΤΒΙ.

1763 1337 1993 1397 Cyllenen
2017 1338 2234 1385 montem
2259 1337 2500 1386 Arcadum
2528 1351 2631 1387 esse
2657 1337 2823 1400 audis;

1759 1423 1843 1472 hic
1870 1427 2242 1473 monumentum
2262 1427 2523 1487 stat-super
2547 1425 2858 1487 Apollodoro.

1760 1513 1871 1560 Pisa
1890 1511 2028 1561 illum
2045 1511 2330 1561 redeuntem
2351 1515 2584 1562 nocturna
2602 1513 2720 1563 hora

1758 1601 1938 1652 occidit
1955 1604 2038 1651 a-J
2041 1616 2132 1651 ove
2151 1602 2341 1665 lapsum
2359 1603 2561 1652 fulmen.

1759 1691 1932 1740 Procul
1958 1704 2074 1740 vero
2101 1691 2483 1753 ab-AEgadisque
2503 1693 2553 1740 et:
2569 1693 2740 1742 Beroea

1757 1777 1919 1826 victus
1940 1779 2109 1828 a-Jove
2129 1791 2300 1827 cursor
2324 1777 2521 1826 domiit.

2260 1923 2370 1970 391.
2405 1921 2576 1969 BASSI
2609 1921 2831 1968 LOLLII.

1757 2057 2001 2108 ,ianitores
2023 2062 2330 2110 mortuorum
2346 2099 2358 2121 ,
2386 2073 2555 2110 omnes
2581 2060 2693 2108 Orci
2723 2059 2887 2109 aditus

1818 2147 2079 2206 occludite,
2107 2150 2158 2197 et
2180 2148 2315 2198 rimis
2339 2161 2578 2198 serarum
2603 2149 2766 2198 claves
2785 2147 3058 2214 accipiatis„
3078 2149 3248 2211 portae.

1764 2239 1871 2300 lpse
1900 2253 1990 2300 ego
2021 2238 2161 2288 Pluto
2192 2237 2329 2288 edico
2361 2258 2372 2287 :
2401 2239 2716 2288 Germanicus
2735 2241 2975 2288 astrorum
2996 2241 3097 2300 est,

1824 2339 1918 2373 non
1939 2339 2080 2374 meus
2110 2341 2123 2369 ε
2152 2339 2248 2376 non
2277 2326 2407 2389 capit
2435 2341 2609 2377 navem
2629 2329 2811 2376 tantam
2835 2326 3073 2377 Acheron.

2081 2473 2190 2518 392.
2221 2471 2594 2519 HERACLIDAE
2629 2472 3002 2519 SINOPENSIS.

1758 2605 2084 2655 Turbo-venti
2127 2609 2177 2657 et
2201 2609 2389 2658 multus
2413 2609 2618 2668 fluctuso,
2645 2611 2696 2658 et
2721 2611 2860 2658 ortus
2889 2609 3106 2670 Arcturi,

1824 2697 1873 2742 et
1899 2693 2112 2743 tenebrae
2131 2734 2143 2755 ‚
2167 2696 2414 2759 AEgaeique
2435 2699 2601 2745 tumor
2629 2697 2786 2745 malus
2805 2697 2984 2759 pelagi,

1760 2781 1865 2830 lure
1880 2781 2026 2832 simul
2039 2783 2203 2832 omnia
2219 2783 2452 2846 disjecere
2465 2797 2624 2833 meam
2641 2798 2812 2833 navem
2827 2801 2838 2836 ·.
2859 2787 2910 2834 et
2923 2785 3084 2834 in-tria
3113 2785 3300 2836 fractus

1820 2870 1980 2919 malus
2003 2886 2236 2922 una-cum
2257 2887 2404 2922 onere
2427 2871 2576 2923 etiam
2600 2888 2680 2923 me
2706 2873 2942 2924 mersit-in
2961 2875 3216 2937 profundo.

1761 2960 2054 3021 Naufragum
2073 2960 2232 3022 lugete
2246 2959 2389 3020 juxta
2412 2961 2577 3019 littus,
2600 2964 2824 3024 parentes
2838 2999 2850 3022 ‚

1712 3016 1721 3113 Ι
1822 3047 2142 3096 'l'lesimenem
2158 3086 2171 3109 ,
2191 3048 2382 3097 inanem
2402 3052 2673 3098 statuentes
2696 3048 2922 3111 lapidem.

1713 3128 1721 3155 Ι

2161 3192 2271 3239 393.
2311 3190 2560 3239 DIOCLIS
2601 3191 2912 3239 CARYSTII.
3013 3224 3019 3232 .

170 3317 233 3386 Μή
259 3343 310 3391 με
344 3320 445 3379 κόνι
472 3321 739 3401 κρύψητε,
763 3319 818 3377 τί
844 3320 982 3399 γᾶρ;
1015 3320 1175 3388 πάλι,
1208 3318 1331 3393 μηδ’
1364 3318 1451 3377 ἐπὶ
1478 3320 1667 3389 ταύτης
1763 3328 1831 3375 Ne
1860 3341 1936 3373 me
1961 3328 2159 3389 pulvere
2182 3328 2440 3378 occultetis
2463 3330 2597 3391 (quid
2625 3330 2752 3379 enim
2771 3330 2930 3391 Juvat
2943 3330 2982 3389 Ρ)
3008 3342 3203 3389 rursuS,
3232 3344 3326 3381 neu

224 3406 342 3480 ᾐόνος
368 3410 453 3466 οὐκ
478 3408 667 3473 ὀνοτὴν
692 3418 847 3485 γαῖαν
880 3406 997 3482 ἐμοὶ
1020 3405 1207 3467 τίθετε.

172 3492 375 3551 Μαίνεται
400 3494 467 3561 εἷς
499 3521 567 3571 με
590 3498 837 3554 θάλασσα
854 3540 869 3565 ,
896 3495 986 3553 καὶ
1016 3497 1067 3553 ἐν
1090 3494 1300 3571 χέρσοιό
1331 3518 1397 3572 με
1422 3495 1588 3554 δειλὸν

226 3581 412 3655 εὑρίσκει
444 3584 673 3664 ῥαχίαις·
704 3572 809 3641 οἶδε’
840 3606 905 3657 με
934 3586 1031 3653 κήν
1058 3578 1219 3659 Ἀΐδῃ.

174 3666 315 3745 stipo-‹3›
340 3670 654 3731 ἐπεκὸαίνειν
686 3674 732 3730 εἰ
761 3674 886 3745 ἐμεῦ
915 3672 1071 3750 χάριν
1101 3672 1249 3728 ὕδατι
1277 3670 1432 3747 θυμὸς
1451 3716 1467 3746 ,

228 3754 245 3773 “
268 3758 527 3835 πάρκειμαι
550 3764 779 3837 σταθερῇ
815 3758 1073 3835 μιμνέμεν
1100 3763 1171 3826 ὡς
1202 3760 1412 3837 ἄταφος.

225 4060 292 4105 Pro
312 4060 527 4112 libertatis
553 4064 745 4113 vindice
770 4064 883 4113 fecit
906 4064 1100 4113 humus.

649 4174 766 4235 389.
804 4188 1137 4222 nor-nonum.

180 4273 271 4318 lnam
291 4275 459 4337 quidem
482 4280 682 4345 patitur,
712 4281 813 4329 nati
840 4282 923 4345 qui
951 4281 1117 4330 funera
1152 4282 1313 4345 luget,

226 4357 325 4405 Dura
350 4363 615 4430 :Posidippi
632 4366 715 4413 sed
734 4366 951 4429 graviora
978 4366 1170 4427 domus;

183 4443 367 4497 Quattuor
384 4444 473 4495 heu
502 4448 625 4497 natis
648 4448 699 4496 in
732 4458 965 4512 quattuor
985 4449 1105 4498 orba
1129 4448 1297 4498 diebus
1321 4467 1331 4497 :

228 4522 299 4583 Spe
316 4526 473 4576 sobolis
494 4539 675 4595 quanta
701 4530 881 4579 decidit
911 4530 993 4579 ille
1014 4541 1164 4597 pater.

186 4599 256 4649 Yet
274 4606 369 4654 satis
388 4606 473 4658 hoe
498 4612 673 4661 :etiam
706 4612 879 4661 crebro
898 4628 983 4661 sua
1008 4612 1187 4661 lumina
1218 4612 1334 4660 ssetu

232 4688 433 4753 Perdidit,
462 4704 509 4743 et
530 4694 597 4743 sic
619 4711 717 4743 nox
743 4694 963 4744 omnibus
981 4705 1052 4744 est
1069 4696 1249 4745 eadem.

694 4805 810 4867 390·
850 4819 1119 4853 Αιιτιητιιι.

235 4903 399 4964 Cyllene
418 4908 501 4957 tibi
533 4920 671 4959 notus
686 4911 930 4959 Arcadum
958 4926 1095 4961 mons

236 4984 357 5034 Totus
380 5004 461 5054 pro
480 4994 659 5043 tumulo
680 5002 749 5042 est
768 4992 1085 5059 Apollodoro.

1824 3416 2002 3465 littoris
2027 3430 2123 3465 non
2149 3418 2440 3481 culpandam
2465 3420 2671 3468 humum
2698 3420 2814 3467 mihi
2840 3419 3086 3481 imponite.
3155 3420 3326 3482 [hujus

1764 3506 1896 3552 Furit
1917 3504 1962 3552 in
1983 3518 2062 3554 me
2079 3508 2282 3569 pontus,
2311 3508 2362 3556 et:
2385 3506 2434 3555 in
2457 3507 2794 3556 solidae-terrai
2821 3522 2899 3556 me
2925 3507 3160 3585 miserunt

1822 3592 2007 3641 invenit
2033 3594 2242 3657 scopulis
2272 3615 2284 3643 ι
2307 3596 2442 3643 novit:
2459 3609 2537 3644 me
2554 3596 2632 3644 vel
2651 3596 2700 3643 in
2722 3597 2863 3643 Orco.
3151 3589 3162 3640 Ξ

1763 3681 2244 3733 ln-solidam-terram
2271 3684 2508 3733 excedere
2535 3684 2578 3732 si
2601 3684 2696 3731 mei
2724 3697 2870 3733 causa
2895 3697 3036 3745 aquae
3063 3682 3216 3741 lubet,

1825 3770 2120 3819 satis-habeo
2139 3770 2470 3820 in-firmo-solo
2491 3784 2684 3820 manere
2711 3774 2767 3819 ut
2784 3783 2898 3819 sum
2919 3770 3206 3832 insepultus.

1832 4066 1946 4114 visis
1964 4082 2050 4130 per·
2071 4066 2288 4115 tenebras
2309 4068 2399 4115 iter
2425 4082 2668 4131 capessens

1831 4146 2020 4197 Coelesti
2041 4149 2210 4197 cecidit
2229 4158 2464 4197 crematus
2489 4148 2593 4211 igne
2608 4185 2621 4207 ,

1836 4238 2086 4297 Longeque
2113 4238 2314 4295 AEganea
2330 4270 2344 4294 ‚
2369 4233 2534 4297 procul
2555 4235 2742 4285 Beroea,

1835 4318 2016 4365 Cursor
2037 4316 2134 4380 jam
2155 4316 2300 4365 cubat
2318 4332 2345 4364 a
2364 4320 2484 4364 Jove
2504 4324 2776 4379 occupatus·

2161 4444 2274 4505 39⁴²·
2321 4458 2610 4489 nannenus
2643 4453 2935 4486 suanensis.

1769 4570 1875 4617 Nox
1920 4566 2071 4628 gravis
2094 4572 2395 4631 AEgoeumque
2423 4565 2582 4613 furens
2611 4564 2659 4611 iu
2691 4562 2915 4611 fluetibus
2941 4576 3104 4624 requos·

1834 4654 2162 4713 Arcturus-que
2196 4649 2376 4711 oriens,
2402 4657 2450 4697 et
2471 4648 2592 4697 freta
2615 4646 2807 4695 nimbus
2838 4658 3008 4707 agenn

1769 4737 1922 4783 Tanta
1940 4748 2094 4781 meam
2121 4732 2302 4798 petiere
2341 4742 2492 4780 ratem
2521 4732 2674 4791 malin
2703 4729 2854 4778 tracta
2882 4736 2956 4775 ter
2979 4724 3127 4775 arbor

1836 4821 1920 4866 Me
1941 4818 2086 4866 maris
2113 4817 2160 4866 in
2185 4817 2384 4866 fundum
2403 4815 2532 4865 misit
2561 4830 2775 4878 onusque
2803 4811 2960 4860 simul.

1771 4902 2086 4951 'l'lesimenem
2113 4901 2272 4950 tristes
2302 4901 2360 4949 ad
2391 4900 2556 4949 littora
2585 4897 2695 4947 ssete
2715 4906 2959 4963 parentes,

1839 4990 1897 5035 Et
1919 4985 2056 5035 tacite
2086 4992 2138 5034 ut
2165 4994 2322 5035 teneat
2343 5001 2516 5035 nomen
2539 4983 2676 5031 inane
2704 4980 2838 5047 lapis.
