3829 5747
461 191 580 250 432

455 326 566 367 ρειν,
597 308 718 357 τὸτὰ
747 308 867 356 ὅπλα
892 309 1142 358 σκυλεύειν.
1176 310 1242 357 Ex
1267 322 1313 358 v.
1337 313 1365 357 3
1399 329 1411 357 2
1441 308 1694 372 χερμαδίῳ·
1722 309 2012 372 χειροπληθεῖ

456 382 586 439 ὶίθῳ.
612 400 635 421 n
670 382 729 427 B.
754 378 880 428 lllud
905 379 1060 435 male·,
1093 378 1424 441 intelliguntur
1449 378 1650 440 Achivi,
1683 376 1805 428 dum
1837 391 1868 428 a
1891 380 2008 431 Tro·

452 447 578 509 janis
600 448 923 507 caedebantur,
963 443 1120 509 Aiacis
1153 451 1294 496 scuto
1316 448 1366 497 et
1385 447 1668 498 fortitudine
1694 448 1929 511 protecti,
1956 450 2014 498 ut

457 519 520 570 de
546 525 898 583 Agamemnone
923 520 1130 577 Teucer,
1169 520 1421 567 mortuum
1444 516 1636 578 Aiacem
1663 519 1913 581 alloquens
1931 530 2009 579 ap.

458 590 602 653 Soph.
631 602 676 637 v,
712 592 828 638 1269
851 608 862 637 :
883 587 939 637 οὗ
958 588 1018 636 σὺ
1035 586 1252 641 πολλάκις
1269 589 1353 645 τὴν
1371 589 1459 645 σὴν
1478 588 1726 649 προτείνων
1748 587 2009 649 προῦκαμες

457 662 611 723 ψυχὴν
625 660 761 720 δόρει.
780 660 913 707 Plan.
931 660 982 707 et
999 656 1133 706 Suid.
1152 660 1436 722 ὑπέρμαχον.
1456 683 1520 693 —
1534 664 1561 707 2
1582 658 1698 707 Αἶαν
1714 658 2013 716 Brunckius,·

459 734 556 779 αἰὲν
597 728 737 787 cod„
775 728 906 777 Plan.
938 731 991 777 et
1016 726 1171 787 Suid.;
1216 728 1390 787 ἂμυνας
1421 727 1684 789 corrigebat
1709 727 1917 777 Lobeck.
1950 725 2012 774 ad

457 799 606 862 soph.
655 800 727 861 AJ.
771 813 818 861 p.
853 804 942 849 238
970 798 1048 848 ed.
1093 811 1214 857 sec„
1258 800 1436 861 praeter
1468 798 1822 857 necessitatem,
1865 796 2011 847 etiam

455 871 674 919 lieckero
700 867 892 931 judice,
926 868 1013 930 qui
1051 870 1191 932 βαρὺν
1217 882 1332 917 eum
1358 870 1492 927 νηυσὶ
1525 868 1665 931 jungi
1713 868 1850 917 velit.
1901 868 2009 927 Ἄρη

459 940 591 988 l‘lan.
619 942 668 989 et
699 937 834 987 Suid.
866 940 1005 987 Nota}
1023 940 1186 999 partes
1213 938 1369 1000 Aiacis
1401 938 1450 987 iu
1475 952 1638 1001 pugna
1662 938 1726 987 ad
1751 950 1917 997 naves,
1952 936 2008 986 11.

457 1012 516 1057 Ο.
545 1036 605 1045 --
622 1014 652 1059 3
679 1010 777 1057 ὦσε
797 1008 930 1057 Plan.
965 1028 986 1050 «ι
1010 1008 1154 1071 Nepa<
1173 1010 1274 1068 ἰῶν,
1293 1008 1440 1058 Silius
1461 1010 1518 1057 lt.
1539 1012 1580 1069 l,
1607 1014 1690 1057 311
1721 1023 1732 1050 =

565 1142 813 1189 involvunt
835 1147 933 1189 atra
958 1144 1158 1186 telorum
1179 1144 1348 1187 moenia
1367 1142 1502 1189 nube.
1529 1160 1548 1183 ›

463 1272 624 1321 Bois-5.
655 1297 718 1306 —
749 1278 797 1322 5.
835 1272 976 1321 Cous.
1009 1273 1068 1322 11.
1109 1274 1170 1331 Ο,
1213 1277 1323 1323 618.
1349 1298 1414 1308 -
1446 1280 1476 1323 6
1513 1274 1727 1337 ίδρυνθεὶς
1769 1271 1906 1324 Plan.
1952 1298 2013 1305 --

459 1347 489 1393 9
512 1342 752 1403 ἄμπλακεν
769 1340 912 1401 cod„
941 1343 991 1391 et
1007 1340 1078 1390 sic
1107 1340 1260 1390 Boiss.
1291 1367 1352 1377 ·—
1384 1347 1442 1392 10
1467 1342 1582 1391 ἀλλὰ
1607 1347 1688 1404 τεῇ
1705 1342 1839 1391 Plan.

521 1476 775 1525 CXLVIII.
808 1477 1009 1524 Lemma
1030 1494 1042 1523 ι
1062 1475 1126 1531 εἰς
1153 1476 1234 1525 τὸν
1256 1476 1411 1525 αὐτόν.
1437 1496 1462 1519 «ι
1495 1475 1816 1539 Amplificatio
1853 1476 2013 1525 ultimi

461 1543 661 1593 distichi
683 1543 1044 1607 epigrammatis
1070 1543 1407 1606 praecedentis.
1441 1571 1502 1582 —-
1519 1552 1547 1595 2
1567 1548 1837 1609 χρησαμὲνα
1868 1546 2010 1605 Cod.,

459 1614 670 1663 alterum
706 1614 842 1664 Plan.
871 1642 931 1651 —
949 1618 998 1664 4.
1020 1616 1114 1663 Καὶ
1141 1621 1371 1677 μεμαυῖα,
1394 1616 1620 1678 quamvis
1650 1615 1867 1665 studiose
1883 1629 2014 1677 quae-

458 1698 585 1735 rens.
624 1705 648 1729 s
679 1688 791 1736 Jac.
818 1684 994 1735 suidas
1017 1684 1134 1735 hinc
1167 1706 1179 1734 :
1209 1692 1427 1750 μεμαυῖα·
1454 1688 1822 1755 προθυμουμένη,
1848 1690 2011 1751 γλιχο-

461 1756 592 1817 μένη.
618 1757 686 1803 Ex
716 1768 862 1805 versu
899 1759 929 1805 4
959 1774 974 1805 z
1009 1758 1202 1817 Κλωθὼ,
1232 1760 1263 1815 ἡ
1296 1756 1380 1818 μία
1411 1762 1506 1805 τῶν
1547 1760 1750 1820 Μοιρῶν·
1781 1763 1899 1819 τρεῖς
1926 1758 2013 1820 γάρ

458 1827 577 1885 εἰσι,
603 1826 782 1875 Κλωθὼ
799 1862 812 1885 ,
842 1825 1075 1888 Λάχεσις,
1099 1827 1335 1891 Ἄτροπος.
1361 1830 1430 1877 B.
1463 1826 1727 1890 Utrobique
1758 1828 1936 1878 suidas
1964 1831 2012 1877 ἐν

457 1897 686 1953 θνητοῖσιν
709 1896 914 1945 ἐδύνατο.

519 2033 718 2084 CXLIX.
742 2036 944 2083 Lemma
969 2048 980 2077 =
1008 2036 1072 2089 εἰς
1100 2035 1181 2084 τὸν
1209 2034 1374 2085 αὐτόν.
1413 2062 1476 2071 --
1518 2042 1562 2085 2.
1593 2054 1618 2078 «ι
1649 2036 1772 2086 Hinc
1798 2036 1973 2087 suidas
1996 2070 2008 2080 .

457 2100 664 2162 ὀπάσας,
697 2104 796 2153 ἀντὶ
831 2108 914 2153 τοῦ
935 2108 1212 2169 παρασχών.
1245 2132 1306 2141 —-
1329 2108 1375 2154 4.
1407 2104 1528 2154 Hinc
1554 2105 1686 2155 idem
1711 2120 1723 2149 τ
1754 2106 2010 2171 αὐτοφόνῳ·

458 2172 619 2222 ἑαυτὸν
645 2172 862 2223 ἀνελόντι.
892 2193 917 2217 ²»
935 2174 997 2223 B.

519 2302 616 2350 cl..
649 2301 848 2351 Lemma
877 2315 890 2344 ι
929 2303 993 2358 εἰς
1010 2302 1090 2351 τὸν
1117 2302 1272 2351 αὐτόν.
1309 2330 1370 2339 -
1397 2310 1438 2353 ι.

455 2370 637 2420 Suidae.
663 2391 686 2415 >o
711 2374 772 2421 B.

519 2498 637 2547 CLI.
665 2500 896 2548 Lemma:
921 2499 986 2553 εἰς
1017 2497 1192 2547 Αἴαντα
1215 2501 1295 2548 καὶ
1324 2499 1550 2563 Ἕκτορα.
1577 2500 1701 2550 Vide
1731 2502 1787 2551 11.
1819 2503 1880 2563 H,
1918 2508 2009 2553 303

457 2578 613 2629 seqq„
628 2566 774 2629 Soph.
787 2566 861 2629 Aj.
889 2569 1004 2617 1027
1020 2578 1158 2629 seqq.
1177 2592 1241 2603 —
1253 2574 1299 2617 2.
1324 2588 1348 2611 α
1365 2570 1472 2619 Non
1490 2569 1642 2619 nitide
1659 2569 1778 2620 dixit
1796 2573 1858 2627 el:
1878 2572 2011 2620 θάνα-

456 2652 533 2691 τος
550 2672 564 2694 ,
589 2635 722 2696 quod
744 2638 908 2685 tamen
933 2649 1030 2685 non
1059 2635 1368 2688 mutandum.
1397 2638 1567 2689 Voluit
1591 2638 1760 2689 ludere
1778 2641 2014 2705 oppositis

455 2706 720 2766 ἀμφοτέρων
747 2708 799 2755 et
824 2707 905 2762 είς.
941 2726 965 2749 ³»
987 2708 1049 2755 B.
1074 2707 1233 2759 Schol.
1260 2708 1454 2758 Wech.=
1487 2710 1706 2772 γράφεται
1727 2713 1808 2759 καὶ
1838 2714 1894 2773 ἦν
1912 2714 2013 2763 ἀντὶ

456 2780 539 2824 τοῦ
575 2776 655 2832 εἷς.
691 2776 958 2827 Bruuckius
976 2778 1040 2833 εἰς
1058 2776 1266 2828 θάνατον.
1295 2778 1489 2829 Jacobs.
1511 2780 1636 2843 conj.
1661 2783 1710 2829 αῑ
1734 2783 1912 2844 χάριτες
1933 2785 2014 2832 θά-

458 2862 608 2903 νατος.

519 2981 663 3032 CLII.
693 2985 894 3032 Lemma
933 3003 946 3032 :
987 2986 1051 3040 εἰς
1093 2985 1172 3033 τὸν
1211 2985 1351 3034 αὐτὸν
1391 2985 1564 3035 Αἴαντα
1591 2989 1669 3036 καὶ
1697 2987 1903 3050 Ἕκτορα
1934 2991 2013 3039 τὸν

455 3053 668 3114 Πριάμου
683 3089 695 3109 ,
715 3054 792 3101 καὶ
813 3055 876 3108 εἷς
893 3053 954 3102 τὰ
978 3053 1089 3118 παρ’
1106 3055 1315 3114 ἀλλήλων
1341 3055 1485 3118 δῶρα.
1511 3059 1725 3106 Ductum
1743 3070 1806 3107 ex
1829 3058 2017 3122 sopho·

455 3123 544 3172 ciis
565 3123 672 3173 loco
701 3123 847 3172 modo
876 3123 958 3174 cit.
977 3129 1096 3174 -1,
1129 3144 1152 3167 et
1180 3125 1304 3175 Hinc
1325 3125 1498 3175 suidas
1524 3146 1537 3174 ε
1559 3126 1779 3190 φέρασπις
1798 3165 1811 3186 ,
1829 3129 1856 3176 ὁ
1883 3131 2016 3178 πολε-

460 3194 609 3255 μικός.
638 3195 700 3243 Et
725 3206 780 3242 ex
804 3206 852 3242 v.
885 3198 916 3243 4
947 3213 960 3241 ι
993 3197 1237 3258 πείρησαν·
1263 3197 1476 3258 δοκιμὴν,
1497 3197 1755 3260 ἀπόπειραν
1775 3198 1957 3249 ἔλαὸον.
1989 3221 2013 3244 ιο

461 3263 522 3311 B.
547 3294 612 3306 -·
637 3271 664 3313 2
689 3265 844 3326 ἔφερον
870 3264 1004 3314 Suid.
1037 3292 1098 3303 —
1125 3270 1154 3316 4
1179 3267 1390 3330 πείρισαν
1411 3267 1550 3329 cod„
1571 3267 1776 3318 alterum
1811 3269 1944 3320 Plan.
1965 3273 2017 3321 et

464 3332 653 3395 aliquot
675 3333 783 3384 libri
808 3333 986 3384 suidas.
1015 3335 1136 3384 Mire
1154 3335 1308 3385 Boiss.
1336 3336 1578 3399 πείρησαν.
1606 3363 1667 3372 -
1695 3345 1722 3388 5
1743 3339 1826 3388 εἶδ’
1852 3339 2015 3390 suidae

468 3401 599 3451 Leid.
619 3427 680 3438 —
697 3411 742 3452 6.
765 3404 928 3466 Δίφρια
945 3403 1144 3454 adverb.
1165 3418 1252 3468 pro
1267 3405 1409 3468 δίφρῳ
1425 3405 1502 3455 vel
1521 3407 1574 3454 ἐκ
1589 3407 1761 3470 δίορου.
1781 3433 1846 3444 -
1863 3413 1906 3458 7.
1926 3412 2014 3460 Αὐ-

465 3471 679 3533 inactiva,
695 3475 892 3523 enricum
909 3473 1058 3524 coedis
1073 3487 1239 3537 causa,
1259 3477 1316 3525 ut
1333 3475 1494 3525 AEsch.
1517 3479 1649 3538 Sept.
1674 3481 1785 3539 678,
1803 3479 1865 3528 al.
1890 3482 2011 3543 Aiax

463 3539 760 3606 Sophocleus
778 3551 866 3594 565
890 3557 903 3588 τ
935 3546 1108 3609 ἐχθρῶν
1128 3545 1287 3610 ἀδωρα
1305 3547 1449 3609 δῶρα.

517 3677 689 3727 CLIII.
729 3681 928 3729 Lemma
952 3694 964 3723 Ξ
995 3682 1059 3737 εἷς
1097 3682 1270 3730 Μίδαν.
1299 3683 1366 3731 Τὸ
1401 3687 1566 3746 σχῆμα
1602 3683 1768 3739 κύκλος
1786 3722 1801 3744 ,
1826 3684 1876 3734 id
1906 3689 2012 3745 est,

455 3759 626 3797 versus
643 3749 789 3822 etiam
814 3749 1008 3800 inverso
1031 3749 1200 3800 ordine
1222 3750 1317 3814 legi
1340 3754 1570 3814 possunt,
1599 3753 1730 3814 sive,
1753 3755 2010 3808 Platonicis

455 3815 644 3876 verbis,
673 3819 809 3868 οὐδὲν
834 3819 1033 3882 διαφέρει
1059 3820 1202 3870 αὐτοῦ
1222 3826 1402 3884 πρῶτον
1424 3823 1454 3881 ἢ
1471 3823 1673 3871 ὕστατον
1705 3840 1749 3872 τι
1768 3827 2012 3890 λέγεσθαι,

455 3886 693 3947 quiaiiert
703 3886 910 3938 Phaedro
923 3903 971 3953 p.
991 3895 1098 3951 264,
1115 3892 1172 3952 D,
1185 3904 1298 3940 cum
1314 3892 1467 3942 Dione
1477 3892 1650 3955 Chrys.
1669 3896 1755 3944 Or.
1771 3897 2009 3958 XXXVII,

455 3969 504 4019 p.
534 3964 638 4018 120,
666 3961 810 4022 quale
833 3959 914 4009 hic
935 3961 1136 4025 legitur3
1169 3961 1366 4012 duobus
1389 3963 1618 4014 versibus
1644 3965 1836 4016 auctius
1869 3967 2007 4034 Diog.

455 4029 508 4076 L.
538 4030 581 4090 1,
609 4035 687 4088 89,
715 4030 797 4079 ubi
822 4031 1006 4094 liquido
1034 4031 1292 4082 Simonidis
1307 4035 1587 4084 testimonio
1609 4036 1856 4090 Cleobula
1883 4054 2013 4093 asse-

455 4095 592 4145 ritur.
631 4117 655 4140 c«
674 4101 730 4148 ln
764 4111 908 4160 quem
927 4136 940 4158 ‚
973 4100 1286 4163 aenigmatum
1315 4103 1693 4168 griphorumque
1723 4111 1972 4159 auctorem
1994 4150 2007 4172 ,

453 4165 636 4227 optime
665 4169 888 4219 convenit
903 4167 1182 4233 huiusmodi
1213 4171 1382 4232 lusuS,
1411 4173 1462 4223 in
1485 4188 1584 4236 quo
1615 4178 1824 4238 perverti
1846 4181 2010 4242 potest

455 4249 686 4286 versuum
717 4238 838 4286 ordo
855 4277 868 4298 ,
903 4253 1184 4302 quanquam
1214 4241 1381 4292 omissi
1416 4257 1446 4292 a
1473 4243 1673 4294 Platone
1701 4260 1876 4298 versus
1910 4248 2009 4299 duo

456 4305 502 4354 in
528 4320 836 4370 quocumque
864 4313 1137 4360 ceterorum
1158 4311 1324 4361 ordine
1347 4312 1492 4376 sequi
1524 4313 1706 4366 debent
1720 4317 1885 4381 illum,
1911 4320 2011 4383 ὄφρ’

455 4376 510 4423 ἂν
543 4377 743 4438 ὕδωρ...,
771 4381 829 4427 ut
851 4377 1076 4430 dubitem
1109 4394 1172 4429 an
1194 4383 1418 4432 consulto
1443 4397 1529 4434 eos
1554 4385 1772 4438 omiserit
1797 4389 1952 4439 Plato.
1982 4410 2005 4432 ²·

457 4445 733 4510 Heindorf.
766 4448 897 4498 Alios
919 4453 1156 4512 praeterea
1189 4453 1276 4514 qui
1298 4453 1590 4517 epigramma
1617 4454 1711 4506 hoe
1737 4459 2017 4510 retulerunt·

455 4513 634 4565 Iudicat
653 4518 756 4566 Jac.
785 4516 848 4567 ad
863 4518 1095 4569 Analecta
1120 4523 1156 4570 t.
1182 4522 1266 4582 vl,
1286 4534 1336 4584 p.
1363 4527 1464 4572 193.
1493 4551 1556 4564 --
1577 4529 1593 4572 1
1617 4527 1769 4586 χαλκὴ
1799 4527 1922 4578 cod.
1945 4553 2008 4564 —-

457 4591 482 4632 2
519 4585 614 4640 εὖτ’
636 4587 692 4635 ἂν
725 4591 780 4638 et
810 4589 889 4653 ῥέῃ
933 4589 1090 4650 Plan.;
1123 4591 1221 4656 ὄφρ’
1255 4593 1312 4640 ἄν
1349 4593 1487 4644 Plato
1520 4597 1570 4644 et
1601 4595 1698 4644 alii.
1729 4601 1846 4647 Post
1873 4597 2007 4648 hunc

455 4665 650 4704 versum
678 4657 918 4721 Diogenes
950 4680 962 4707 ι

575 4774 724 4832 ἠέλιός
743 4777 784 4822 τ’
803 4777 944 4826 ἀνιὼν
963 4777 1122 4841 λάμπῃ
1137 4816 1152 4840 ,
1169 4781 1360 4844 λαμπρά
1379 4797 1430 4830 τε
1453 4784 1620 4842 σελήνη
1633 4823 1648 4844 ,

577 4847 653 4892 καὶ
677 4847 876 4909 ποταμοί
897 4863 949 4910 γε
968 4851 1154 4912 ῥέωσιν,
1173 4851 1402 4914 ἀνακλύζῃ
1421 4854 1470 4902 δὲ
1491 4855 1723 4905 Θάλασσα·

456 4962 534 5012 alii
573 4963 764 5014 inverso
797 4965 964 5018 ordine
999 4969 1091 5030 (ut
1127 4971 1258 5034 apud
1293 4974 1567 5040 Grotium),
1600 4977 1675 5028 vel
1715 4979 2004 5028 alterutrum

1567 183 1612 235 Α
1623 176 2075 239 NTHOLOGIAE
2118 178 2213 235 ΡΑ
2224 176 2525 237 LATINAE

2100 307 2245 358 modo
2278 308 2521 372 praebent;
2556 321 2604 357 v.
2630 310 2734 357 Jac.
2758 309 2791 357 1.
2814 321 2843 357 c
2879 335 2942 344 —
2964 313 3009 358 3.
3045 326 3067 352 α
3094 308 3217 358 ilinc
3240 309 3437 361 suidas:
3472 312 3649 359 αὐτοῦ
3672 348 3684 365 ,

2099 380 2174 428 ἐπὶ
2192 379 2353 429 τόπου.
2379 398 2403 421 ιι
2425 381 2487 427 Β.
2508 377 2711 429 Bothius
2735 382 2955 441 μενοῦσα.
2981 380 3245 443 Sequentia
3264 380 3334 430 sic
3350 381 3497 439 Cod..
3524 381 3681 429 Plan.

2099 448 2258 510 Suid.,
2285 449 2440 511 Diog.;
2465 450 2784 498 πολυκλαύτου
2802 450 2876 499 ἐπὶ
2902 450 3081 512 τῦμὸου
3110 450 3231 500 Plat.
3259 454 3311 501 et
3334 451 3683 503 Pseudo-lie-

2098 519 2319 570 rodotus.
2338 520 2453 569 Vita
2477 521 2641 579 Hom„
2662 519 2745 580 qui
2764 520 2987 581 sequenti
3010 533 3159 570 versu
3178 520 3326 571 habet
3356 523 3531 583 Μίδης,
3590 535 3683 570 te·

2099 589 2192 639 teri
2213 602 2381 639 omnes
2398 590 2562 645 Μίδας.

2161 717 2323 766 CLIV.
2353 718 2551 765 Lemma
2581 735 2593 763 ι
2614 720 2678 772 εἷς
2696 714 2924 778 Κόροιὸον
2947 714 3101 777 (Cod.
3128 716 3327 779 κόρυδον
3343 718 3379 778 ),
3397 718 3453 767 οὗ
3472 720 3683 781 μέμνη-

2098 803 2174 834 ται
2212 788 2507 849 Καλλίμαχος
2543 786 2591 834 ἐν
2615 788 2659 834 α’
2684 787 2871 835 Αἰτίων.
2901 804 2926 829 α
2954 786 3194 848 Loquitur
3226 790 3375 838 Poene
3402 790 3477 839 vel
3538 790 3683 849 Κήρ.

2101 856 2403 919 Epigramma
2424 856 2687 906 obscurum
2720 856 2888 918 gallice
2916 859 3259 906 converterunt
3287 870 3346 907 ac
3372 859 3511 921 plene
3542 860 3677 909 illu-

2102 929 2318 976 stu-amnt
2350 926 2574 976 Larcher.
2607 925 2660 974 in
2678 928 2879 975 Memor.
2912 926 3059 975 Acad.
3088 927 3337 990 Inscriptt.
3370 931 3409 978 t.
3438 931 3685 989 XLVIII,

2104 1009 2147 1057 p.
2175 1003 2285 1057 295,
2310 1000 2361 1047 et
2379 996 2570 1045 Chardo
2597 995 2745 1046 Roch,
2778 996 2826 1045 in
2846 996 3046 1045 Miscell.
3067 997 3103 1045 t.
3129 998 3169 1057 Ι,
3200 1010 3250 1060 p.
3280 1003 3343 1047 95
3374 1011 3509 1062 seqq.
3540 1021 3573 1043 n
3608 1004 3685 1050 B.

2105 1066 2192 1114 llic
2218 1066 2413 1129 quidem
2442 1069 2553 1129 post
2577 1064 2878 1115 Huschkium
2911 1066 3153 1115 analectis
3188 1066 3321 1117 critt.
3350 1081 3397 1131 p.
3439 1075 3683 1121 189-196.

2104 1136 2439 1186 Callimacheae
2469 1136 2758 1186 narrationis
2790 1136 2993 1199 vestigia
3014 1136 3065 1185 in
3094 1136 3377 1201 fragmentis
3396 1138 3679 1203 diiigenter

2102 1205 2346 1271 indagavit
2363 1207 2565 1256 Becker.
2585 1220 2633 1269 p.
2667 1210 2879 1257 195-204.
2901 1206 3147 1263 Historiae.
3176 1220 3329 1269 quam
3361 1222 3687 1271 persequun-

2102 1280 2185 1327 tur
2204 1278 2465 1328 Pausanias
2487 1280 2525 1339 1,
2544 1282 2625 1335 43,
2652 1276 2682 1339 §
2711 1282 2736 1325 7
2768 1290 2890 1339 seq.,
2918 1276 3104 1327 Statius
3121 1278 3277 1328 Theb.
3303 1281 3342 1329 1.
3372 1287 3461 1331 562
3490 1294 3677 1343 seqq„

2100 1352 2151 1398 et
2168 1349 2343 1411 partim
2371 1351 2539 1398 Conon
2562 1349 2699 1397 Narr.
2720 1349 2848 1407 xlx,
2868 1361 3059 1397 summa
3090 1347 3199 1397 naec
3212 1352 3307 1399 est.
3336 1351 3533 1413 Crotopi
3566 1356 3677 1399 Ar·

2100 1434 2272 1483 gerum
2298 1420 2421 1483 regis
2440 1419 2537 1469 lilia
2556 1418 2813 1467 Psamatbe
2832 1417 2957 1467 elam
2970 1431 3027 1467 ex
3046 1418 3267 1481 Apolline
3284 1420 3471 1483 peperit
3484 1422 3681 1481 filium,

2100 1502 2249 1550 quem
2266 1493 2402 1539 metu
2426 1488 2577 1552 patris
2603 1488 2655 1537 in
2680 1485 2809 1551 agris
2836 1488 3041 1549 exponit.
3073 1488 3314 1539 Infantem
3334 1504 3479 1540 caum
3504 1490 3681 1541 devo-

2100 1562 2237 1617 rant3
2284 1558 2579 1609 Psamathen
2622 1557 2844 1607 vitiatam
2886 1557 3067 1608 oceidit
3106 1562 3263 1621 pater.
3314 1560 3449 1611 Unde
3503 1563 3685 1611 iratus

2100 1630 2268 1691 Apollo
2303 1629 2491 1693 Argivis
2518 1628 2721 1679 immisit
2764 1630 2934 1686 Ποινὴν
2972 1627 3075 1677 sive
3104 1632 3237 1691 Κῆρα
3274 1650 3286 1677 :
3319 1644 3468 1693 quam
3500 1632 3597 1681 diu
3624 1636 3685 1681 et

2100 1698 2375 1749 immaniter
2409 1702 2677 1763 grassatam
2716 1697 2955 1748 interfecit
2982 1698 3220 1749 Coroebus
3246 1700 3458 1763 Argivus
3488 1705 3539 1752 et
3574 1715 3681 1751 ex-

2100 1769 2290 1833 piandae
2328 1770 2479 1820 caedis
2516 1782 2666 1819 causa
2694 1767 2905 1831 Delphos
2945 1768 3286 1831 proficiscitur.
3326 1771 3467 1821 Unde
3500 1772 3549 1821 iu
3588 1786 3686 1835 pa-

2100 1840 2244 1890 triam
2271 1839 2426 1890 redire
2449 1853 2547 1889 non
2579 1838 2895 1903 permittitur,
2921 1837 3009 1887 sed
3028 1837 3269 1901 tripodem
3298 1852 3326 1889 e
3350 1840 3537 1903 templo
3566 1841 3678 1889 tol·

2100 1909 2200 1960 lere
2225 1910 2443 1973 jubetur,
2468 1922 2668 1972 quoque
2690 1908 2735 1958 is
2749 1909 2855 1958 loco
2876 1907 3135 1958 excidisset
3154 1910 3386 1972 portanti,
3411 1910 3481 1960 ibi
3500 1912 3679 1961 aedem

2101 1980 2307 2041 Apollini
2324 1982 2573 2029 exstruere
2594 1979 2743 2040 atque
2773 1978 2937 2041 ipsum
2956 1975 3222 2026 considere.
3248 1979 3356 2026 Hoc
3384 1978 3575 2028 sactum
3608 1979 3683 2027 ad

2102 2049 2356 2099 Ger-aniam
2408 2052 2623 2098 montem
2661 2047 2913 2111 Megaricae
2967 2047 3205 2110 regionis,
3252 2046 3340 2096 ubi
3389 2047 3471 2097 dei
3516 2050 3679 2111 jussu

2102 2118 2338 2169 Goroebus
2368 2118 2707 2181 Tripodiscum
2738 2117 2899 2165 vicum
2930 2116 3162 2176 condidit,
3192 2130 3343 2179 quem
3368 2118 3597 2179 poetice(
3620 2133 3673 2167 ν.

2100 2190 2249 2242 neck.
2298 2202 2347 2251 p.
2391 2195 2477 2239 196
2518 2188 2656 2249 seq.)
2701 2184 3029 2236 Callimachus
3084 2188 3219 2235 πὸὶιν
3253 2186 3465 2236 vocavit.
3514 2188 3679 2237 Addit

2102 2262 2365 2308 Pausanias
2398 2280 2410 2307 :
2440 2259 2650 2321 Κοροίὸῳ
2669 2258 2718 2305 δέ
2746 2258 2843 2305 ἐστι
2870 2256 3007 2317 τάφος
3035 2256 3082 2303 ἐν
3108 2260 3167 2318 τῇ
3206 2258 3459 2319 Μεγαρέων
3496 2258 3677 2319 ἀγορᾷ·

1473 2323 1496 2346 ‘¹
1519 2303 1671 2367 Εὗχθς
1689 2306 1766 2354 ⁰⁴⁵²
1789 2305 2013 2368 καύχημα
2050 2302 2059 2391 J
2099 2332 2355 2393 γέγραπται
2375 2329 2416 2378 δ’
2444 2330 2541 2378 ἐκεῖ
2574 2329 2667 2376 ἐλε
2681 2332 2773 2388 γεῖ
2788 2344 2819 2375 α
2846 2326 2905 2375 τὰ
2927 2326 2973 2381 ἐς
2998 2328 3237 2387 Ψαμάθην
3268 2328 3346 2374 καὶ
3375 2329 3435 2375 τὰ
3456 2326 3502 2382 ἐς
3524 2328 3677 2376 αὐτὸν

2100 2400 2269 2463 ἔχοντα
2286 2398 2525 2462 Κόροιὸον,
2536 2398 2616 2447 καὶ
2628 2398 2685 2456 δὴ
2701 2397 2779 2445 καὶ
2796 2396 2997 2457 ἐπίθημά
3014 2396 3111 2444 ἐστι
3122 2400 3192 2456 τῷ
3204 2394 3340 2458 τάφῳ
3358 2398 3399 2445 1(
3414 2396 3477 2458 ὁρ
3494 2413 3521 2444 ο
3538 2414 3553 2445 ι
3570 2400 3601 2445 6
3610 2416 3641 2445 ο
3654 2416 3675 2452 ς

2100 2469 2367 2533 φονεύων
2413 2470 2519 2528 τὴν
2561 2469 2803 2524 Ποινήν.
2851 2469 3012 2515 Ταῦτα
3056 2466 3300 2526 ἀγάλματα
3344 2468 3674 2523 παλαιότατα,

2102 2542 2257 2590 ὁπόσα
2296 2540 2423 2589 λίθου
2459 2544 2747 2600 πεποιημένα
2789 2539 2913 2587 ἐστὶν
2942 2538 3169 2593 ιῚῑῖλλησιν
3187 2572 3203 2597 ,
3230 2536 3376 2585 ἰδὼν
3404 2538 3531 2585 οἶδα.
3562 2540 3677 2587 Hos

2100 2624 2225 2673 quos
2255 2610 2368 2673 legit
2398 2610 2661 2659 Pausanias
2684 2608 2936 2669 eleqe'acos
2956 2619 3156 2667 versus,
3184 2609 3506 2656 monumento
3532 2608 3673 2669 quod

2100 2681 2223 2729 vidit
2245 2679 2582 2742 antiquissimo
2604 2677 2873 2741 insculptos
2888 2716 2901 2737 ,
2935 2690 3044 2727 esse
3076 2676 3237 2739 ipsum
3263 2676 3565 2739 epigramma
3586 2693 3677 2727 no-

2102 2752 2261 2798 strum
2284 2748 2494 2798 affirmat
2515 2750 2780 2807 HeckeruS,
2812 2749 2955 2811 negat
2976 2746 3268 2807 anschisus,
3298 2748 3487 2809 Heynio
3510 2753 3559 2799 et
3587 2753 3675 2798 Ja-

2104 2817 2268 2867 cobsio
2302 2818 2679 2868 concedentibus
2700 2817 2751 2867 in
2769 2818 2897 2867 hane
2920 2818 3027 2881 ejus
3050 2817 3339 2866 sententiam
3367 2838 3382 2865 ι
3420 2838 3444 2862 «ι
3478 2825 3675 2869 Auctor

2102 2891 2293 2940 nullum
2334 2889 2531 2940 omnino
2558 2893 2749 2954 signum
2793 2895 2907 2939 ante
2946 2887 3116 2938 oeulos
3156 2885 3330 2937 habuit
3344 2925 3357 2947 ,
3414 2891 3505 2940 sed
3540 2905 3675 2940 usus

2104 2963 2264 3018 unice,
2292 2960 2426 3024 qnod
2462 2960 2641 3010 lemma
2662 2961 2809 3010 etiam
2840 2959 3075 3018 declarat,
3100 2957 3381 3008 Callimachi
3406 2967 3641 3024 poemate
3659 3002 3673 3021 ,

2104 3031 2215 3082 inde
2239 3045 2433 3081 carmen
2457 3031 2690 3089 comecit,
2715 3033 2883 3092 aptum
2906 3028 3107 3091 quidem
3137 3028 3319 3078 sabulae
3356 3030 3420 3079 ab
3446 3031 3671 3081 Alexan·
3750 3067 3755 3070 -

2103 3102 2242 3152 drino
2280 3106 2423 3166 poeta
2458 3101 2745 3160 immutatae,
2778 3114 2875 3149 non
2912 3099 3130 3148 histor-iai
3154 3112 3303 3161 quam
3342 3105 3551 3152 secutus
3592 3110 3673 3153 est

2106 3173 2381 3224 Pausanias.
2414 3193 2437 3215 υ
2466 3177 2531 3222 At
2557 3172 2704 3234 hujus
2732 3172 2857 3221 inter
2889 3169 3213 3220 narratIonem
3254 3173 3305 3220 et
3330 3185 3533 3222 carmen
3576 3189 3669 3222 nr-

2102 3249 2257 3294 strum
2274 3245 2454 3294 frustra
2463 3243 2747 3306 quaesiveris
2756 3241 3105 3292 dissensionem
3117 3243 3331 3290 tantam:
3354 3243 3671 3306 aptissimum

2104 3315 2397 3378 epigramma
2411 3319 2479 3376 τῷ
2504 3315 2715 3376 Κοροίὸῳ
2732 3315 2965 3376 φονεύοντι
2983 3312 3066 3370 τήν
3087 3313 3263 3370 Ποινήν
3282 3325 3427 3375 quem
3441 3315 3670 3378 sculptor

2106 3385 2349 3445 tinxerat,
2381 3383 2501 3447 elegi
2526 3387 2719 3447 poetam
2756 3382 2949 3444 sapiunt
2984 3381 3241 3444 antiquum
3270 3385 3323 3432 et
3352 3390 3439 3432 τοῦ
3460 3385 3671 3446 &piato-s

2101 3455 2340 3518 κόμματος
2359 3477 2370 3502 2
2392 3453 2483 3503 hos
2500 3453 2632 3516 ipsos
2650 3467 2710 3502 an
2732 3452 2864 3502 basis
2898 3452 3149 3501 Pausaniae
3178 3451 3283 3501 visa
3300 3452 3593 3514 ostenderit,
3618 3455 3671 3502 in

2102 3524 2288 3574 incerto
2312 3522 2699 3585 relinquendum,
2721 3521 3133 3572 sedtemerarium
3144 3522 3299 3585 magis
3316 3535 3493 3585 negare
3512 3527 3671 3586 quam

2102 3594 2363 3644 affirmare.
2398 3596 2505 3642 Non
2535 3592 2900 3656 praetereundus
2921 3592 3154 3651 Ovidius,
3174 3593 3259 3654 qui
3283 3593 3668 3654 Callimachum,

2102 3666 2159 3713 ut
2181 3665 2398 3724 constat,
2418 3663 2642 3726 exprimit
2658 3663 2707 3712 in
2734 3662 2890 3724 ibide,
2911 3676 2960 3711 v.
2989 3667 3078 3713 575
3098 3675 3254 3725 seqq:

2209 3784 2356 3835 thue
2374 3785 2549 3837 patrem
2568 3780 2828 3824 Psamathes
2842 3810 2855 3828 ,
2877 3779 3046 3824 condat
3066 3782 3111 3824 te
3130 3777 3327 3823 Phoebus
3340 3778 3389 3823 in
3410 3780 3501 3824 ima

2259 3843 2456 3893 Tartara,
2484 3841 2605 3896 quod
2646 3846 2765 3884 nahe
2788 3839 2957 3884 lecerat
2976 3840 3054 3884 ille
3080 3851 3186 3893 suae,
3366 3863 3375 3871 ·

2206 3906 2349 3959 Inque
2365 3906 2468 3947 tuos
2485 3914 2537 3947 ea
2562 3905 2701 3947 Pestis
2718 3905 2807 3953 eat,
2823 3913 2957 3957 quam
2976 3901 3135 3946 dextra
3155 3901 3336 3945 Goraebi

2260 3964 2391 4016 Vicit,
2416 3975 2549 4018 opem
2578 3963 2749 4008 miseris
2772 3963 3081 4017 Argolicisque
3102 3963 3219 4006 tulit.

2100 4094 2160 4103 —
2187 4073 2205 4117 1
2232 4073 2490 4130 μαγαρεῦσι
2521 4069 2598 4114 καὶ
2623 4067 2908 4129 ἰναχὶδεσσιν
2932 4067 3132 4124 Coelen
3167 4080 3293 4115 corr.
3320 4065 3662 4121 Ruhnkenius.

2102 4157 2125 4180 α
2148 4137 2323 4187 suidas
2348 4158 2361 4188 ·.
2382 4139 2617 4198 ἄθυρμα...
2632 4139 2731 4186 ἀντὶ
2745 4143 2830 4186 τοῦ
2849 4139 3053 4200 ἀγαλμα.
3074 4141 3233 4194 Quam
3256 4135 3662 4201 significationem

2100 4209 2182 4257 hic
2208 4207 2369 4257 valere
2396 4207 2595 4271 opinor3
2625 4208 2749 4257 coris.
2774 4210 2859 4266 Vl,
2881 4221 2955 4270 ep.
2985 4213 3064 4266 37,
3090 4213 3137 4257 3.
3170 4210 3231 4258 B.
3264 4209 3386 4257 ltem
3413 4209 3660 4269 Huschk.,

2098 4281 2250 4340 Heyu.
2272 4281 2325 4328 et
2340 4279 2445 4326 Jae.
2473 4280 2543 4326 Τα
2566 4281 2629 4332 εἰς
2658 4279 2879 4340 Κόροιὸον
2902 4279 2991 4333 ἔπη
3016 4278 3280 4328 Pausanias
3296 4281 3511 4328 testatur
3526 4285 3663 4328 κοινὰ
3712 4343 3719 4346 -

2098 4350 2213 4399 εἶναι
2234 4354 2327 4402 τοῖς
2348 4350 2611 4412 Μεγαρεῦσι
2638 4351 2718 4396 καὶ
2740 4355 2834 4402 τοῖς
2864 4347 3091 4410 Ἀργείοις.
3114 4375 3174 4384 -·
3203 4355 3247 4398 2.
3280 4369 3307 4390 «ι
3331 4350 3553 4398 'Badiza-⁴
3582 4365 3659 4400 re-

2098 4419 2261 4470 ferunt
2277 4418 2340 4469 ad
2365 4420 2570 4482 ἄθυρμα.
2609 4419 2706 4468 Sed
2724 4419 2887 4468 malim
2918 4433 3035 4468 cum
3072 4419 3299 4468 Jacobsio
3320 4433 3407 4482 pro
3424 4418 3662 4470 adverbio

2092 4487 2274 4539 habere
2302 4503 2315 4532 z
2349 4501 2509 4552 quum
2535 4487 2825 4538 Psamatbe
2860 4490 3043 4538 contra
3069 4492 3161 4551 jus
3187 4488 3375 4552 sasque
3397 4491 3660 4552 perieris,

2096 4572 2127 4607 a
2152 4563 2307 4622 patre,
2328 4563 2385 4609 ut
2402 4562 2614 4618 narrant,
2644 4559 2755 4608 viva
2783 4558 2995 4619 defossa,
3024 4559 3157 4622 quod
3188 4559 3399 4609 furtivos
3422 4561 3660 4622 Apollinis

2096 4643 2287 4679 amores
2306 4630 2507 4678 mentita
2540 4643 2650 4679 esse
2684 4629 3079 4680 existimabatur.
3110 4651 3134 4674 ι»
3164 4633 3227 4680 B.
3254 4655 3317 4668 --
3338 4635 3367 4681 3
3400 4635 3658 4694 τυμὸοῦλος

2095 4699 2231 4748 Suid.
2258 4699 2308 4749 in
2327 4701 2444 4762 Κήρ,
2468 4699 2605 4762 quod
2638 4699 2870 4749 ridiculos
2900 4713 3089 4750 errores
3112 4701 3315 4765 peperit.
3354 4706 3481 4751 --4.
3512 4722 3537 4746 κ
3554 4703 3658 4752 ·1·π’

2096 4773 2225 4832 ἐμοῖς
2244 4772 2408 4830 ποσσί,
2430 4771 2481 4820 id
2504 4772 2652 4820 estin
2687 4772 2898 4823 tumulo.
2934 4791 2957 4815 υ
2988 4775 3151 4834 lleyn.
3182 4772 3275 4821 Διὰ
3296 4771 3493 4834 τρίποδα
3529 4776 3653 4824 rel'e·

2097 4840 2302 4890 rendum
2328 4840 2392 4890 ad
2424 4843 2545 4902 ὠδε,
2576 4841 2797 4906 Megaris.
2820 4849 2945 4892 —5.
2978 4843 3058 4892 Sic
3088 4841 3305 4906 append.
3342 4855 3420 4905 ep.
3456 4848 3568 4906 272,
3590 4853 3615 4895 2
3644 4867 3655 4894 :

2096 4910 2225 4972 φάμα
2242 4912 2421 4972 Δελφίδι
2447 4911 2725 4973 πειθόμενοι.
2750 4932 2773 4954 κ
2800 4911 2927 4961 Hinc
2944 4912 3150 4962 Suidas=
3180 4915 3362 4976 Δελφὶς,
3382 4917 3413 4971 ἡ
3432 4916 3656 4974 Askra-b„

2094 4983 2125 5037 ἡ
2150 4985 2233 5029 τοῦ
2247 4981 2540 5038 Ἀπόλλωνος.
2563 5009 2623 5017 -
2642 4992 2670 5032 6
2700 4982 2973 5046 intelligunt
2998 4985 3151 5034 κείνου
3176 4984 3237 5034 de
3263 4985 3497 5048 Apolline,
3520 4989 3657 5050 cujus
