3829 5747
951 167 1196 226 CAPUT
1235 167 1332 226 Vl.
1383 168 1935 230 EPIGRAMMATA
1978 169 2506 231 DEDlCATORIA.

263 299 474 375 Κλείτωρ
497 299 540 355 δ’
577 301 635 354 ἐκ
666 296 879 374 βυθίων,
907 297 989 356 σὀὶ
1017 301 1175 364 τάδε,
1209 297 1348 371 Πὰν,
1383 301 1591 373 ἔθεσαν,

195 389 308 454 ξυνὸν
331 386 571 466 ἀδελφειοὶ
595 387 756 467 θήρης
784 386 956 465 γέρας,
981 388 1136 453 ἄλλος
1160 387 1250 445 ἀπ’
1281 389 1474 460 ἄλλης,

255 477 342 556 ἴδρι
360 476 420 533 τὰ
445 475 535 533 καὶ
561 475 713 554 γαίης
731 518 748 546 ,
775 474 882 553 ἴδρι
910 475 977 534 τὰ
1011 476 1102 534 καὶ
1125 475 1395 553 πελάγευς.

3228 174 3332 230 iol
3412 256 3419 262 γ

1850 309 2005 360 Clitor
2024 323 2079 360 ex
2101 309 2743 374 ‹legentibus-in-prosund3‚
2776 301 2889 358 hrec‘
2915 309 3019 370 tibi,
3056 313 3180 370 Pan,
3202 322 3343 371 posu-

1787 412 2040 456 commune
2061 399 2233 448 fratres
2252 398 2520 448 venationis
2544 397 2819 461 praemium,
2846 397 2971 447 alius
2994 397 3055 446 ab
3078 397 3188 456 alia,
3225 396 3341 459 [cre,

1849 485 2003 548 perite
2030 499 2197 535 eorum
2214 499 2327 548 quae
2348 487 2465 534 sunt
2490 487 2652 544 terrae,
2680 485 2833 548 perite
2851 488 2902 535 et
2930 499 3043 547 quie
3061 485 3232 548 pelagi.

133 579 152 616 ὃ
193 565 298 624 'Avo'
323 556 387 622 ὧν
409 567 479 645 τῷ
502 563 595 640 μὲν
624 563 744 630 ἁλὸς
763 609 781 636 ,
815 565 892 642 τῷ
925 563 973 620 δ’
996 563 1180 644 ἠέρος,
1204 556 1245 642 ᾧ
1275 567 1322 622 δ’
1349 564 1454 622 ἀπὸ
1486 567 1698 644 δρυμῶν
1792 577 1884 622 Pro
1910 572 2091 636 quibus
2110 575 2169 622 tu
2187 572 2303 622 huic
2326 587 2387 622 ex
2414 573 2569 634 mari,
2595 573 2663 621 illi
2690 587 2745 622 ex
2770 587 2905 632 aere,
2936 573 3080 622 tertio
3098 585 3153 622 ex
3173 586 3338 621 nemo-

257 656 408 730 πέμπε
433 653 615 733 κράτος
643 653 840 732 ταύτῃ,
868 654 1080 729 δαῖμον,
1114 655 1197 711 ἐπ’
1229 653 1466 732 εὔσεὸίῃ.

494 830 622 881 183.
662 820 1010 880 ΖΩΣΙΜΟΥ
1047 820 1352 882 ΘΑΣΙΟΥ.

191 991 267 1050 Σοὶ
285 989 416 1065 τάδε,
446 987 580 1062 Πὰν,
610 989 855 1068 θηρευταὶ
880 989 1248 1068 ἀνηρτήσαπο
1275 987 1520 1064 σῦναιμοι

253 1077 430 1150 δίκτυα,
450 1077 750 1156 τριχθαδίης
772 1079 916 1156 δῶρα
943 1077 1277 1154 κυναγεσίης·

195 1168 357 1244 Πίγρης
383 1167 470 1240 μὲν
491 1169 719 1234 πτανῶν,
755 1164 990 1244 Κλείτωρ
1015 1164 1138 1230 ἁλὸς
1154 1210 1170 1238 ,
1202 1163 1255 1231 ὃς
1280 1167 1324 1223 δ’
1351 1165 1454 1224 ἀπὸ
1480 1164 1693 1243 χέρσου,

255 1263 402 1330 Δᾶμις
419 1298 433 1322 ,
461 1252 791 1331 τετραπόδων
820 1251 1042 1332 ἀγκύλος
1069 1253 1367 1332 ἶχνελοίτης.

192 1344 320 1402 Ἀλλὰ
351 1343 406 1399 σὺ
433 1345 526 1410 κήν
555 1343 828 1420 δρυμοῖσι,
857 1341 948 1398 καὶ
971 1345 1046 1400 εἰν
1078 1341 1168 1399 oin
1187 1387 1206 1417 ,
1233 1341 1326 1402 καὶ
1347 1341 1436 1400 διὰ
1469 1341 1666 1418 μέσσης

251 1432 380 1510 ἠέρος
401 1431 612 1508 εὔαγρον
633 1431 808 1490 τοῖσδε
833 1429 976 1488 δίδου
1020 1428 1280 1506 κάματον.

653 1600 775 1651 184.
821 1603 938 1648 ΤΟΥ
975 1601 1183 1648 ΑΥΤΟΥ.

193 1752 363 1831 'spissi
387 1754 502 1812 τάδε
524 1754 724 1830 τρισσοὶ
749 1753 1084 1834 θηραγρέται,
1109 1755 1265 1820 ἄλλος
1294 1756 1386 1812 ἀπ’
1413 1755 1574 1828 ἄλλης

255 1841 441 1919 τέχνης,
467 1843 590 1920 πρὸς
609 1845 721 1921 νηῷ
751 1840 930 1908 Πανὸς
986 1843 1159 1900 ἔθεντο
1186 1841 1322 1901 λίνα·

195 1930 362 2006 Πίγρης
383 1930 467 2004 μὲν
494 1939 770 1988 πτανοῖσιν
799 1931 936 2010 ἐφεὶς
964 1929 1140 2008 βόλον,
1170 1933 1222 1988 ἐν
1249 1933 1294 1989 δ’
1330 1931 1549 1990 ἁλίοισιν

257 2018 488 2092 Κλείτωρ,
517 2021 567 2076 ἐν
597 2018 782 2096 θηρσὶν
808 2023 986 2093 Δᾶμις
1011 2019 1378 2096 ἐρημονόμοις.

191 2106 408 2177 Tatium,
427 2107 560 2184 Πὰν,
578 2105 672 2165 τὸν
690 2105 784 2184 μέν
799 2129 859 2182 γε
874 2107 942 2165 δι’
955 2107 1176 2186 αἰθέρος,
1198 2106 1254 2165 ὃν
1276 2109 1322 2165 δ’
1338 2107 1443 2166 ἀπὸ
1461 2107 1684 2188 λόχμης,

251 2194 328 2252 τὸν
351 2195 400 2252 δὲ
424 2195 485 2252 δι’
513 2196 768 2271 αἰγιαλῶν
799 2193 880 2259 θὲς
909 2194 1345 2274 πολυαγρότερον.

643 2365 764 2414 185.
806 2366 924 2410 ΤΟΥ
961 2366 1175 2412 ΑΥΤΟΥ.

193 2488 322 2567 Βριθὺ
343 2489 428 2564 μὲν
453 2491 723 2570 ἇγραύλων
751 2491 872 2551 τόδε
904 2492 1110 2550 δίκτυον
1139 2491 1322 2551 ἄνθετο
1350 2496 1519 2572 θηρῶν

253 2583 429 2652 Δᾶμις,
453 2582 538 2638 καὶ
567 2581 772 2658 Πίγρης
799 2582 1103 2652 πτηνολὲτιν
1129 2582 1371 2661 νεφέλην,

189 2667 438 2725 ἁπλότατον
461 2667 507 2725 δ’
533 2670 619 2729 ἁλὶ
647 2673 801 2729 τοῦτο
827 2669 1140 2750 μιτοῤῥαερὲς
1170 2670 1572 2750 α’μφίὸληστρον

255 2755 481 2832 Κλείτωρ,
505 2757 704 2836 εὖθῆρῳ
731 2757 871 2818 Πανὶ
893 2758 1326 2837 προσευξάμενοι.

187 2843 408 2919 Τοῦνεκα,
440 2845 574 2917 Πὰν,
601 2851 840 2927 κρατερῷ
869 2846 994 2926 πόρε
1019 2847 1217 2923 Δάμιδι
1239 2847 1398 2922 ληΐδα
1422 2851 1619 2928 θηρῶν,

249 2935 398 3013 lli-(pr,
423 2936 464 2994 δ’
492 2939 712 3009 οἰωνῶν,
747 2936 988 3015 Κλείτορι
1019 2938 1064 2993 δ’
1092 2936 1349 2997 εἷναλίων.

426 3117 552 3167 186.
597 3106 908 3165 ΙΟΥΛΙΟΥ
948 3107 1407 3166 ΔΙθΚΑΙΞΟΥΣ.

181 3270 344 3329 Ain-02
369 3275 442 3331 σοὶ
465 3275 617 3350 τάδε,
656 3276 794 3345 Πὰν,
825 3276 1151 3352 ἀνεθήκαμεν
1179 3278 1204 3299 *
1233 3266 1368 3341 οἶκος
1392 3276 1626 3357 ἀδελφῶν

243 3362 280 3415 οἱ
301 3370 455 3439 τρεῖς,
485 3363 536 3430 ἐξ
563 3362 742 3440 ὀρέων,
766 3362 942 3441 ἠέρος,
968 3367 1026 3421 ἐκ
1046 3364 1318 3441 πελάγευς.

181 3448 494 3508 ἈΔικτυῖολει
520 3450 684 3529 τούτῳ
714 3450 766 3508 δὲ
793 3454 921 3531 παρ’
950 3452 1139 3523 ἠϊόνων
1167 3452 1525 3532 κροκάλαισιν·

241 3539 260 3557 '
287 3536 538 3615 θηροὸόλει
559 3538 726 3619 τούτῳ
751 3538 794 3596 δ’
815 3539 996 3617 ἄγκεσι
1028 3538 1342 3621 θηροτόκοις·

229 3781 368 3829 Damis
394 3782 748 3847 quadrupedum
769 3798 874 3848 quae
886 3783 997 3847 juga
1024 3784 1148 3832 celsa
1178 3793 1368 3843 tenenu

177 3863 270 3909 Tres
289 3862 396 3923 tibi,
421 3868 534 3921 Pan,
563 3864 732 3913 fratres
749 3865 950 3925 donant,
983 3880 1068 3914 sua
1099 3866 1298 3931 quisque
1321 3866 1485 3931 periti,
1551 3874 1558 3881 ⁴

229 3946 304 3994 llic
325 3948 484 4003 nubes,
516 3946 596 3997 hic
612 3964 778 4013 aquas,
803 3948 882 3998 hic
900 3950 1106 4015 spoliare
1127 3949 1300 3999 solum.

177 4029 248 4073 Pro
269 4028 432 4093 pietate
454 4028 604 4077 vicem
631 4039 682 4079 tu
713 4028 958 4089 fratribus,
984 4030 1164 4096 optime
1191 4031 1394 4091 Dis-nm,

225 4113 299 4156 Per
317 4112 472 4167 saltus,
499 4128 584 4177 per
599 4128 764 4177 aquas,
788 4121 838 4160 et
865 4128 951 4177 per
982 4113 1121 4160 inane
1143 4110 1287 4161 refer.

647 4280 756 4329 183.
784 4296 940 4327 zosim
975 4296 1140 4329 russii
1154 4316 1169 4341 ‚

755 4409 814 4459 de
837 4410 1017 4460 eodem.

169 4534 420 4595 Scupi-ualere
439 4536 528 4586 tibi
561 4546 681 4596 tres,
709 4540 806 4585 Pan
829 4535 1073 4596 venatice,
1100 4535 1270 4585 fratres
1286 4571 1300 4595 ,

217 4618 318 4677 Quae
341 4620 398 4668 de
422 4630 594 4669 venatu
619 4618 808 4684 triplice
829 4619 954 4668 dona
978 4619 1170 4679 ferunt3

167 4698 314 4762 Nempe
335 4701 488 4765 Pigres
505 4701 688 4761 avium,
711 4701 794 4749 sed
818 4700 970 4750 Clitor
985 4701 1048 4749 ab
1068 4716 1281 4764 aequore.
1311 4700 1470 4750 Darnis

213 4788 250 4828 A
263 4784 410 4844 terris,
433 4786 605 4835 sollers
621 4786 862 4850 exagitare
880 4783 1018 4834 feras.

163 4862 218 4908 'l'n
241 4862 300 4911 fac
323 4878 372 4915 ut
389 4866 504 4917 huic
527 4884 630 4926 aer,
659 4865 734 4915 sae
764 4874 817 4915 ut
839 4866 916 4915 isti
939 4867 1102 4923 saluis,
1131 4875 1180 4915 et
1204 4868 1272 4916 illi

216 4946 306 4993 Ρίιις
321 4949 458 4997 solito
483 4949 660 5017 praedae
685 4948 848 4997 littora
871 4964 1017 4997 curva
1049 4947 1218 4999 ferant.

1851 663 1990 713 mitte
2012 662 2283 724 victoriam,
2304 676 2333 711 ο
2348 661 2556 722 daemon,
2575 661 2702 710 hanc
2722 660 2785 710 ob
2798 662 3045 724 pietatem.
3174 662 3331 724 [ribus

2255 826 2356 871 18³.
2389 823 2596 871 zosnn
2627 825 2711 870 ΤΗ
2719 825 2851 873 Asu.

1785 993 1891 1042 Tibi
1918 993 2042 1054 haec,
2066 997 2183 1054 Pan,
2204 997 2460 1044 venatores
2478 995 2838 1058 suspenderunt
2859 997 3198 1060 consanguinei

1846 1082 1969 1131 retia
1983 1081 2214 1145 ,triplicis
2235 1081 2361 1131 dona
2383 1083 2653 1133 venationis
2678 1105 2691 1131 ι
2971 1085 3027 1148 [a
3046 1087 3337 1146 continente,

1785 1170 1949 1232 Pigres
1984 1169 2182 1232 quidem
2222 1170 2508 1230 volatilium,
2540 1171 2691 1221 Clitor
2718 1176 2883 1222 autem
2916 1187 2945 1223 a
2982 1174 3137 1236 mari,
3166 1176 3340 1225 tertius

1843 1257 2028 1316 Darnis,
2050 1255 2423 1319 quadrupedum
2452 1261 2650 1308 astutus
2676 1259 3005 1324 investigator.

1786 1349 1846 1395 At
1869 1349 1925 1394 tu
1950 1349 1999 1394 et
2023 1346 2073 1393 in
2089 1345 2385 1404 nemoribus,
2410 1347 2530 1396 etin
2544 1347 2683 1406 mari,
2705 1349 2823 1397 etin
2844 1349 3004 1398 medio

1845 1447 1957 1482 aere
1979 1433 2163 1496 praedae
2179 1431 2381 1483 divitem
2407 1432 2543 1484 hisce
2570 1435 2734 1498 praehe
2757 1435 2989 1486 laborem.

2336 1605 2439 1651 184.
2492 1615 2553 1654 Β]
2564 1613 2788 1656 usmm.

1781 1772 1894 1820 'ri-ia
1912 1768 2023 1819 haec
2048 1773 2150 1820 tres
2168 1774 2422 1822 venatores
2439 1811 2452 1832 ,
2477 1773 2604 1822 alius
2629 1772 2691 1821 ab
2712 1773 2807 1823 alia

1847 1861 1977 1920 arte,
2002 1858 2067 1908 ad
2092 1859 2260 1909 sanum
2280 1861 2423 1910 Panis
2441 1874 2649 1925 posuere
2672 1861 2801 1910 lina:

1782 1940 1948 2004 Pigres
1973 1939 2152 1990 avibus
2185 1940 2453 1991 immittens
2466 1944 2569 1990 rete
2584 1979 2596 2001 ,
2636 1940 2852 2005 piscibus

1842 2020 2011 2080 Clitor,
2042 2019 2157 2069 seris
2181 2019 2349 2070 Darnis
2366 2019 2609 2084 solivagis.

1779 2100 2060 2160 Propterea,
2099 2101 2213 2158 Pan,
2233 2097 2373 2146 illum
2391 2111 2476 2160 per
2499 2097 2752 2158 aetherem,
2771 2098 2905 2150 hunc
2922 2113 3040 2150 vero
3058 2115 3089 2152 a
3114 2102 3335 2166 saltibus,

1843 2182 2043 2233 tertium
2067 2195 2152 2246 per
2169 2182 2314 2232 litora
2328 2181 2473 2232 facito
2496 2183 3067 2236 venationis-feliciorem.

2344 2348 2447 2393 185.
2493 2355 2791 2399 Esusmm.

1782 2502 1942 2549 Grave
1968 2500 2167 2563 quidem
2191 2501 2285 2551 hoc
2307 2501 2605 2552 silvestrium
2634 2507 2736 2554 rete
2768 2504 3011 2556 dedicavit
3040 2507 3249 2559 serarum

1843 2589 2027 2650 Darnis,
2049 2593 2099 2638 et
2122 2589 2286 2652 Pigres
2312 2589 2740 2652 aves-perdentem
2768 2589 2967 2652 nubem,

1779 2677 2190 2740 snnplicissimum
2208 2677 2267 2739 (?)
2284 2681 2449 2728 autem
2472 2678 2593 2727 mari
2625 2677 2722 2726 hoc
2745 2677 3198 2730 ex-filis-consutum
3213 2687 3315 2732 rete

1839 2765 2008 2825 Clitor,
2031 2765 2437 2816 bene-venantem
2457 2768 2590 2814 Pana
2620 2770 2923 2817 venerantes.

1778 2855 2101 2917 Quapropter,
2129 2856 2245 2914 Pan,
2280 2853 2393 2903 forti
2417 2852 2610 2904 Damidi
2640 2867 2758 2917 para
2777 2854 2993 2919 proedam
3013 2855 3244 2915 serarum,

1842 2942 2094 3005 Pigraeque
2112 2940 2297 3003 avium,
2324 2944 2375 2992 et
2393 2941 2563 2993 Clitori
2582 2943 2897 2994 marinorum.

2246 3118 2350 3163 186.
2390 3114 2419 3161 J
2426 3115 2553 3164 ULII
2583 3115 2849 3163 DlocLlS.

1778 3274 1917 3324 Retia
1934 3274 2023 3325 tibi
2042 3272 2166 3333 haec,
2194 3276 2311 3335 Pan,
2337 3274 2673 3325 dedicavimus
2689 3278 2859 3325 votum
2893 3262 3117 3337 frati-um,

1839 3362 1927 3425 qui
1949 3376 2129 3412 sumus
2150 3364 2267 3423 tres,
2288 3376 2350 3412 ex
2373 3362 2639 3424 montibus,
2659 3377 2771 3414 aere
2784 3403 2797 3425 ,
2816 3366 3000 3429 pelago.

1775 3452 1837 3501 Et
1855 3451 2140 3514 reti-piscari
2170 3450 2285 3501 huic
2307 3450 2436 3502 dona
2457 3452 2519 3501 ad
2538 3453 2758 3503 littorum
2780 3455 2985 3518 lapillos,

1842 3540 2009 3602 illique
2032 3540 2333 3590 seras-ferire
2356 3539 2405 3590 in
2425 3540 2636 3591 vallibus
2666 3534 3180 3607 nbi-serae-gignuntur

2370 3786 2478 3832 185.
2521 3799 2753 3845 uusnzn,

2424 3882 2484 3932 de
2506 3883 2688 3933 eodem.

1779 3979 1899 4049 Κεὶς
1924 3974 2051 4039 quod
2079 3974 2311 4039 implicuit
2338 3990 2587 4025 cervorum
2611 3993 2815 4043 corpora
2839 3980 3001 4029 Darnis
3022 4017 3036 4039 ,

1844 4059 2055 4108 Alitibus
2082 4057 2304 4107 nebulam
2335 4058 2521 4109 vincula
2544 4072 2675 4111 certa
2709 4064 2895 4126 Pigres;

1777 4142 2083 4192 Verriculum
2114 4142 2263 4207 pelagi
2286 4142 2346 4190 de
2370 4152 2502 4193 textu
2521 4145 2736 4210 simplice
2757 4148 2927 4206 Clitor,

1839 4227 2015 4275 Juncta
2042 4225 2133 4291 piis
2158 4227 2377 4291 precibus
2403 4244 2599 4277 muner-n
2630 4231 2747 4293 Pani
2759 4230 2935 4281 ferunt.

1774 4310 1880 4369 Tu,
1901 4311 1997 4355 Pan
2014 4344 2028 4367 ,
2054 4308 2198 4356 redde
2222 4308 2371 4357 vicem
2399 4325 2411 4358 ε
2446 4312 2619 4359 multos
2642 4312 2713 4361 sac
2736 4313 2916 4363 Cliton-n
2950 4314 3094 4379 pisces
3114 4352 3128 4375 ,

1843 4392 1933 4437 Fac
1954 4388 2124 4453 Pigren
2149 4390 2383 4451 volucres,
2406 4392 2577 4440 Damin
2603 4390 2782 4443 habere
2813 4394 2949 4444 seras.

2304 4501 2413 4549 186.
2450 4516 2582 4549 sunu
2610 4518 2804 4553 procus
2822 4539 2838 4565 ,

2422 4606 2481 4655 de
2504 4608 2687 4661 eodem.

1776 4708 1887 4753 liaec
1913 4704 2125 4755 fraterna
2148 4706 2315 4756 domus
2340 4708 2427 4758 tibi
2442 4744 2457 4765 ,
2488 4714 2587 4759 Pan
2610 4715 2803 4777 Tegeaee
2818 4750 2833 4771 ,
2855 4730 3092 4763 sacramus

1839 4786 1981 4835 Retia
2005 4788 2063 4835 de
2090 4789 2227 4845 coelo,
2254 4790 2515 4852 montibus,
2542 4802 2686 4858 atque
2706 4796 2843 4845 mari.

1773 4872 1846 4918 'l'u
1869 4868 1944 4918 fac
1976 4870 2179 4934 piscator
2196 4869 2307 4919 felix
2336 4872 2463 4921 sitin
2499 4876 2701 4940 aequoris
2728 4878 2863 4926 undis
2882 4915 2897 4939 ,

1845 4951 1935 4999 Ille
1965 4950 2090 4999 leves
2122 4950 2274 5017 capiat
2298 4956 2505 5019 perjuga
2544 4966 2671 5007 vasta
2692 4957 2812 5008 seras
2850 4977 2863 5010 ι
