3829 5747
426 119 530 206 οι
1554 137 2059 198 ANTHOLOGIAE
2103 134 2503 195 PALATmAE

425 274 712 354 Τρισσάκις
741 271 1021 348 εὐδαίμων,
1047 263 1106 336 ἇς
1131 271 1218 328 καὶ
1251 269 1451 347 Κύπρις
1479 268 1706 327 ὥπλισεν
1727 269 1901 344 εὐνὰν,

505 363 593 420 καὶ
625 361 798 421 Πειθὼ
817 361 1029 436 μύθους,
1058 357 1147 414 καὶ
1174 356 1338 433 γλυκὺ
1369 349 1768 434 κάλ).ος”Ερως.

943 503 1064 552 196.
1101 503 1221 548 ΊὈΥ
1257 503 1467 547 ΑΥΤΟΥ.

427 621 694 702 Ζηνοφίλα
713 621 899 684 κᾶλλος
929 620 1024 693 μὲν
1049 613 1225 696 Ἔρως
1242 661 1260 687 ,
1287 615 1532 694 σύγκοιτα
1563 613 1616 672 δὲ
1647 615 1835 694 φίλτρα

507 709 711 788 Κύπρις
734 706 923 764 ἔδωκεν
949 704 1086 784 ἔχειν
1104 749 1119 776 ,
1145 705 1200 762 αἱ
1221 703 1445 781 Χάριτες
1473 702 1526 759 δὲ
1558 701 1734 780 χάριν.

939 851 1056 902 197.
1099 851 1215 896 ΤΟΥ
1250 851 1462 896 ΑΥΤΟΥ.

429 969 534 1028 Ναὶ
555 969 630 1045 μὰ
656 969 743 1028 τὸν
773 969 1100 1042 εὖπλόκαμον
1130 969 1182 1026 Τ
1187 971 1331 1041 ιμοῦς
1362 963 1623 1046 φιλέρωτα
1654 963 1896 1036 κίκιννον,

504 1057 590 1114 ναὶ
618 1057 910 1136 μυρόπνουν
934 1059 1144 1130 Δημοῦς
1163 1058 1347 1134 χρῶτα
1374 1054 1461 1112 τὸν
1481 1051 1792 1121 ὖπναπάτην
1808 1097 1826 1123 ,

427 1144 514 1202 ναὶ
542 1144 697 1203 πάλιν
729 1143 947 1210 Ἰλιάδος
974 1145 1101 1224 φίλα
1124 1142 1344 1219 παίγνια
1363 1185 1379 1212 ,
1401 1142 1488 1200 ναὶ
1516 1140 1867 1220 φιλάγρυπνον

505 1234 720 1314 λύχνον,
743 1235 883 1310 ἐμῶν
914 1231 1109 1308 κώμων
1147 1231 1317 1289 πολλὰ
1350 1229 1538 1288 πιόντα
1567 1228 1700 1305 μέλη
1723 1273 1739 1304 ,

432 1322 578 1402 βαιὸν
601 1321 709 1400 ἔχω
731 1319 792 1378 τό
809 1343 869 1396 γε
897 1320 1098 1398 λειφθὲν
1118 1365 1135 1395 .,
1161 1316 1369 1396 Ἔρως,
1404 1316 1492 1376 ἐπὶ
1516 1315 1716 1395 χείλεσι
1737 1318 1969 1390 πνεῦμα·

511 1412 554 1468 εἷ
578 1408 620 1470 δ’
651 1409 840 1475 ἐθέλεις
862 1407 952 1466 καὶ
975 1410 1136 1480 τοῦτ’,
1169 1405 1281 1465 εἰπὲ
1297 1450 1312 1480 ,
1341 1406 1430 1465 καὶ
1455 1404 1800 1480 ἑκπτύσομαι.

944 1557 1064 1608 198.
1104 1559 1223 1604 ΤΟΥ
1257 1557 1468 1603 ΑΥΤΟΥ.

427 1685 800 1760 Οὖπλόκαμον
825 1687 1056 1758 Τιμοῧς,
1093 1685 1151 1740 οὗ
1181 1683 1435 1742 σάνδαλον
1463 1679 1803 1757 Ἥλιοδώρας,

509 1777 568 1831 οὗ
597 1772 656 1830 τὸ
682 1769 1034 1851 μυρόῤῥαντον
1057 1769 1334 1848 Δημαρίου
1362 1768 1615 1848 πρόθυρον
1639 1811 1654 1838 ,

429 1862 488 1918 οὗ
511 1861 758 1936 τρυφερὸν
787 1857 1020 1934 μείδημα
1047 1855 1304 1934 βοώπιδος
1333 1855 1680 1926 Ἀντικλείας,

508 1949 566 2007 οὗ
598 1947 714 2013 τοὺς
742 1948 1034 2026 ἀρτιθαλεῖς
1061 1944 1332 2024 Δωροθέας
1361 1944 1659 2022 στεφάνους·

429 2035 602 2094 οὗκέτι
631 2033 712 2094 σοὶ
739 2031 972 2112 φαρέτρη
1159 2030 1470 2111 πτερόεντας
1493 2031 1696 2096 ὀϊστοὺς

509 2123 754 2202 κρύπτει,
779 2115 972 2199 Ἔρως·
1016 2121 1068 2177 ἐν
1087 2119 1205 2195 ἐμοὶ
1223 2117 1397 2177 πάντα
1427 2120 1527 2199 γάρ
1551 2121 1661 2177 ἐστι
1692 2119 1836 2197 βέλη.

967 2271 1094 2320 199.
1135 2260 1463 2320 Humor.

431 2393 584 2466 Οἷνος
608 2400 698 2459 καὶ
719 2401 996 2479 προπόσεις
1015 2399 1386 2473 κατεκοίμισαν
1407 2398 1746 2476 Ἀγλαονίκην

513 2491 567 2546 αἱ
599 2487 795 2559 δόλιαι,
830 2487 920 2546 καὶ
941 2487 1068 2568 ἔρως
1086 2485 1210 2559 ἡδὺς
1229 2490 1256 2544 ὃ
1282 2486 1599 2563 Νικαγόρεω
1619 2531 1636 2562 ,

435 2568 497 2648 ἧς
521 2574 666 2654 πάρα
691 2575 917 2652 Κύπριδι
933 2579 1098 2634 ταῦτα
1119 2567 1300 2650 μύροις
1329 2572 1408 2630 ἔτι
1432 2575 1607 2630 πάντα
1635 2574 1878 2648 μυδῶντα

514 2665 746 2735 κεῖνται,
772 2662 1064 2742 παρθενίων
1092 2663 1224 2742 ὑγρὰ
1256 2662 1466 2742 λάφυρα
1501 2662 1671 2720 πόθων
1691 2706 1705 2732 ,
1733 2657 1742 2662 “

433 2753 696 2823 σάνδαλα,
724 2752 812 2809 καὶ
843 2750 1108 2829 μαλακαὶ,
1143 2752 1358 2824 μαστῶν
1381 2749 1647 2824 ἐνδύματα
1671 2793 1686 2818 ,
1719 2749 1934 2826 μίτραι,

513 2841 673 2899 ὕπνου
705 2839 794 2899 καὶ
823 2841 1071 2916 σκυλμῶν
1091 2841 1194 2898 τῶν
1222 2838 1343 2897 τότε
1377 2836 1656 2916 μαρτύρια.

984 2981 1110 3031 200.
1147 2982 1421 3028 ΔΔΗΛΟΝ.

433 3111 502 3171 ‘0
524 3110 735 3188 κρόκος,
773 3107 827 3166 οἶ
846 3109 950 3164 τε*
982 3106 1218 3182 μύροισιν
1242 3102 1318 3162 ἔτι
1347 3102 1608 3167 πνείοντες
1640 3100 1872 3167 Ἀλεξοῧς

515 3198 609 3254 σὺν
637 3196 844 3272 μίτραις
871 3196 1058 3250 κισσοῦ
1082 3190 1288 3249 κυάνεοι
1318 3187 1560 3268 στέφανοι

433 3287 509 3361 τῷ
535 3284 769 3360 γλυκερῷ
801 3277 891 3337 καὶ
920 3281 1048 3349 θῆλυ
1077 3275 1488 3335 κατιλλώπτοντι
1516 3273 1741 3354 Πριήπῳ

513 3379 708 3429 κεῖνται
732 3409 749 3438 ,
775 3372 868 3437 τῆς
891 3370 1036 3445 ἱερῆς
1061 3364 1218 3433 ξείνια
1248 3363 1577 3441 παννυχίδος.

994 3512 1118 3561 201.
1155 3512 1431 3559 ΔΔΗΔΟΝ.

435 3641 770 3722 Ἠγρύπνησε
797 3640 1008 3706 Λεοντὶς
1038 3637 1134 3705 ἕως
1155 3638 1284 3718 πρὸς
1305 3636 1466 3697 καλὸν
1485 3639 1612 3712 ἑῷον

514 3730 710 3809 ἀστέρα
726 3774 742 3801 ,
773 3732 850 3808 τῷ
871 3728 1082 3809 χρυσέῳ
1108 3726 1398 3807 τερπομένη
1425 3722 1642 3804 Σθενίῳ·

432 3812 494 3891 ἧς
511 3818 656 3897 πάρα
687 3816 917 3894 Κύπριδι
942 3820 1094 3875 τοῦτο
1120 3814 1178 3872 τὸ
1204 3814 1295 3872 σὺν
1319 3812 1588 3873 Μούσαισι
1613 3812 1850 3887 μελισθὲν

515 3904 762 3986 βάρὸιτον
785 3905 845 3962 ἐκ
880 3902 1050 3973 κείνης
1068 3905 1196 3961 κεῖτ’
1226 3900 1660 3981 ἔτιπαννυχίδος.

511 4054 647 4103 202.
683 4042 1231 4103 ΑΣΚΛΗΠΙΑΔΟΥ
1269 4040 1305 4111 ἢ
1344 4040 1896 4099 ΠΟΣΕΙΔῙΠΠΟΥ.

433 4182 744 4263 Πορφυρὲην
774 4183 1038 4259 μάστιγα,
1069 4181 1159 4237 καὶ
1186 4178 1307 4249 ἡνία
1333 4179 1638 4255 σιγαλόεντα

517 4270 779 4347 Πλαγγὼν
801 4266 1034 4328 εὖίππων
1058 4272 1211 4339 Θῆκεν
1243 4266 1332 4324 ἐπὶ
1355 4267 1619 4344 προθύρων
1639 4311 1654 4340 ,

1001 4508 1106 4567 196.
1138 4520 1407 4553 manunt.

433 4611 703 4679 Zenophilae
726 4612 924 4661 formam
946 4612 1028 4661 dat
1045 4622 1213 4673 Amor,
1237 4616 1401 4661 Venus
1426 4626 1568 4659 aurea
1593 4610 1702 4658 lecti

498 4694 770 4755 illecebras,
794 4694 928 4743 dotes
948 4694 1114 4743 Gratia
1139 4703 1274 4743 terna
1293 4708 1414 4742 suas.

1018 4818 1124 4864 ¹97·
1166 4818 1391 4851 ausuum.

441 4914 528 4957 Per
546 4910 706 4957 ‘l‘imds
734 4918 920 4957 teneros
943 4908 1208 4957 animorum
1240 4908 1392 4955 vinc-la
1413 4906 1628 4970 capillos,

2063 276 2331 339 Tripliciter
2344 276 2457 325 felix
2475 315 2487 336 ,
2510 274 2589 336 cuj
2597 288 2655 323 us
2686 278 2737 324 et
2753 257 3182 338 Cypris'instruxit
3204 277 3403 334 lectum.

2123 366 2173 415 et
2190 363 2355 416 Suada
2375 376 2649 425 sermones,
2674 365 2726 413 et
2742 362 2937 414 dulcem
2960 367 3271 414 venustatem
3294 371 3461 414 Amor.

2640 509 2743 555 196.
2780 513 3071 556 musnnt.

2065 622 2340 687 zenophilae
2351 625 2661 674 venustatem
2676 622 2877 688 quidem
2898 628 3065 687 Amor,
3080 624 3440 675 concumbendi
3452 639 3515 675 au
3520 629 3621 675 tem

2126 711 2301 774 cypris
2327 710 2464 761 dedit
2484 711 2689 773 habere,
2714 711 2895 762 Gratiae
2912 725 3031 762 vero
3056 713 3277 777 gratiam.
3318 713 3626 777 [dulcedines

2638 857 2742 904 197.
2790 861 3083 906 Esusmm.

2067 976 2154 1024 Nae
2177 989 2265 1038 per
2280 975 2668 1027 bene-comatum
2698 977 2867 1026 Timns
2895 975 3173 1027 cincinnum
3201 975 3477 1036 amabilem,
3500 976 3627 1038 [rem

2128 1077 2207 1117 11ae
2230 1077 2318 1128 per
2332 1065 2787 1128 unguenta-spirans
2814 1067 3000 1114 Demus
3018 1076 3197 1127 corpus
3214 1061 3623 1124 somni-decepto-

2068 1169 2146 1204 nae
2157 1168 2329 1205 rursus
2338 1168 2427 1218 per
2434 1154 2601 1206 Iliadis
2608 1155 2771 1218 gratos
2778 1154 2941 1215 lusus,
2950 1167 3029 1204 noe
3037 1153 3627 1218 perlibenter-insomnem

2130 1244 2379 1294 lucernam
2398 1282 2411 1305 ,
2432 1256 2547 1306 qum
2564 1256 2787 1293 meorum
2810 1243 3052 1293 festorum
3078 1244 3233 1293 multa
3261 1240 3387 1292 bibit
3416 1241 3627 1300 cantica,

2069 1345 2279 1395 parvum
2300 1331 2457 1382 habeo
2475 1329 2609 1394 quod
2624 1329 2827 1394 quidem
2847 1331 3073 1382 relictum
3093 1333 3169 1381 est
3184 1369 3197 1390 ,
3222 1336 3387 1392 Amor,
3406 1329 3459 1378 in
3476 1329 3629 1380 labris

2132 1418 2219 1470 sed
2237 1419 2279 1469 si
2302 1421 2433 1469 hunc
2454 1432 2651 1482 quoque
2670 1419 2762 1480 vis,
2776 1420 2977 1482 loquere
2993 1457 3005 1480 ,
3024 1422 3075 1469 et
3090 1432 3341 1482 exspuam.
3366 1416 3625 1482 [halitum3

2654 1569 2754 1615 198.
2806 1575 3102 1617 EIUSDEM.

2070 1711 2173 1757 Non
2192 1721 2279 1770 per
2300 1707 2576 1756 cincinnum
2588 1708 2759 1758 Timds
2775 1745 2789 1768 ,
2810 1720 2908 1756 non
2924 1719 3012 1770 per
3030 1705 3302 1757 sandalium
3326 1705 3625 1760 Heliodorae.

2132 1810 2228 1844 non
2252 1808 2339 1856 per
2356 1795 2831 1860 unguentis-stillans
2848 1793 3061 1844 Demarii
3080 1794 3379 1844 vestibulum
3390 1832 3404 1855 ,

2071 1897 2167 1931 non
2186 1896 2271 1944 per
2292 1885 2517 1932 tenerum
2534 1883 2686 1931 fisum
2706 1883 3089 1946 magnae-oculos
3115 1881 3371 1942 Anticleoe,

2136 1983 2233 2019 nou
2262 1983 2349 2032 per
2366 1970 2792 2020 recens-florentes
2817 1969 3077 2019 Dorotheae
3094 1982 3315 2030 coronas,

2072 2071 2168 2106 non
2195 2058 2401 2120 amplius
2417 2057 2507 2107 tibi
2536 2057 2763 2121 pharetra
2779 2057 2962 2121 [aurea]
2990 2057 3143 2107 alatas
3175 2057 3374 2119 sagittas

2137 2143 2328 2205 condit,
2373 2149 2523 2194 Amor
2550 2166 2561 2193 ι
2590 2145 2641 2194 in
2660 2159 2735 2194 me
2760 2145 2889 2194 enim
2902 2141 3021 2209 fixa
3048 2147 3223 2194 cuncta
3234 2146 3351 2194 sunt
3378 2145 3490 2193 tela.

2658 2282 2759 2326 199.
2787 2277 3037 2324 HEDYLI.

2072 2406 2251 2454 Vinum
2268 2409 2319 2457 et
2334 2407 2691 2470 propinationes
2710 2407 3021 2470 consopivcre
3042 2407 3331 2470 Aglaonicen

2136 2494 2318 2544 dolosae
2334 2533 2346 2552 ,
2374 2499 2424 2544 et
2439 2508 2573 2544 amor
2590 2494 2749 2544 dulcis
2768 2495 3016 2558 Nicagorae
3044 2516 3056 2543 ι

2075 2583 2135 2631 ab
2163 2595 2263 2644 qua
2283 2581 2479 2646 cypridi
2498 2583 2592 2632 ista
2610 2581 2870 2646 unguentis
2884 2581 3046 2631 adhuc
3068 2585 3247 2631 cuncta
3270 2581 3517 2631 madentia

2136 2669 2426 2734 appendent,
2451 2669 2777 2734 virgineorum
2796 2669 2944 2718 uvida
2970 2669 3122 2732 spolia
3146 2669 3450 2732 cupidinum,

2075 2760 2289 2810 sandalia
2303 2797 2315 2821 ,
2344 2764 2397 2810 et
2411 2761 2600 2822 molles,
2630 2773 2953 2809 mammarum
2975 2762 3284 2823 tegumenta,
3308 2773 3470 2814 zonae.

2138 2850 2296 2899 somni
2316 2852 2367 2901 et
2389 2849 2739 2901 lacerationum
2752 2852 2871 2900 tunc
2884 2849 3123 2899 factarum
3149 2851 3318 2899 testes.

2630 2995 2736 3040 200.
2790 3000 3057 3043 mennith

2075 3112 2280 3173 Crocus,
2306 3114 2357 3162 et
2378 3116 2623 3176 unguenta
2640 3112 2803 3162 adhuc
2822 3112 3061 3176 spirantes
3083 3113 3269 3162 Alexns

2135 3212 2251 3248 cum
2276 3198 2390 3248 ricis
2415 3198 2611 3248 hederae
2634 3200 2877 3263 nigrantes
2899 3213 3091 3250 coronae

2072 3282 2207 3334 dulci
2225 3288 2276 3335 et
2300 3285 3217 3350 muliebriter-pumiceque-adnictnnti
3232 3287 3405 3349 Priapo

2135 3372 2423 3437 appendent,
2444 3374 2569 3423 sacri
2592 3375 2736 3425 xenia
2758 3374 3007 3438 pervigilii.

2634 3522 2739 3565 201.
2787 3524 3058 3567 memm-

2072 3652 2303 3717 Vigilavit
2314 3653 2508 3703 Leontis
2528 3666 2686 3715 usque
2712 3651 2777 3701 ad
2793 3652 3055 3715 pulchrum
3075 3652 3374 3701 matutinum

2043 3780 2051 3787 .
2134 3740 2289 3803 udus,
2318 3754 2466 3791 aureo
2487 3740 2725 3790 delectata
2747 3738 2976 3789 Sthenio:

2072 3829 2137 3879 ab
2152 3842 2255 3893 qua
2278 3826 2477 3892 cypridi
2500 3828 2651 3876 hocce
2673 3840 2785 3875 cum
2808 3827 2965 3875 Musis
2989 3825 3292 3877 modulatum

2135 3916 2358 3965 barbiton
2380 3928 2441 3965 ex
2459 3914 2541 3964 illo
2560 3913 2738 3978 pendet
2762 3914 2924 3963 adhuc
2945 3912 3213 3977 pervigilio.

2352 4060 2457 4103 202.
2493 4054 2895 4103 ASCLEPIADAE
2916 4052 2991 4100 vel
3018 4053 3343 4103 Posmtl’l‘l.

2075 4188 2384 4249 Purpureum
2408 4184 2653 4247 flagellum
2670 4186 2721 4233 et
2743 4182 2957 4232 habenas
2985 4181 3335 4245 eximii-operio

2135 4273 2349 4335 Plangon
2382 4270 2689 4333 equestribus
2708 4268 2934 4331 posuitin
2958 4268 3218 4319 vestibulis
3232 4306 3244 4329 ,

2150 4556 2240 4601 Per
2261 4552 2439 4599 Demos
2455 4564 2643 4598 somnos
2666 4548 2833 4597 fallere
2847 4562 3021 4614 corpus
3044 4563 3225 4607 amans,

2079 4632 2347 4697 lsiadosque
2366 4646 2484 4681 meae
2502 4630 2629 4678 lusus
2642 4665 2657 4689 ,
2686 4628 2971 4695 vigilemque
2997 4630 3259 4690 lucernam,

2140 4720 2258 4779 Quae
2282 4730 2388 4764 mea
2410 4723 2515 4781 post
2538 4714 2699 4762 vinum
2722 4708 2935 4764 earmina
2957 4730 3079 4779 saepe
3104 4713 3253 4775 bibit,-

2074 4802 2255 4853 Restat,
2284 4799 2450 4854 Amor,
2476 4795 2710 4845 modicum
2736 4790 2873 4843 labiis
2894 4794 3015 4844 mihi
3036 4795 3209 4843 vulnus
3237 4795 3286 4843 in
3312 4795 3424 4860 ipsis
3450 4835 3460 4845 .

2140 4882 2244 4927 Hoc
2269 4894 2477 4942 quoque,
2497 4878 2573 4926 dic
2594 4875 2789 4926 verbum
2803 4913 2817 4939 ,
2843 4876 2912 4925 nil
2934 4893 3097 4926 moror
3118 4892 3362 4943 exspuere.
