3829 5747
480 200 597 257 22ss

540 324 681 375 XXX.
700 326 897 375 Lemma
918 344 931 375 ι
948 323 1163 385 ἀνάθημα
1182 322 1449 385 Ἀμυντίχου
1464 323 1625 377 ἁὶιὲως
1645 328 1713 385 τῷ
1742 323 2016 371 Ποσειδῶνι.

478 392 616 443 conf.
639 406 717 458 ep.
740 398 817 445 38.
848 418 911 430 -
940 398 957 441 1
992 392 1336 455 ἁκρομόλυδδον
1354 390 1494 451 Cod.,
1511 394 1571 439 ut
1592 391 1730 440 solet.
1756 416 1820 426 —
1846 398 1873 439 2
1898 390 2028 439 inter

478 463 559 512 lin.
586 464 708 513 cod.
740 484 754 511 ι
777 480 847 526 γρ.
876 466 1005 520 ofin.
1042 480 1067 504 «ι
1098 460 1325 511 Dubitari
1354 463 1516 524 potest
1539 463 1705 510 utrum
1727 460 1855 509 circa
1872 459 2028 523 ipsius

476 532 771 589 tridentem(
793 544 905 581 nam
919 530 1185 595 piscatores
1202 543 1398 593 quoque
1422 530 1600 593 τριαίνῃ
1622 530 1949 590 utebantur),
1967 542 2028 577 an

476 602 697 666 Neptuni.
716 604 823 651 Hoc
842 601 1003 665 potius
1020 600 1326 650 existimasse
1344 600 1538 651 videtur
1558 600 1796 663 glossator
1813 598 2028 650 Codicis,

473 699 537 709 —
561 680 607 722 3.
649 676 721 723 De
765 672 893 721 εἶπεν
931 670 1171 727 ic....vide
1199 669 1417 721 Huschk.
1458 670 1673 720 Analect.
1723 670 1830 719 crit.
1878 682 1928 733 p.
1967 675 2027 720 59

474 756 577 805 seq.
612 764 634 786 υ
662 747 778 795 Jac.
810 768 872 780 —
894 746 924 793 4
961 743 1199 805 φλεφόιρων
1236 742 1355 792 Cod.
1392 769 1457 779 —
1483 751 1528 793 s.
1569 762 1593 785 «ι
1626 742 1753 792 Hinc
1796 742 1972 792 suidas
2009 760 2024 790 ·.

474 816 665 869 ἅλλυτος
685 827 694 837 ·
718 814 953 875 δυσχερῶς
968 812 1207 873 λυόμενος.
1240 810 1377 861 Idem
1406 812 1509 861 sine
1531 812 1755 875 exemplo
1776 832 1789 860 :
1809 812 2025 870 ἡὸάσκει·

472 886 687 947 ἀκμάζει.
724 882 868 940 Quod
910 880 1063 932 refert
1096 881 1255 931 editor
1292 882 1423 933 doct.
1454 882 1519 932 ad
1545 882 1709 945 Eurip.
1741 882 1846 931 Alc.
1889 886 2024 931 1091.

474 956 670 1004 Poterat
728 952 905 1003 suidas
966 952 1237 1002 Macedonii
1278 953 1517 1016 respicere
1563 952 1858 1016 epigramma
1872 988 1885 1011 ,
1931 964 2030 1013 quo

472 1024 617 1073 etiam
640 1024 799 1075 utitur
824 1025 875 1075 in
894 1025 1099 1087 Σπαίρει.
1119 1050 1180 1060 --
1203 1028 1231 1073 8
1261 1027 1323 1079 ὡς
1355 1026 1516 1081 ἐθελεις
1534 1024 1676 1083 c0d.‚
1704 1025 1860 1083 Plan.‚
1889 1020 2026 1071 Suid.

472 1095 546 1145 Ad
568 1096 847 1145 Zachariam
866 1108 914 1159 p.
936 1100 1026 1147 408
1054 1095 1283 1159 proposui
1313 1098 1375 1152 ὡς
1410 1097 1605 1153 ἑῡέλοις,
1636 1096 1845 1145 utinam
1870 1094 2032 1144 velis!

472 1165 567 1215 Sed
594 1166 711 1215 nihil
742 1165 1028 1216 tentandum
1055 1166 1266 1216 videtur.
1294 1185 1317 1208 υ
1354 1168 1415 1215 Β.
1443 1165 1618 1229 Recepi
1644 1164 2029 1215 emendationem

472 1234 675 1284 Heckeri
693 1272 706 1295 ,
727 1234 903 1285 similia
928 1235 977 1284 in
1003 1235 1226 1298 precibus
1246 1247 1335 1283 con
1344 1234 1567 1295 serentis,
1592 1238 1648 1285 ut
1668 1232 1899 1283 Herodot.
1919 1234 2028 1293 Vll,

470 1308 529 1354 47
565 1322 578 1352 z
609 1304 715 1367 ὄψις
749 1306 830 1369 μὲν
858 1308 889 1363 ἡ
926 1308 1197 1365 ἐπιφανεῖσα
1226 1308 1310 1353 τοῦ
1344 1303 1519 1365 ὀνείρου
1556 1306 1619 1359 ὡς
1654 1303 1911 1367 βουλόμεθα
1936 1302 2026 1363 ἀμ-

470 1374 655 1435 φότεροι
673 1377 975 1432 τεῖευτήσειε.
1000 1374 1196 1424 Jacobs.
1220 1372 1502 1435 conjiciebat
1528 1374 1591 1430 ὣς
1612 1390 1664 1434 γε
1682 1373 1806 1435 θέμις
1826 1410 1841 1432 ,
1859 1374 2031 1435 postea

470 1448 537 1501 ὡς
566 1444 634 1493 ὅθ’
654 1445 790 1503 ἁλός,
822 1444 855 1493 ἰ.
882 1458 926 1493 e.
955 1446 1018 1499 ὡς
1047 1446 1125 1493 ὅτε
1154 1444 1232 1505 ἀφ’
1261 1445 1371 1498 ἁλὸς
1404 1444 1584 1504 ἔτρεφές
1613 1459 1686 1505 με.
1712 1440 1898 1491 Deinde
1925 1441 2032 1491 ede-

472 1514 617 1565 batur
644 1517 818 1577 μεδέων
837 1516 915 1563 mi
948 1516 1079 1577 χθονὶ
1106 1517 1183 1563 καὶ
1216 1516 1341 1573 πελ,
1362 1513 1496 1576 quod
1514 1514 1643 1565 idem
1678 1514 1889 1565 correxit
1914 1517 2034 1565 Hec-

472 1585 632 1635 kerus.

530 1723 697 1771 XXXI.
718 1723 917 1771 Lemma
946 1740 959 1769 ι
988 1720 1205 1783 ἀνάθημα
1227 1724 1296 1783 τῷ
1321 1720 1535 1783 Διονύσῳ
1557 1722 1635 1769 καὶ
1660 1722 1781 1769 Πανὶ
1814 1722 1893 1769 καὶ
1930 1724 2025 1778 Δη-

472 1792 621 1853 μήτεᾳ
650 1794 774 1853 παρὰ
793 1795 1017 1853 γεωργοῦ.
1050 1811 1073 1833 «ι
1103 1790 1284 1839 Gallice
1316 1788 1466 1840 vertit
1498 1789 1725 1839 Larcher.
1752 1789 1817 1839 ad
1843 1789 2028 1841 Chai-it.

470 1864 507 1910 t.
543 1863 607 1921 11,
638 1874 686 1925 p.
728 1868 835 1910 215.
866 1885 927 1896 —
962 1865 1002 1909 1.
1042 1860 1168 1910 Male
1202 1858 1416 1910 reddidit
1443 1859 1716 1923 epithetum
1741 1860 1887 1910 Panis
1913 1862 2032 1910 Gro-

470 1930 573 1979 tius
619 1950 631 1963 ·
668 1930 955 1980 vertendum
985 1943 1276 1993 caprarum
1319 1932 1533 1979 marito.
1584 1929 1724 1978 Cont‘.
1756 1942 1833 1992 ep.
1862 1934 1944 1991 35,
1986 1933 2031 1991 1,

471 1997 636 2061 ibique
660 2001 764 2048 not.
802 1998 989 2048 Erravit
1018 1998 1171 2047 etiam·
1202 2012 1251 2047 v,
1294 2005 1321 2047 2
1349 1997 1477 2048 circa
1506 1996 1775 2062 epithetum
1807 1998 2000 2048 Cereris
2017 2038 2030 2061 ,

469 2082 583 2131 qum
610 2068 689 2117 iel
722 2068 869 2118 latine
900 2066 1106 2117 dicenda
1132 2067 1227 2118 fuit
1258 2066 1501 2117 Chthonia
1546 2089 1569 2110 »
1607 2069 1669 2115 B.
1704 2067 1825 2117 cod.
1846 2069 2029 2117 διονύσ-

469 2155 585 2188 σωι.
626 2166 685 2174 -
720 2144 766 2188 2.
820 2142 889 2188 De
925 2137 1167 2188 Chthonia
1212 2139 1390 2189 Cerere
1420 2152 1470 2185 v.
1512 2140 1719 2187 Pausan.
1768 2140 1832 2197 11,
1864 2143 1945 2199 35,
1983 2141 2035 2189 et

470 2210 579 2259 intt.

532 2346 725 2395 xxxii.
761 2345 963 2393 Lemma
994 2363 1005 2391 ι
1038 2342 1253 2403 ἀνάθημα
1295 2348 1363 2405 τῷ
1400 2346 1522 2394 Πανὶ
1567 2320 1697 2407 παρὰ
1730 2346 2030 2407 Χαρικλέους.

471 2416 672 2464 Hircum
694 2414 815 2465 Pani
839 2413 889 2463 in
908 2414 1076 2463 multis
1099 2412 1244 2463 simili
1271 2412 1365 2463 deo
1382 2412 1527 2464 dicat.
1547 2440 1612 2451 —
1636 2420 1653 2464 1
1680 2418 1874 2479 δικρὲρῳ
1889 2415 2032 2475 Cod.,

408 2498 421 2511 ·
471 2481 561 2532 sed
588 2484 721 2533 recte
756 2482 891 2532 Plan.
927 2484 979 2532 et
1002 2481 1137 2531 Suid.
1157 2509 1222 2520 —
1248 2488 1277 2532 2
1308 2484 1511 2533 ὑλοδάτα
1544 2484 1665 2534 Cod.
1695 2487 1745 2534 et
1771 2484 1881 2533 libri
1921 2484 2032 2533 Sui·

470 2552 567 2604 doe.
589 2574 613 2597 ι
636 2555 731 2613 Qui
748 2554 863 2603 hinc
886 2569 897 2597 :
918 2556 1069 2611 ῐξαλος
1092 2568 1103 2580 ·
1126 2556 1393 2612 πηδητικός.
1420 2554 1661 2617 Hesychio
1679 2556 1815 2611 ὀξέως
1836 2553 2030 2617 άλλόμε·

469 2640 563 2681 νος.
594 2628 719 2676 Item
738 2624 872 2674 Suid.
898 2639 911 2667 ι
937 2625 1150 2688 ὶόχμιον,
1176 2624 1275 2675 ἀντὶ
1294 2632 1379 2675 τοῦ
1400 2628 1562 2675 δασύν.
1588 2646 1612 2668 ²·
1634 2627 1697 2675 B.
1716 2630 1823 2677 Imo
1845 2626 2037 2687 λόχμιος

472 2696 565 2746 hoe
589 2696 699 2747 loco
722 2699 800 2747 est
823 2696 1071 2761 fruticeta
1099 2710 1289 2747 anaans
1305 2736 1323 2759 ,
1355 2700 1489 2747 recte
1510 2697 1801 2748 observante
1836 2696 2028 2746 Bothio.

472 2768 552 2819 Sic
594 2768 805 2818 luscinia
848 2772 1003 2831 μοῦσα
1034 2768 1243 2830 λοχμαία
1282 2779 1362 2831 ap.
1406 2766 1649 2830 Aristoph.
1698 2772 1791 2816 Αν.
1840 2771 1950 2817 730.
1977 2790 2037 2801 -

471 2843 519 2890 3.
549 2859 573 2882 α
602 2839 727 2890 Hinc
753 2836 929 2888 Suidas
951 2858 963 2887 :
984 2843 1156 2902 πρῶνες
1176 2850 1186 2861 ·
1213 2837 1332 2899 ὀρῶν
1365 2838 1520 2902 ἐξοχαὶ
1537 2875 1552 2900 ,
1582 2836 1755 2902 βουνοί.
1779 2862 1840 2872 -
1867 2842 1913 2887 8.
1939 2837 2034 2885 Pro

473 2910 675 2975 vulgato
720 2911 959 2968 ὑπηνὴταν
1012 2907 1173 2972 recepi
1230 2910 1329 2959 sere
1374 2909 1692 2958 certissimam
1732 2906 2038 2958 Wakefieldii

473 2981 878 3032 emendationem.
910 2979 990 3030 Sic
1014 2979 1275 3042 unicuique
1293 2978 1509 3043 epitheto
1533 2980 1743 3029 alterum
1768 2979 1859 3028 erit
1891 2991 2039 3041 oppo-

474 3053 639 3104 situm.
676 3051 797 3101 Inde
840 3053 893 3102 et
932 3050 983 3100 in
1033 3050 1278 3100 Grotianis
1326 3050 1547 3101 barbato
1575 3049 1689 3101 dedi
1715 3063 1803 3114 pro
1844 3048 2038 3100 barba-

474 3127 491 3172 1
500 3137 606 3174 um.
630 3143 654 3167 υ
677 3125 739 3172 Β.
770 3120 909 3172 Idem
924 3119 1166 3170 sentiebat
1194 3119 1415 3170 Bothius.

537 3261 759 3312 XXXIII.
788 3260 991 3308 Lemma
1020 3275 1033 3306 ι
1062 3258 1277 3318 ἀνάθημα
1297 3261 1367 3320 τῷ
1395 3257 1517 3307 Πανὶ
1543 3257 1671 3322 παρὰ
1694 3257 1877 3306 ἀλιέων.
1906 3257 2032 3306 Μαι-

474 3335 609 3389 κὶου,
638 3332 697 3380 ut
722 3330 885 3388 Plan.,
914 3327 1078 3378 Codex
1106 3340 1139 3377 a
1176 3341 1252 3390 pr.
1285 3341 1374 3387 m.,
1414 3327 1467 3375 in
1502 3327 1704 3389 μακκὶου
1732 3328 1976 3376 mutatum
2008 3340 2038 3376 a

474 3403 763 3452 correctore.
786 3427 847 3440 -—
880 3403 925 3447 2.
960 3415 984 3437 ι·
1017 3395 1141 3446 Hinc
1170 3395 1347 3446 Suidas
1376 3414 1389 3445 ι
1425 3396 1596 3453 ἆκταίη
1613 3432 1630 3457 ,
1666 3399 1697 3454 ἡ
1734 3399 2036 3454 παραθαλασ-

474 3471 575 3519 σὶα.
602 3489 627 3514 n
655 3471 721 3520 Β.
756 3467 897 3531 Παρὰ
916 3464 1103 3515 dictum
1138 3466 1193 3516 ut
1226 3464 1340 3514 alibi
1367 3465 1491 3514 solet
1526 3465 1649 3525 ἀπό,
1673 3468 1725 3515 et
1750 3465 2033 3528 intelligitur

476 3542 665 3590 fructus
685 3537 764 3588 vel
790 3535 981 3587 reditus
1009 3549 1072 3586 ex
1102 3535 1293 3598 piscatu
1322 3534 1644 3598 thynnorum,
1673 3534 1854 3599 quibus
1880 3548 1937 3585 ex
1955 3536 2037 3586 lit-

474 3604 582 3663 tor'e
608 3609 913 3660 insidiantur.
936 3636 995 3648 —
1014 3611 1063 3656 3.
1086 3627 1111 3648 «ι
1128 3609 1153 3655 J
1160 3606 1437 3670 ungendum
1454 3609 1533 3657 est
1556 3607 1728 3656 θύννων
1753 3607 1943 3670 ῥόμὸον.
1965 3610 2038 3656 Ex

476 3681 573 3732 boc
605 3683 717 3732 loco
742 3678 921 3729 suidas
952 3697 963 3726 :
993 3677 1168 3741 ῥόμὸον
1186 3691 1197 3701 ·
1236 3679 1418 3735 κίνησιν
1449 3681 1480 3737 ἢ
1498 3678 1757 3740 κύλινδρον.
1777 3678 1924 3727 Prius
1946 3691 2034 3726 no-

477 3767 589 3802 men
613 3749 751 3802 alteri
774 3750 993 3813 praestat.
1018 3769 1043 3792 »
1078 3749 1143 3796 Β.
1172 3748 1413 3811 Βὺσσωμα
1436 3748 1499 3799 de
1534 3749 1625 3798 reti
1655 3749 1707 3797 in
1738 3747 2036 3812 profundum

478 3822 710 3873 demisso.
750 3823 825 3870 De
866 3820 1071 3883 captura
1116 3817 1419 3880 thynnorum
1460 3821 1566 3868 Jac.
1614 3818 1738 3868 inter
1780 3818 1875 3868 alia
1919 3818 2040 3868 citat

482 3913 505 3936 e«
532 3893 756 3943 Philostr.
785 3893 937 3954 imag.
972 3894 1008 3944 Ι,
1036 3893 1109 3950 13,
1140 3903 1188 3952 p.
1212 3892 1303 3939 784
1335 3902 1347 3931 =
1388 3893 1433 3937 οῑ
1457 3889 1878 3952 6t(piscatores),
1910 3890 2042 3938 ἄπο·

478 3965 811 4027 φράξαντες
837 3961 1003 4016 αὐτοὺς
1036 3962 1111 4024 βα
1128 3963 1152 4008 Θ
1173 3966 1225 4008 εἴ
1252 3963 1332 4008 καὶ
1364 3963 1571 4024 κλειστιῖτ
1595 3961 1797 4024 ὂικτύῳ,
1827 3962 2039 4024 δέχονται

479 4037 690 4098 λαμπρὰν
730 4033 892 4094 ἄγραν.
924 4057 982 4068 --
1010 4035 1057 4080 4.
1109 4030 1187 4078 Ἐν
1231 4031 1465 4093 παρόδοις.
1520 4033 1641 4079 Nam
1690 4043 1747 4080 ex
1794 4030 2036 4081 fretorum

480 4103 717 4166 angustiis
742 4101 1039 4165 prodeuntes
1076 4099 1366 4164 plerumque
1399 4103 1660 4163 captantur
1692 4100 1883 4163 thynni.
1925 4120 1949 4143 n
1977 4127 2040 4141 -

482 4183 511 4224 5
540 4175 695 4238 spiam
721 4171 843 4222 eod.
876 4191 903 4216 ιι
942 4171 1067 4221 Hinc
1094 4169 1273 4220 suidas
1295 4190 1307 4220 t
1328 4172 1514 4231 φήγινος
1532 4186 1545 4198 ·
1566 4172 1757 4232 δρύϊνος.
1780 4171 1921 4220 Conf.
1956 4183 2034 4234 ep.

482 4249 562 4306 37,
594 4250 636 4295 1.
672 4243 795 4294 Hinc
820 4243 985 4293 idem:
1010 4237 1341 4301 αὐτούργητον·
1356 4242 1603 4302 αὐτοφυές.
1621 4260 1646 4284 ιο
1667 4243 1731 4292 Β.
1744 4242 1832 4290 Est
1856 4239 2045 4290 scabel-

482 4316 589 4365 lum
622 4327 685 4362 ex
710 4313 837 4362 erice
851 4352 865 4373 ,
902 4311 1015 4361 rudi
1052 4312 1157 4361 arte
1188 4309 1407 4360 dolatum
1420 4347 1433 4370 ,
1456 4311 1516 4357 ut
1552 4310 1723 4372 βάθρον
1753 4308 2044 4372 ἀσκὲπαρνον

484 4399 559 4448 ap.
583 4383 731 4448 soph.
762 4383 878 4432 OEd.
912 4385 968 4432 C.
1000 4387 1105 4443 101,
1130 4382 1181 4430 et
1214 4379 1461 4434 αὗτὸξυλον
1488 4381 1690 4439 ἔκπωμα
1723 4378 1930 4428 Philoct.
1964 4383 2042 4428 35.

488 4458 598 4504 dac.
648 4478 712 4490 —
754 4456 780 4503 7
816 4454 1059 4516 ὀρχισμῶν
1104 4447 1249 4506 cod-3
1298 4449 1547 4514 ὸρχηθμών
1582 4448 1739 4508 Plan„
1774 4461 1901 4498 corr.
1937 4450 2042 4497 Jac.

492 4523 679 4574 Deinde
706 4523 915 4572 Botliics
938 4521 1126 4572 mavult
1156 4521 1476 4582 λελυγισμὲνος
1489 4559 1503 4580 ,
1522 4531 1793 4582 perperam.
1818 4544 1883 4555 —
1900 4523 1929 4569 8
1955 4519 2046 4580 ἀμ·

486 4597 648 4656 παύση
666 4591 788 4644 cod.

548 4733 765 4782 XXXIV.
796 4733 997 4779 Lemma
1031 4749 1043 4777 ι
1072 4729 1289 4790 ἀνάθημα
1312 4727 1577 4778 Πολυαίνου
1595 4731 1799 4786 κυνηγοῦ
1814 4729 1882 4788 τῷ
1901 4725 2043 4777 Πανί.

489 4831 551 4840 --
586 4809 632 4852 3.
664 4819 715 4851 τε
741 4801 978 4850 κυνακτὰν
1008 4797 1189 4860 Codex,
1210 4811 1345 4848 corr.
1383 4797 1635 4847 Albertius
1672 4796 1737 4846 ad
1763 4795 1974 4858 Hesych.
1995 4809 2044 4845 v.

490 4874 785 4938 Ἑπισρύρια.
811 4897 872 4907 -·
908 4875 935 4922 4
969 4871 1189 4936 ὀρειάρχα
1224 4868 1367 4929 θοὰ,
1393 4882 1484 4919 nec
1517 4881 1627 4918 raro
1664 4868 1715 4918 in
1754 4868 1950 4918 talibus.
1987 4895 2048 4906 —-

492 4953 520 4995 ο
540 4947 743 5005 σημύλεο
764 4941 908 5002 cod„
928 4955 1055 4992 corr.
1081 4939 1289 4990 Salmas⁴
1316 4942 1375 4988 V.
1403 4939 1547 4988 Thes.
1574 4951 1659 4989 vv,
1682 4939 1881 4999 Σιμύλος
1908 4940 1959 4987 et
1981 4941 2053 4986 Σι-

493 5016 645 5077 μύλος.

1584 190 2092 252 ANTHOLOGIAE
2151 190 2195 249 P
2207 190 2555 251 ALATINAE

2175 323 2368 371 XXXV.
2397 323 2599 371 Lemma
2631 340 2644 369 z
2679 320 2892 383 ἀνάθημα
2923 310 3187 375 remeabo:
3227 316 3380 381 (eod.
3416 314 3696 372 τελέωνοςῖ

2116 396 2184 453 τῷ
2220 390 2355 441 Πανί.
2383 390 2522 441 Cont'.
2551 403 2628 453 ep.
2673 396 2775 442 106.
2821 420 2876 433 --
2914 396 2957 441 1.
3000 409 3024 433 ‹-
3063 388 3382 440 Ruhnkenius
3419 388 3578 451 Epist.
3627 384 3700 433 ad

2117 463 2283 512 Valck.
2310 478 2360 527 p.
2394 468 2454 514 30
2481 463 2621 513 malit
2647 462 2975 525 xtnoeipofio‘oeq.
3004 462 3265 525 vulgatam
3289 462 3458 511 tuetur
3481 458 3696 507 Valcke-

2117 531 2284 582 narius
2330 532 2510 583 ibidem
2553 535 2603 581 et
2644 533 2836 581 confert
2881 532 3102 592 ποιμέσιν
3144 530 3416 592 ott-fositan:
3453 527 3700 591 Meleagri

2118 604 2224 661 ΧΠ,
2247 616 2325 667 ep.
2359 607 2437 653 41.
2464 605 2652 653 Tuetur
2677 601 2729 651 id
2752 602 2898 650 etiam
2929 600 3141 649 Graeiius
3173 599 3234 649 ad
3263 599 3490 661 Meleagr-
3510 613 3568 662 p·
3609 602 3696 647 72.

2119 673 2259 721 Conf.
2293 676 2346 723 et
2376 686 2454 736 ep.
2475 676 2554 723 31.
2583 675 2677 721 Pro
2709 671 2940 721 Grotiano
2963 670 3178 733 epitheto
3206 666 3480 733 capripedi
3505 680 3702 717 sensus

2118 743 2334 805 postulat
2374 754 2666 808 caprarum
2701 745 2836 792 viro.
2873 744 2996 791 Nam
3035 739 3457 805 petulantissimus
3486 738 3702 787 deaster

2118 813 2264 863 etiam
2289 814 2338 863 in
2356 826 2526 877 capras
2548 812 2754 863 furebat.
2775 841 2836 856 —
2863 820 2910 863 2.
2935 813 3198 874 Bentleyus
3223 810 3377 873 Epist.
3395 808 3459 858 ad
3479 812 3698 859 Kuster.

2119 882 2168 931 in
2197 886 2368 935 Museo
2401 884 2681 948 cantabrig.
2721 888 2760 935 t.
2808 886 2870 945 11,
2899 897 2948 947 p.
2983 887 3092 943 418,
3117 886 3208 932 432
3248 880 3388 944 [sive
3423 894 3472 943 p.
3513 886 3576 929 19
3607 878 3696 927 ed.

2118 953 2449 1004 Friedemanni
2465 956 2483 1019 ]
2500 992 2513 1013 ,
2543 957 2628 1018 qui
2649 956 2858 1020 primum
2878 954 2942 1003 de
2972 952 3248 1017 reponendo
3267 952 3422 1015 ἀερίης
3441 950 3638 1013 cogitat
3651 962 3702 999 e-

2119 1026 2194 1073 rat
2213 1038 2300 1086 pro
2329 1026 2576 1076 Planudea
2605 1027 2810 1077 lectione
2827 1026 2986 1087 ἀγρίης
3001 1062 3015 1083 ,
3037 1023 3147 1073 dein
3167 1020 3351 1085 ἀγρείης
3384 1020 3588 1071 admisit
3611 1034 3702 1067 au-

2117 1096 2344 1147 ctoritate
2381 1096 2577 1157 Suidae,
2607 1098 2690 1161 qui
2735 1096 2946 1159 explicat
2988 1100 3018 1154 ἡ
3055 1095 3316 1157 ἀγροικική.
3354 1113 3378 1135 n
3417 1094 3479 1141 B.
3518 1090 3698 1139 Codex

2119 1165 2320 1229 ἀγρείης,
2345 1180 2468 1216 corr.
2497 1168 2704 1219 Meinek.
2726 1182 2778 1231 p.
2805 1172 2885 1217 32.
2915 1166 3041 1215 Male
3063 1178 3141 1228 ap.
3173 1164 3375 1213 Suidam
3411 1166 3468 1213 τὸ
3491 1163 3696 1216 σκῦτος.

2122 1265 2177 1275 -
2202 1239 2232 1286 4
2256 1239 2499 1297 αἱμώπους
2523 1241 2574 1288 et
2587 1241 2722 1293 λύκος
2747 1237 3058 1300 superposito
3074 1253 3103 1284 υ
3122 1234 3302 1284 Co'lex.
3330 1232 3476 1284 Initio
3493 1233 3524 1297 ᾇ
3539 1232 3696 1281 editt.

2119 1306 2304 1369 aliquot
2331 1308 2486 1367 Plan.;
2521 1309 2592 1359 sic
2623 1308 2894 1359 Brunckius
2911 1344 2924 1367 ‚
2953 1307 3129 1371 etipse
3161 1307 3366 1355 fortasse
3393 1306 3538 1367 poeta
3573 1302 3700 1351 scri·

2118 1376 2234 1437 psit.
2257 1407 2312 1418 —
2342 1384 2388 1427 5.
2421 1398 2446 1419 «ι
2467 1378 2592 1428 Hinc
2626 1378 2836 1428 suidas:
2859 1378 3026 1437 γαυλὸς
3057 1376 3308 1433 ὀξυτόνως,
3328 1376 3383 1424 τὸ
3413 1376 3698 1435 ποιμενικὸν

2120 1446 2305 1507 ἀγγεῖον
2321 1484 2335 1505 ,
2360 1448 2394 1496 ἃ
2411 1449 2593 1510 δέχεται
2617 1450 2670 1497 τὸ
2684 1448 2825 1510 γάλα.
2853 1448 2911 1496 111
2929 1444 3150 1495 versione
3177 1444 3334 1504 Grotii
3365 1442 3552 1493 editum
3583 1444 3700 1491 erat

2118 1515 2320 1576 stonum
2341 1515 2507 1574 lactis,
2538 1516 2672 1579 quod
2691 1516 2882 1566 mutavi
2909 1515 2959 1565 in
2979 1516 3264 1566 mulctrum
3287 1514 3323 1563 l.
3347 1513 3364 1576 [
3387 1516 3492 1562 lmo
3507 1513 3696 1561 sinum

2121 1584 2378 1648 scripserat
2396 1587 2612 1637 Grotius.
2630 1588 2843 1653 Jueinde
2859 1587 2985 1637 cod.
3003 1590 3053 1637 et
3070 1586 3243 1636 Suidas
3261 1584 3441 1634 liabent
3455 1584 3694 1645 ἀγωαῖον.

2121 1654 2214 1712 Qui
2236 1652 2568 1707 barbarismus
2587 1662 2735 1709 natus
2755 1656 2878 1707 mihi
2917 1670 3026 1707 esse
3050 1657 3246 1706 videtur
3269 1668 3332 1705 ex
3362 1653 3508 1704 valde
3538 1653 3696 1703 debili

2121 1724 2274 1774 literae
2305 1738 2498 1789 gamma
2534 1728 2648 1777 ante
2674 1728 2872 1777 vocales
2905 1726 3320 1791 pronunciatione.
3339 1746 3364 1767 n
3401 1727 3464 1773 Β.
3485 1723 3694 1773 Jacobs.

2120 1794 2240 1844 citat
2267 1797 2469 1845 Porson.
2493 1796 2699 1846 Advers.
2718 1809 2768 1860 p.
2791 1804 2901 1847 306.
2923 1824 2985 1835 -
3003 1805 3033 1847 6
3054 1798 3135 1846 καὶ
3171 1802 3268 1845 τῶν
3295 1794 3418 1845 Cod.
3455 1798 3508 1843 et
3529 1794 3696 1849 Plan.·‚

2120 1862 2206 1911 τὰν
2235 1862 2372 1912 Suid.
2395 1863 2444 1912 in
2463 1866 2768 1927 Δαιμοπὲδη·
2793 1865 2854 1915 δι’
2873 1866 2928 1927 ἧς
2947 1867 3186 1928 δεσμείται
3211 1867 3238 1913 ὁ
3268 1864 3412 1913 κύων.
3444 1862 3660 1925 Εὖρίνων
3679 1897 3694 1918 ,

2119 1932 2238 1983 oonf
2280 1932 2428 1997 Sos-h.
2447 1935 2524 1999 Α).
2557 1940 2607 1987 8.
2642 1936 2809 1986 Codex
2838 1950 2869 1985 a
2895 1950 2969 2001 pr.
3002 1950 3071 1985 m.
3097 1936 3418 1998 λαιμοπέδων,
3449 1946 3482 1983 a
3520 1946 3693 1983 corre-

2121 2005 2255 2051 ctore
2287 2021 2362 2051 αν.
2394 2022 2418 2046 «
2439 2004 2507 2052 Ex
2532 2005 2890 2068 comparatione
2918 2003 3279 2069 epigrammatis
3310 2000 3510 2059 Diodori
3541 2004 3697 2049 zonae

2121 2070 2248 2122 infra
2279 2078 2383 2133 106,
2413 2074 2550 2137 quod
2573 2088 2630 2123 ex
2657 2078 2828 2125 nostro
2857 2088 3150 2139 expressum
3176 2075 3393 2132 videtur,
3425 2076 3559 2123 recte
3601 2086 3694 2123 su-

2122 2141 2336 2203 spicatus
2366 2147 2442 2193 est
2461 2144 2786 2194 Sclineiderus
2799 2181 2812 2205 ,
2834 2144 2886 2194 in
2911 2148 3078 2195 nostro
3097 2144 3272 2194 deesse
3290 2143 3538 2193 distichon
3553 2142 3696 2206 quod

2122 2224 2291 2273 preces
2316 2212 2624 2265 continuerit.
2651 2234 2674 2257 »
2693 2217 2813 2265 Jac.

2187 2359 2394 2408 XXXVI.
2423 2360 2626 2409 Lemma
2651 2373 2665 2401 =
2695 2358 2916 2422 ἀνάθημα
2939 2359 3230 2415 Σωσικλέους
3261 2362 3471 2421 γεωργοῦ
3506 2364 3568 2421 τῇ
3593 2363 3698 2415 Δη-

2125 2428 2293 2490 μήτρᾳ.
2319 2452 2382 2463 ·-—
2412 2432 2453 2478 1.
2481 2428 2791 2480 Contrarium
2819 2442 2897 2491 ep.
2927 2433 3017 2478 238
3042 2447 3056 2476 :
3081 2428 3241 2477 πεδίου
3267 2428 3613 2483 πολυαῦλακος.
3634 2452 3697 2463 -

2127 2505 2156 2547 3
2186 2500 2313 2554 αὖτις
2329 2497 2448 2549 Cod.
2479 2524 2540 2534 -·
2559 2502 2588 2548 4
2615 2500 2738 2563 φέρει
2759 2499 2880 2549 cod.
2901 2499 3056 2559 male3
3087 2498 3296 2549 alterum
3311 2497 3447 2547 Plan.
3473 2501 3524 2547 et
3543 2496 3690 2547 Suid.

2187 2654 2421 2703 XXXVII.
2460 2655 2661 2704 Lemma
2691 2673 2705 2705 ς
2747 2654 2962 2719 ἀνάθημα
2999 2660 3070 2717 τῷ
3099 2657 3223 2706 Πανὶ
3261 2656 3391 2722 παρὰ
3433 2660 3695 2720 ποιμένων.

2129 2742 2152 2765 «ι
2184 2724 2394 2785 Optimae
2413 2728 2548 2773 notae
2574 2724 2903 2788 epigramma,
2936 2725 3074 2789 quod
3097 2724 3160 2775 ab
3185 2726 3386 2790 antiquo
3411 2732 3560 2791 poeta
3587 2742 3700 2792 pro·

2125 2794 2306 2844 sectum
2338 2796 2478 2857 puto.
2508 2815 2531 2838 ι»
2553 2797 2668 2845 Jac.
2687 2820 2752 2831 --
2774 2802 2816 2846 1.
2841 2798 2932 2845 Καὶ
2951 2796 3116 2857 τόνδε,
3137 2799 3300 2847 eliam
3317 2795 3460 2847 hunc
3476 2812 3693 2861 ramum,

2125 2867 2304 2928 praeter
2344 2863 2440 2915 alia
2479 2866 2598 2916 Pani
2625 2866 2805 2917 oblata.
2839 2866 2936 2917 Sed
2979 2867 3135 2917 Boiss.
3167 2889 3180 2917 z
3214 2887 3238 2911 σε
3283 2868 3440 2919 Valde
3466 2868 3697 2934 displicet

2125 2937 2224 2984 καί.
2247 2939 2376 2986 Puto
2401 2935 2525 2986 bene
2551 2937 2838 2988 emendasse
2865 2937 3114 2988 Reiskium
3139 2938 3382 3002 legentem
3402 2943 3543 2990 κατὰ.
3572 2961 3597 2984 ιι
3629 2945 3698 2991 Ut

2125 3008 2258 3056 esset
2283 3008 2664 3071 κατακεκυφότα.
2687 3027 2710 3050 α
2745 3011 2972 3059 pastores
2993 3009 3088 3074 fagi
3109 3023 3304 3059 ramum
3333 3012 3516 3061 rustica
3541 3025 3696 3062 manu

2125 3076 2437 3127 edolaverant
2453 3115 2466 3138 ‚
2501 3078 2605 3127 sire
2641 3081 2698 3128 ut
2727 3081 2857 3128 Pana
2885 3079 3248 3142 quodammodo
3287 3080 3519 3144 referret,
3555 3084 3664 3132 sive
3679 3119 3693 3142 ,

2125 3146 2260 3210 quod
2287 3147 2624 3210 verisimilius,
2664 3151 2722 3198 ut
2745 3149 2901 3199 clavas
2941 3163 3089 3200 usum
3115 3153 3370 3213 praestaret
3411 3151 3520 3202 deo.
3567 3153 3696 3201 Hinc

2126 3221 2307 3281 ἄθυρμα
2323 3221 2552 3268 vocatum
2577 3232 2627 3269 v.
2657 3221 2688 3268 3
2721 3219 2846 3269 illud
2877 3233 3089 3282 munus,
3119 3219 3272 3270 Suida
3299 3222 3570 3284 explicante
3607 3235 3695 3286 per

2128 3289 2355 3352 ἄγαλμα,
2390 3289 2524 3352 quod
2551 3291 2606 3339 et
2646 3289 2808 3352 ipsum
2833 3291 3134 3356 ambiguum.
3171 3311 3195 3334 ιι
3215 3295 3337 3341 Jac.
3364 3294 3420 3342 111
3446 3291 3571 3343 Cod.
3605 3311 3690 3355 φτ.-

2124 3363 2251 3422 γινὸν
2264 3359 2358 3422 legi
2379 3359 2590 3409 videtur.
2612 3385 2676 3397 —
2698 3365 2744 3410 3.
2761 3361 2986 3424 Ἄθυρμα,
3012 3381 3036 3404 κ
3063 3361 3193 3410 cons.
3223 3365 3334 3422 vll,
3351 3375 3428 3426 ep.
3457 3365 3564 3421 154,
3597 3369 3640 3412 1.
3669 3384 3692 3404 ³·

2125 3431 2188 3480 B.
2207 3457 2271 3467 —-
2293 3435 2342 3479 4.
2368 3432 2591 3493 Ὦραίων,
2621 3449 2646 3472 κ
2676 3429 2866 3480 scilicet
2898 3431 3042 3482 Panis
3078 3445 3200 3481 cura
3229 3431 3486 3481 nitentium
3511 3437 3566 3482 et
3599 3435 3690 3482 sso-

2125 3501 2352 3552 rentium.
2383 3501 2464 3552 Sic
2505 3500 2839 3553 Theodoridas
2873 3504 3070 3565 ὡραίους
3119 3503 3255 3564 ἄρνας
3291 3501 3411 3552 dixit
3447 3502 3576 3552 infra
3613 3517 3690 3564 ep.

2132 3577 2235 3633 157,
2261 3576 2308 3622 4.
2331 3593 2356 3616 ν
2377 3575 2494 3622 Jac.

2189 3728 2450 3776 XXXVIII.
2474 3730 2674 3776 Lemma
2695 3741 2705 3769 τ
2729 3727 2944 3786 ἀνάθημα
2957 3731 3024 3790 τῷ
3043 3727 3306 3776 Ποσειδῶνι
3337 3727 3463 3790 παρὰ
3477 3725 3694 3787 'Ap-wti-

2127 3811 2215 3858 χου
2246 3796 2428 3850 ἁλιέως.
2459 3796 2596 3844 Conl'.
2619 3808 2698 3857 ep.
2717 3799 2796 3844 30.
2828 3817 2887 3827 -
2911 3801 2926 3845 1
2957 3797 3134 3859 μολίδῳ
3151 3795 3307 3854 Plan.;
3331 3796 3546 3857 μολύὃδῳ
3567 3795 3688 3844 eod.

2131 3885 2154 3906 «ι
2177 3865 2301 3914 Hinc
2317 3864 2494 3914 suidas
2525 3886 2538 3914 ι
2563 3866 2918 3921 suetudinem.
2946 3867 3005 3914 τὰ
3044 3867 3107 3920 εἰς
3133 3867 3218 3923 τὴν
3243 3867 3488 3914 Θάλασσαν
3513 3867 3690 3927 ἐμὸαλ-

2127 3937 2318 3996 λόμενα.
2343 3961 2402 3971 -—
2431 3942 2474 3984 2.
2509 3937 2801 3996 Μεθὺουσαν,
2831 3935 2946 3985 Vide
2969 3935 3032 3984 ad
3077 3937 3174 3996 IX,
3213 3947 3294 3998 ep.
3325 3939 3432 3985 277.
3477 3956 3500 3980 ιι
3535 3939 3606 3984 Β.
3625 3961 3686 3970 -·

2129 4015 2157 4056 5
2187 4008 2462 4068 ᾳιλὸναυτιν,
2492 4015 2522 4057 6
2551 4008 2795 4068 σπέρματα
2819 4007 2960 4070 πυρὸς
2984 4007 3146 4063 σώιζεν
3168 4005 3291 4056 cod.

2193 4163 2400 4210 XXXIX.
2429 4163 2664 4210 Lemma:
2697 4160 2916 4222 ἀνάθημα
2946 4165 3006 4224 τῇ
3039 4160 3204 4222 Ἀθηνᾷ
3223 4158 3346 4221 παρὰ
3383 4163 3522 4221 τριῶν
3555 4161 3690 4209 ἀδελ·

2134 4238 2231 4294 φῶν
2265 4238 2517 4292 γυναικῶν.
2555 4257 2618 4266 —-
2649 4234 2668 4279 1
2697 4232 2775 4279 καὶ
2800 4231 2989 4279 εὔκλεια
3018 4227 3162 4288 eod„
3195 4229 3526 4292 superscripto
3561 4243 3578 4272 ε
3619 4247 3689 4294 γρ.

2133 4303 2385 4366 ἡράκλεια,
2406 4304 2457 4351 et
2482 4301 2554 4350 sic
2584 4300 2742 4360 Plan,
2779 4313 2878 4349 non
2903 4299 2952 4348 in
2984 4298 3210 4349 omnibus
3235 4300 3398 4348 tamen
3415 4299 3695 4362 exemplari-

2132 4372 2258 4432 bus;
2305 4385 2420 4422 nam
2466 4369 2666 4420 Grotius
2698 4369 2848 4420 habet
2891 4369 3090 4420 Eue-lie.
3124 4395 3190 4405 —
3229 4375 3258 4418 2
3297 4369 3458 4425 ξούθου
3484 4369 3612 4420 cod.
3645 4373 3694 4419 et

2136 4444 2292 4504 Plan„
2321 4441 2410 4494 sed
2439 4441 2490 4491 in
2515 4441 2597 4491 illo
2625 4440 3008 4504 superscriptum
3025 4440 3206 4496 ξάνθου.
3226 4465 3289 4476 -
3309 4445 3357 4490 3.
3389 4459 3413 4483 «ι
3435 4439 3562 4488 Hinc
3580 4441 3692 4489 Sui-

2136 4513 2226 4563 das
2257 4533 2269 4561 :
2297 4513 2545 4576 ἀραχναῑος
2569 4511 2698 4573 μίτος
2715 4546 2732 4572 ‚
2765 4511 2792 4558 ὀ
2823 4510 3116 4566 λεπτότατος.
3149 4511 3212 4558 Et
3236 4521 3383 4559 versu
3411 4512 3644 4571 sequenti
3675 4523 3690 4552 ἒ

2135 4587 2359 4648 ἄτρακτος
2393 4584 2476 4632 καὶ
2503 4582 2559 4631 τὸ
2585 4587 2852 4643 γυναικεῖον
2885 4583 3136 4644 ἐργαλεῖον.
3165 4582 3229 4628 Et
3251 4593 3297 4628 v.
3331 4587 3358 4630 5
3389 4593 3402 4623 2
3439 4581 3690 4628 πολυσπα·

2137 4657 2242 4716 θὴς,
2273 4655 2300 4702 ὁ
2317 4653 2584 4708 πλειστάκις
2613 4653 2706 4701 ὑπὸ
2729 4652 2908 4709 σπάθης
2934 4651 3206 4713 ἐνεργηθεῖς.
3241 4670 3264 4693 υ
3295 4651 3356 4700 Β.
3375 4647 3482 4699 -'⁴
3511 4651 3688 4698 &ind-

2134 4745 2214 4786 της
2239 4725 2360 4776 cod.
2389 4721 2693 4786 superposito
2718 4739 2767 4770 α.
2788 4751 2851 4764 -
2877 4727 2906 4772 5
2933 4734 3022 4784 pro
3038 4723 3228 4770 πέπλων
3245 4719 3354 4772 cod.
3372 4720 3504 4771 Leid.
3527 4721 3692 4770 Suidae

2135 4796 2261 4845 mire
2279 4795 2449 4844 πέδων.
2471 4819 2534 4830 -
2553 4801 2583 4844 0
2603 4795 2636 4841 ἁ
2660 4793 2848 4856 τριτάτη
2873 4790 2994 4842 Cod.
3025 4819 3088 4828 -·
3111 4799 3142 4843 8
3169 4794 3220 4841 αἱ
3249 4793 3330 4841 σαὶ
3356 4795 3496 4842 θέσαν
3521 4805 3689 4856 super·

2137 4865 2298 4930 posito
2315 4865 2391 4914 σοὶ
2421 4862 2610 4924 Codex;
2627 4866 2676 4912 αἱ
2710 4865 2792 4913 σαὶ
2819 4864 2895 4912 σοὶ
2925 4864 2967 4911 θ.
3001 4863 3137 4912 Plan.
3179 4881 3204 4904 κ
3230 4862 3445 4912 Auribus
3469 4861 3581 4912 haec
3609 4875 3690 4925 pa·

2139 4949 2251 4985 rum
2275 4933 2522 4998 jucunda,
2550 4931 2637 4983 sed
2657 4969 2671 4992 ,
2701 4935 2760 4982 ut
2783 4931 2908 4982 mihi
2939 4931 3140 4995 quidem
3181 4931 3393 4994 videtur,
3421 4931 3632 4981 sincera.
3667 4951 3687 4970 »ι

2139 5009 2254 5058 Jar.
2283 5009 2464 5055 Forsan
2481 5003 2741 5069 legendum
2757 5039 2771 5064 ‚
2797 5007 2845 5052 αἱ
2862 5005 2944 5052 σαὶ
2967 5005 3038 5052 τοὶ
3061 5007 3099 5052 0.
3131 5003 3288 5052 Boiss.
