<?xml version="1.0" encoding="UTF-8"?>
<!DOCTYPE html PUBLIC "-//W3C//DTD XHTML 1.0 Transitional//EN"
    "http://www.w3.org/TR/xhtml1/DTD/xhtml1-transitional.dtd">
<html xmlns="http://www.w3.org/1999/xhtml" xml:lang="en" lang="en">
 <head>
  <title>
</title>
<meta http-equiv="Content-Type" content="text/html;charset=utf-8" />
  <meta name='ocr-system' content='tesseract 3.04.00' />
  <meta name='ocr-capabilities' content='ocr_page ocr_carea ocr_par ocr_line ocrx_word'/>
</head>
<body>
  <div class='ocr_page' id='page_1' title='image "./epigrammatumant00unkngoog_0123.png"; bbox 0 0 3829 5747; ppageno 0'>
   <div class='ocr_carea' id='block_1_1' title="bbox 1044 153 3323 235">
    <p class='ocr_par' dir='ltr' id='par_1_1' title="bbox 1044 153 3323 235">
     <span class='ocr_line' id='line_1_1' title="bbox 1044 153 3323 235; baseline 0.009 -21"><span class='ocrx_word' id='word_1_1' title='bbox 1044 153 1288 216; x_wconf 83' lang='lat' dir='ltr'>CAPUT</span> <span class='ocrx_word' id='word_1_2' title='bbox 1327 157 1400 215; x_wconf 85' lang='lat' dir='ltr'><strong>V.</strong></span> <span class='ocrx_word' id='word_1_3' title='bbox 1447 156 2001 220; x_wconf 79' lang='lat' dir='ltr'><strong>EPIGRAMMATA</strong></span> <span class='ocrx_word' id='word_1_4' title='bbox 2050 162 2464 227; x_wconf 79' lang='lat' dir='ltr'>AMATORIA.</span> <span class='ocrx_word' id='word_1_5' title='bbox 3255 177 3323 235; x_wconf 77' lang='lat'><strong>9¹</strong></span> 
     </span>
    </p>
   </div>
   <div class='ocr_carea' id='block_1_2' title="bbox 95 283 1539 542">
    <p class='ocr_par' dir='ltr' id='par_1_2' title="bbox 95 283 1539 542">
     <span class='ocr_line' id='line_1_2' title="bbox 239 283 1310 366; baseline 0.005 -25"><span class='ocrx_word' id='word_1_6' title='bbox 239 289 368 366; x_wconf 59' lang='grc' dir='ltr'>ψυχῇ</span> <span class='ocrx_word' id='word_1_7' title='bbox 395 283 657 356; x_wconf 77' lang='grc' dir='ltr'>συζεῦξω,</span> <span class='ocrx_word' id='word_1_8' title='bbox 687 283 858 362; x_wconf 81' lang='grc' dir='ltr'>λύγκα</span> <span class='ocrx_word' id='word_1_9' title='bbox 889 289 1016 365; x_wconf 87' lang='grc' dir='ltr'>παρ’</span> <span class='ocrx_word' id='word_1_10' title='bbox 1042 287 1310 354; x_wconf 81' lang='grc' dir='ltr'><strong>αἰπολίοις.</strong></span> 
     </span>
     <span class='ocr_line' id='line_1_3' title="bbox 173 371 1539 456; baseline 0.003 -24"><span class='ocrx_word' id='word_1_11' title='bbox 173 376 294 432; x_wconf 75' lang='grc' dir='ltr'>Ἀλλ’</span> <span class='ocrx_word' id='word_1_12' title='bbox 315 373 381 432; x_wconf 82' lang='grc' dir='ltr'>ἴθι</span> <span class='ocrx_word' id='word_1_13' title='bbox 396 417 415 448; x_wconf 75' lang='lat'>,</span> <span class='ocrx_word' id='word_1_14' title='bbox 443 373 755 446; x_wconf 83' lang='grc' dir='ltr'>δυσνίκητε,</span> <span class='ocrx_word' id='word_1_15' title='bbox 772 371 950 432; x_wconf 77' lang='grc' dir='ltr'>λαὸὼν</span> <span class='ocrx_word' id='word_1_16' title='bbox 974 375 1022 432; x_wconf 82' lang='grc' dir='ltr'><strong>δ’</strong></span> <span class='ocrx_word' id='word_1_17' title='bbox 1048 374 1134 434; x_wconf 85' lang='grc' dir='ltr'>ἔπι</span> <span class='ocrx_word' id='word_1_18' title='bbox 1159 383 1325 456; x_wconf 76' lang='grc' dir='ltr'>κοῦφα</span> <span class='ocrx_word' id='word_1_19' title='bbox 1351 375 1539 437; x_wconf 79' lang='grc' dir='ltr'>πέδιλα</span> 
     </span>
     <span class='ocr_line' id='line_1_4' title="bbox 95 459 1377 542; baseline 0.002 -25"><span class='ocrx_word' id='word_1_20' title='bbox 95 490 130 524; x_wconf 61' lang='grc' dir='ltr'><strong>ι..</strong></span> <span class='ocrx_word' id='word_1_21' title='bbox 237 461 508 518; x_wconf 72' lang='grc' dir='ltr'>ἐκπέτασον</span> <span class='ocrx_word' id='word_1_22' title='bbox 530 459 754 538; x_wconf 78' lang='grc' dir='ltr'>ταχινὰς</span> <span class='ocrx_word' id='word_1_23' title='bbox 778 465 850 528; x_wconf 74' lang='grc' dir='ltr'><strong>εἰς</strong></span> <span class='ocrx_word' id='word_1_24' title='bbox 869 459 1072 541; x_wconf 80' lang='grc' dir='ltr'>ἑτέρους</span> <span class='ocrx_word' id='word_1_25' title='bbox 1098 465 1377 542; x_wconf 85' lang='grc' dir='ltr'>πτέρυγας.</span> 
     </span>
    </p>
   </div>
   <div class='ocr_carea' id='block_1_3' title="bbox 657 607 1183 658">
    <p class='ocr_par' dir='ltr' id='par_1_3' title="bbox 657 607 1183 658">
     <span class='ocr_line' id='line_1_5' title="bbox 657 607 1183 658; baseline 0.002 -2"><span class='ocrx_word' id='word_1_26' title='bbox 657 607 780 657; x_wconf 82' lang='lat'>180.</span> <span class='ocrx_word' id='word_1_27' title='bbox 817 610 937 656; x_wconf 79' lang='lat' dir='ltr'><strong>‘mr</strong></span> <span class='ocrx_word' id='word_1_28' title='bbox 971 612 1183 658; x_wconf 78' lang='grc' dir='ltr'><strong>ΑΥΤΟΥ.</strong></span> 
     </span>
    </p>
   </div>
   <div class='ocr_carea' id='block_1_4' title="bbox 167 733 1695 1434">
    <p class='ocr_par' dir='ltr' id='par_1_4' title="bbox 167 733 1550 908">
     <span class='ocr_line' id='line_1_6' title="bbox 167 733 1550 819; baseline -0.002 -20"><span class='ocrx_word' id='word_1_29' title='bbox 167 741 229 799; x_wconf 86' lang='grc' dir='ltr'><strong>Τί</strong></span> <span class='ocrx_word' id='word_1_30' title='bbox 253 737 390 808; x_wconf 69' lang='grc' dir='ltr'>ξένον,</span> <span class='ocrx_word' id='word_1_31' title='bbox 418 740 464 795; x_wconf 83' lang='grc' dir='ltr'><strong>εἷ</strong></span> <span class='ocrx_word' id='word_1_32' title='bbox 493 737 822 816; x_wconf 78' lang='grc' dir='ltr'>βροτολοιγὸς</span> <span class='ocrx_word' id='word_1_33' title='bbox 849 733 1025 818; x_wconf 84' lang='grc' dir='ltr'><strong>Ἔρως</strong></span> <span class='ocrx_word' id='word_1_34' title='bbox 1046 739 1112 797; x_wconf 77' lang='grc' dir='ltr'>τὰ</span> <span class='ocrx_word' id='word_1_35' title='bbox 1137 739 1402 819; x_wconf 69' lang='grc' dir='ltr'>πυρίπνοοι</span> <span class='ocrx_word' id='word_1_36' title='bbox 1427 738 1550 806; x_wconf 83' lang='grc' dir='ltr'>τόξα</span> 
     </span>
     <span class='ocr_line' id='line_1_7' title="bbox 237 825 1498 908; baseline 0.002 -24"><span class='ocrx_word' id='word_1_37' title='bbox 237 825 440 905; x_wconf 77' lang='grc' dir='ltr'>βάλλει,</span> <span class='ocrx_word' id='word_1_38' title='bbox 471 826 565 884; x_wconf 79' lang='grc' dir='ltr'>καὶ</span> <span class='ocrx_word' id='word_1_39' title='bbox 604 829 857 905; x_wconf 84' lang='grc' dir='ltr'>λαμυροῑς</span> <span class='ocrx_word' id='word_1_40' title='bbox 901 825 1108 905; x_wconf 79' lang='grc' dir='ltr'><strong>ὄμμασι</strong></span> <span class='ocrx_word' id='word_1_41' title='bbox 1146 829 1311 907; x_wconf 68' lang='grc' dir='ltr'>πικρὰ</span> <span class='ocrx_word' id='word_1_42' title='bbox 1337 830 1498 908; x_wconf 72' lang='grc' dir='ltr'>γελᾷς</span> 
     </span>
    </p>

    <p class='ocr_par' dir='ltr' id='par_1_5' title="bbox 168 907 1660 1082">
     <span class='ocr_line' id='line_1_8' title="bbox 168 907 1660 994; baseline -0.001 -20"><span class='ocrx_word' id='word_1_43' title='bbox 168 917 238 974; x_wconf 80' lang='grc' dir='ltr'><strong>Οὔ</strong></span> <span class='ocrx_word' id='word_1_44' title='bbox 265 913 432 990; x_wconf 75' lang='grc' dir='ltr'>μάτηρ</span> <span class='ocrx_word' id='word_1_45' title='bbox 459 911 670 991; x_wconf 75' lang='grc' dir='ltr'><strong>στέργει</strong></span> <span class='ocrx_word' id='word_1_46' title='bbox 693 913 790 990; x_wconf 84' lang='grc' dir='ltr'>μὲν</span> <span class='ocrx_word' id='word_1_47' title='bbox 811 912 976 994; x_wconf 79' lang='grc' dir='ltr'>Ἄρη,</span> <span class='ocrx_word' id='word_1_48' title='bbox 1002 914 1217 993; x_wconf 85' lang='grc' dir='ltr'>γαμέτις</span> <span class='ocrx_word' id='word_1_49' title='bbox 1241 915 1295 973; x_wconf 84' lang='grc' dir='ltr'><strong>δὲ</strong></span> <span class='ocrx_word' id='word_1_50' title='bbox 1319 914 1564 973; x_wconf 80' lang='grc' dir='ltr'><strong>τέτυκται</strong></span> <span class='ocrx_word' id='word_1_51' title='bbox 1653 907 1660 914; x_wconf 62' lang='grc'><strong>’</strong></span> 
     </span>
     <span class='ocr_line' id='line_1_9' title="bbox 233 998 1340 1082; baseline 0 -24"><span class='ocrx_word' id='word_1_52' title='bbox 233 999 498 1079; x_wconf 67' lang='grc' dir='ltr'>Ἁφαίστου</span> <span class='ocrx_word' id='word_1_53' title='bbox 514 1044 531 1070; x_wconf 86' lang='grc'><strong>,</strong></span> <span class='ocrx_word' id='word_1_54' title='bbox 559 999 711 1058; x_wconf 72' lang='grc' dir='ltr'>κοινὰ</span> <span class='ocrx_word' id='word_1_55' title='bbox 737 998 829 1060; x_wconf 79' lang='grc' dir='ltr'>καὶ</span> <span class='ocrx_word' id='word_1_56' title='bbox 852 1001 978 1080; x_wconf 67' lang='grc' dir='ltr'>πυρὶ</span> <span class='ocrx_word' id='word_1_57' title='bbox 1005 999 1096 1059; x_wconf 81' lang='grc' dir='ltr'>καὶ</span> <span class='ocrx_word' id='word_1_58' title='bbox 1116 1001 1340 1082; x_wconf 70' lang='grc' dir='ltr'>ξίφεσινς</span> 
     </span>
    </p>

    <p class='ocr_par' dir='ltr' id='par_1_6' title="bbox 169 1087 1471 1256">
     <span class='ocr_line' id='line_1_10' title="bbox 169 1087 1471 1168; baseline 0 -21"><span class='ocrx_word' id='word_1_59' title='bbox 169 1088 336 1166; x_wconf 74' lang='grc' dir='ltr'>ματρὸς</span> <span class='ocrx_word' id='word_1_60' title='bbox 355 1089 399 1145; x_wconf 81' lang='grc' dir='ltr'><strong>δ’</strong></span> <span class='ocrx_word' id='word_1_61' title='bbox 427 1089 490 1146; x_wconf 83' lang='grc' dir='ltr'>οὗ</span> <span class='ocrx_word' id='word_1_62' title='bbox 523 1087 704 1168; x_wconf 78' lang='grc' dir='ltr'>μάτηρ</span> <span class='ocrx_word' id='word_1_63' title='bbox 728 1089 938 1164; x_wconf 74' lang='grc' dir='ltr'>ἀνέμων</span> <span class='ocrx_word' id='word_1_64' title='bbox 960 1089 1172 1165; x_wconf 82' lang='grc' dir='ltr'>μάστιξι</span> <span class='ocrx_word' id='word_1_65' title='bbox 1203 1091 1471 1150; x_wconf 81' lang='grc' dir='ltr'>Θάλασσα</span> 
     </span>
     <span class='ocr_line' id='line_1_11' title="bbox 233 1175 1439 1256; baseline 0.004 -23"><span class='ocrx_word' id='word_1_66' title='bbox 233 1175 388 1254; x_wconf 75' lang='grc' dir='ltr'>τραχὺ</span> <span class='ocrx_word' id='word_1_67' title='bbox 411 1180 546 1256; x_wconf 70' lang='grc' dir='ltr'>βοᾷς</span> <span class='ocrx_word' id='word_1_68' title='bbox 574 1175 786 1250; x_wconf 80' lang='grc' dir='ltr'><strong>γενέτας</strong></span> <span class='ocrx_word' id='word_1_69' title='bbox 815 1176 860 1234; x_wconf 85' lang='grc' dir='ltr'><strong>δ’</strong></span> <span class='ocrx_word' id='word_1_70' title='bbox 887 1177 1005 1236; x_wconf 84' lang='grc' dir='ltr'>οὔτε</span> <span class='ocrx_word' id='word_1_71' title='bbox 1032 1177 1110 1246; x_wconf 87' lang='grc' dir='ltr'><strong>τίς</strong></span> <span class='ocrx_word' id='word_1_72' title='bbox 1137 1177 1254 1238; x_wconf 84' lang='grc' dir='ltr'>οὔτε</span> <span class='ocrx_word' id='word_1_73' title='bbox 1281 1179 1439 1246; x_wconf 88' lang='grc' dir='ltr'>τίνος.</span> 
     </span>
    </p>

    <p class='ocr_par' dir='ltr' id='par_1_7' title="bbox 167 1262 1695 1434">
     <span class='ocr_line' id='line_1_12' title="bbox 167 1262 1695 1346; baseline -0.001 -22"><span class='ocrx_word' id='word_1_74' title='bbox 167 1264 390 1324; x_wconf 56' lang='lat' dir='ltr'><strong>&#39;raanan</strong></span> <span class='ocrx_word' id='word_1_75' title='bbox 413 1262 696 1343; x_wconf 73' lang='grc' dir='ltr'><strong>Ἁφαίστου</strong></span> <span class='ocrx_word' id='word_1_76' title='bbox 719 1264 814 1340; x_wconf 77' lang='grc' dir='ltr'>μὲν</span> <span class='ocrx_word' id='word_1_77' title='bbox 851 1264 960 1344; x_wconf 75' lang='grc' dir='ltr'>ἔχει</span> <span class='ocrx_word' id='word_1_78' title='bbox 997 1265 1165 1346; x_wconf 77' lang='grc' dir='ltr'>φλόγα</span> <span class='ocrx_word' id='word_1_79' title='bbox 1181 1311 1201 1341; x_wconf 86' lang='grc'><strong><em>,</em></strong></span> <span class='ocrx_word' id='word_1_80' title='bbox 1229 1266 1430 1340; x_wconf 78' lang='grc' dir='ltr'>κύμασι</span> <span class='ocrx_word' id='word_1_81' title='bbox 1452 1266 1501 1324; x_wconf 90' lang='grc' dir='ltr'><strong>δ’</strong></span> <span class='ocrx_word' id='word_1_82' title='bbox 1535 1265 1695 1344; x_wconf 76' lang='grc' dir='ltr'>ὀργὰν</span> 
     </span>
     <span class='ocr_line' id='line_1_13' title="bbox 233 1347 1466 1434; baseline 0.003 -24"><span class='ocrx_word' id='word_1_83' title='bbox 233 1350 426 1430; x_wconf 76' lang='grc' dir='ltr'>στέρξεν</span> <span class='ocrx_word' id='word_1_84' title='bbox 453 1350 596 1424; x_wconf 76' lang='grc' dir='ltr'>ἴσαν,</span> <span class='ocrx_word' id='word_1_85' title='bbox 621 1347 816 1431; x_wconf 78' lang='grc' dir='ltr'>Ἄρεως</span> <span class='ocrx_word' id='word_1_86' title='bbox 839 1353 893 1410; x_wconf 84' lang='grc' dir='ltr'><strong>δ’</strong></span> <span class='ocrx_word' id='word_1_87' title='bbox 917 1352 1278 1434; x_wconf 74' lang='grc' dir='ltr'>αἱματόφυρτα</span> <span class='ocrx_word' id='word_1_88' title='bbox 1313 1353 1466 1433; x_wconf 86' lang='grc' dir='ltr'>βέλη.</span> 
     </span>
    </p>
   </div>
   <div class='ocr_carea' id='block_1_5' title="bbox 551 1495 1298 1556">
    <p class='ocr_par' dir='ltr' id='par_1_8' title="bbox 551 1495 1298 1556">
     <span class='ocr_line' id='line_1_14' title="bbox 551 1495 1298 1556; baseline 0.004 -5"><span class='ocrx_word' id='word_1_89' title='bbox 551 1503 576 1551; x_wconf 84' lang='grc'><strong>1</strong></span> <span class='ocrx_word' id='word_1_90' title='bbox 589 1503 622 1551; x_wconf 88' lang='lat'><strong>8</strong></span> <span class='ocrx_word' id='word_1_91' title='bbox 637 1501 657 1551; x_wconf 87' lang='lat' dir='ltr'><strong>l</strong></span> <span class='ocrx_word' id='word_1_92' title='bbox 672 1535 687 1548; x_wconf 91' lang='lat'><strong>.</strong></span> <span class='ocrx_word' id='word_1_93' title='bbox 727 1495 1298 1556; x_wconf 78' lang='grc' dir='ltr'><strong>ΑΣΚΛΗΠῘΑΔΟΥ.</strong></span> 
     </span>
    </p>
   </div>
   <div class='ocr_carea' id='block_1_6' title="bbox 103 1629 1692 2678">
    <p class='ocr_par' dir='ltr' id='par_1_9' title="bbox 103 1629 1692 2678">
     <span class='ocr_line' id='line_1_15' title="bbox 169 1629 1692 1710; baseline 0.001 -21"><span class='ocrx_word' id='word_1_94' title='bbox 169 1634 271 1690; x_wconf 72' lang='grc' dir='ltr'>Τῶν</span> <span class='ocrx_word' id='word_1_95' title='bbox 283 1633 310 1658; x_wconf 76' lang='lat'><strong>⁴²</strong></span> <span class='ocrx_word' id='word_1_96' title='bbox 325 1629 518 1710; x_wconf 81' lang='grc' dir='ltr'>καρίων</span> <span class='ocrx_word' id='word_1_97' title='bbox 541 1635 672 1706; x_wconf 76' lang='grc' dir='ltr'>ἡμῖν</span> <span class='ocrx_word' id='word_1_98' title='bbox 691 1629 822 1689; x_wconf 66' lang='grc' dir='ltr'>λάθε</span> <span class='ocrx_word' id='word_1_99' title='bbox 840 1631 1125 1698; x_wconf 71' lang='grc' dir='ltr'>’κῶλακας</span> <span class='ocrx_word' id='word_1_100' title='bbox 1144 1633 1300 1709; x_wconf 77' lang='grc' dir='ltr'>(ἀλλὰ</span> <span class='ocrx_word' id='word_1_101' title='bbox 1319 1630 1436 1692; x_wconf 83' lang='grc' dir='ltr'>πόθ’</span> <span class='ocrx_word' id='word_1_102' title='bbox 1459 1631 1692 1710; x_wconf 63' lang='grc' dir='ltr'><strong>1”·7,ξει;),</strong></span> 
     </span>
     <span class='ocr_line' id='line_1_16' title="bbox 236 1715 1523 1798; baseline 0.004 -23"><span class='ocrx_word' id='word_1_103' title='bbox 236 1717 315 1775; x_wconf 80' lang='grc' dir='ltr'>καὶ</span> <span class='ocrx_word' id='word_1_104' title='bbox 335 1715 491 1775; x_wconf 81' lang='grc' dir='ltr'>πέντε</span> <span class='ocrx_word' id='word_1_105' title='bbox 521 1717 806 1797; x_wconf 75' lang='grc' dir='ltr'><strong>στεφάνως</strong></span> <span class='ocrx_word' id='word_1_106' title='bbox 830 1723 936 1778; x_wconf 77' lang='grc' dir='ltr'><strong>τῶν</strong></span> <span class='ocrx_word' id='word_1_107' title='bbox 969 1718 1176 1798; x_wconf 76' lang='grc' dir='ltr'>ῥοδίνων</span> <span class='ocrx_word' id='word_1_108' title='bbox 1198 1719 1224 1741; x_wconf 82' lang='grc'><em>“</em></span> <span class='ocrx_word' id='word_1_109' title='bbox 1253 1743 1312 1778; x_wconf 90' lang='grc' dir='ltr'><strong>τε</strong></span> <span class='ocrx_word' id='word_1_110' title='bbox 1339 1718 1523 1787; x_wconf 79' lang='grc' dir='ltr'>τόπαξ.</span> 
     </span>
     <span class='ocr_line' id='line_1_17' title="bbox 173 1799 1578 1887; baseline -0.002 -21"><span class='ocrx_word' id='word_1_111' title='bbox 173 1808 241 1866; x_wconf 80' lang='grc' dir='ltr'><strong>Οὖ</strong></span> <span class='ocrx_word' id='word_1_112' title='bbox 259 1805 352 1885; x_wconf 70' lang='grc' dir='ltr'>φὴς</span> <span class='ocrx_word' id='word_1_113' title='bbox 371 1805 590 1885; x_wconf 80' lang='grc' dir='ltr'>κέρματ’</span> <span class='ocrx_word' id='word_1_114' title='bbox 613 1806 784 1885; x_wconf 77' lang='grc' dir='ltr'>ἔχειν;</span> <span class='ocrx_word' id='word_1_115' title='bbox 807 1806 1147 1883; x_wconf 81' lang='grc' dir='ltr'>διολώλαμεν.</span> <span class='ocrx_word' id='word_1_116' title='bbox 1179 1811 1260 1868; x_wconf 85' lang='grc' dir='ltr'><strong>Οὗ</strong></span> <span class='ocrx_word' id='word_1_117' title='bbox 1281 1799 1480 1887; x_wconf 68' lang='grc' dir='ltr'>τροχιὲῐ</span> <span class='ocrx_word' id='word_1_118' title='bbox 1501 1830 1578 1873; x_wconf 86' lang='grc' dir='ltr'><strong>τις</strong></span> 
     </span>
     <span class='ocr_line' id='line_1_18' title="bbox 238 1891 1508 1973; baseline 0.003 -23"><span class='ocrx_word' id='word_1_119' title='bbox 238 1895 312 1952; x_wconf 73' lang='grc' dir='ltr'>τὸν</span> <span class='ocrx_word' id='word_1_120' title='bbox 335 1891 608 1965; x_wconf 68' lang='grc' dir='ltr'>Λαπίθηνς</span> <span class='ocrx_word' id='word_1_121' title='bbox 641 1892 841 1973; x_wconf 78' lang='grc' dir='ltr'>λῃστὴν</span> <span class='ocrx_word' id='word_1_122' title='bbox 858 1936 876 1966; x_wconf 87' lang='grc'><em>,</em></span> <span class='ocrx_word' id='word_1_123' title='bbox 907 1895 968 1952; x_wconf 80' lang='grc' dir='ltr'>οὗ</span> <span class='ocrx_word' id='word_1_124' title='bbox 991 1894 1262 1973; x_wconf 77' lang='grc' dir='ltr'>θεράποντ’</span> <span class='ocrx_word' id='word_1_125' title='bbox 1295 1893 1508 1973; x_wconf 81' lang='grc' dir='ltr'>ἔχομεν.</span> 
     </span>
     <span class='ocr_line' id='line_1_19' title="bbox 117 1981 1626 2061; baseline 0.002 -24"><span class='ocrx_word' id='word_1_126' title='bbox 117 2004 134 2037; x_wconf 80' lang='grc' dir='ltr'>ι</span> <span class='ocrx_word' id='word_1_127' title='bbox 173 1985 269 2042; x_wconf 76' lang='grc' dir='ltr'><strong>Οὐκ</strong></span> <span class='ocrx_word' id='word_1_128' title='bbox 289 1983 512 2056; x_wconf 64' lang='lat' dir='ltr'><strong>deitati-&lt;3</strong></span> <span class='ocrx_word' id='word_1_129' title='bbox 536 1981 720 2058; x_wconf 77' lang='grc' dir='ltr'>οὖδένς</span> <span class='ocrx_word' id='word_1_130' title='bbox 741 1982 890 2061; x_wconf 82' lang='grc' dir='ltr'>Φέρε</span> <span class='ocrx_word' id='word_1_131' title='bbox 906 1981 994 2040; x_wconf 74' lang='grc' dir='ltr'><strong>τὸν</strong></span> <span class='ocrx_word' id='word_1_132' title='bbox 1017 1981 1191 2060; x_wconf 85' lang='grc' dir='ltr'>λόγον·</span> <span class='ocrx_word' id='word_1_133' title='bbox 1208 1983 1323 2040; x_wconf 74' lang='grc' dir='ltr'>ἐλθὲ</span> <span class='ocrx_word' id='word_1_134' title='bbox 1348 1982 1588 2041; x_wconf 77' lang='grc' dir='ltr'>λαὸοῦσα</span> <span class='ocrx_word' id='word_1_135' title='bbox 1607 2025 1626 2052; x_wconf 87' lang='grc'><strong><em>,</em></strong></span> 
     </span>
     <span class='ocr_line' id='line_1_20' title="bbox 233 2066 1457 2150; baseline -0.002 -20"><span class='ocrx_word' id='word_1_136' title='bbox 233 2066 444 2148; x_wconf 75' lang='grc' dir='ltr'>Φρύνη,</span> <span class='ocrx_word' id='word_1_137' title='bbox 469 2069 562 2136; x_wconf 73' lang='grc' dir='ltr'><strong>τὰς</strong></span> <span class='ocrx_word' id='word_1_138' title='bbox 585 2069 812 2150; x_wconf 74' lang='grc' dir='ltr'>ψήφους.</span> <span class='ocrx_word' id='word_1_139' title='bbox 841 2067 918 2130; x_wconf 78' lang='grc' dir='ltr'>Ὦ</span> <span class='ocrx_word' id='word_1_140' title='bbox 951 2069 1181 2146; x_wconf 77' lang='grc' dir='ltr'>μεγάλου</span> <span class='ocrx_word' id='word_1_141' title='bbox 1204 2071 1457 2136; x_wconf 77' lang='grc' dir='ltr'><strong>κιναίδους.</strong></span> 
     </span>
     <span class='ocr_line' id='line_1_21' title="bbox 175 2149 1235 2238; baseline 0 -20"><span class='ocrx_word' id='word_1_142' title='bbox 175 2159 304 2218; x_wconf 86' lang='grc' dir='ltr'>Πέντ’</span> <span class='ocrx_word' id='word_1_143' title='bbox 320 2149 456 2224; x_wconf 72' lang='grc' dir='ltr'>οἶνος</span> <span class='ocrx_word' id='word_1_144' title='bbox 481 2160 755 2238; x_wconf 78' lang='grc' dir='ltr'>δραχμῶν·</span> <span class='ocrx_word' id='word_1_145' title='bbox 779 2161 944 2226; x_wconf 79' lang='grc' dir='ltr'>ἀλλᾶς</span> <span class='ocrx_word' id='word_1_146' title='bbox 969 2158 1059 2218; x_wconf 81' lang='grc' dir='ltr'>δύο</span> <span class='ocrx_word' id='word_1_147' title='bbox 1078 2200 1095 2215; x_wconf 90' lang='grc'><strong>.</strong></span> <span class='ocrx_word' id='word_1_148' title='bbox 1125 2201 1140 2216; x_wconf 92' lang='grc'><strong>.</strong></span> <span class='ocrx_word' id='word_1_149' title='bbox 1169 2202 1184 2217; x_wconf 92' lang='grc'><strong>.</strong></span> <span class='ocrx_word' id='word_1_150' title='bbox 1219 2202 1235 2218; x_wconf 90' lang='grc'><strong>.</strong></span> 
     </span>
     <span class='ocr_line' id='line_1_22' title="bbox 231 2233 1458 2326; baseline -0.001 -23"><span class='ocrx_word' id='word_1_151' title='bbox 231 2246 258 2272; x_wconf 80' lang='lat'><strong>⁴⁸</strong></span> <span class='ocrx_word' id='word_1_152' title='bbox 273 2233 380 2303; x_wconf 69' lang='grc' dir='ltr'>ἷιτα</span> <span class='ocrx_word' id='word_1_153' title='bbox 405 2243 586 2322; x_wconf 85' lang='grc' dir='ltr'>λέγεις.</span> <span class='ocrx_word' id='word_1_154' title='bbox 609 2244 896 2325; x_wconf 77' lang='grc' dir='ltr'>σκόμὸροις</span> <span class='ocrx_word' id='word_1_155' title='bbox 915 2247 1164 2324; x_wconf 85' lang='grc' dir='ltr'>θέσμυκες</span> <span class='ocrx_word' id='word_1_156' title='bbox 1183 2247 1397 2326; x_wconf 74' lang='grc' dir='ltr'>χάδονες</span> <span class='ocrx_word' id='word_1_157' title='bbox 1419 2245 1458 2302; x_wconf 76' lang='grc'><strong>’.</strong></span> 
     </span>
     <span class='ocr_line' id='line_1_23' title="bbox 169 2331 1644 2412; baseline -0.001 -22"><span class='ocrx_word' id='word_1_158' title='bbox 169 2331 332 2412; x_wconf 72' lang='grc' dir='ltr'>Αὔριον</span> <span class='ocrx_word' id='word_1_159' title='bbox 358 2331 491 2390; x_wconf 67' lang='grc' dir='ltr'>αὐτὰ</span> <span class='ocrx_word' id='word_1_160' title='bbox 515 2333 690 2399; x_wconf 77' lang='grc' dir='ltr'>καλῶς</span> <span class='ocrx_word' id='word_1_161' title='bbox 707 2333 1040 2412; x_wconf 81' lang='grc' dir='ltr'>λογιούμεθα·</span> <span class='ocrx_word' id='word_1_162' title='bbox 1059 2339 1148 2392; x_wconf 76' lang='grc' dir='ltr'><strong>νῦν</strong></span> <span class='ocrx_word' id='word_1_163' title='bbox 1178 2333 1232 2392; x_wconf 83' lang='grc' dir='ltr'><strong>δὲ</strong></span> <span class='ocrx_word' id='word_1_164' title='bbox 1253 2332 1382 2411; x_wconf 77' lang='grc' dir='ltr'>πρὸς</span> <span class='ocrx_word' id='word_1_165' title='bbox 1402 2332 1644 2411; x_wconf 79' lang='grc' dir='ltr'>Αἶσχραν</span> 
     </span>
     <span class='ocr_line' id='line_1_24' title="bbox 103 2418 1424 2500; baseline 0.005 -26"><span class='ocrx_word' id='word_1_166' title='bbox 103 2439 134 2474; x_wconf 68' lang='grc' dir='ltr'>ιο</span> <span class='ocrx_word' id='word_1_167' title='bbox 231 2419 316 2490; x_wconf 70' lang='grc' dir='ltr'><strong>τὴν</strong></span> <span class='ocrx_word' id='word_1_168' title='bbox 337 2420 644 2499; x_wconf 79' lang='grc' dir='ltr'>μυρόπωλιν</span> <span class='ocrx_word' id='word_1_169' title='bbox 670 2418 790 2496; x_wconf 78' lang='grc' dir='ltr'>ἰὼν,</span> <span class='ocrx_word' id='word_1_170' title='bbox 809 2420 967 2479; x_wconf 82' lang='grc' dir='ltr'>πέντε</span> <span class='ocrx_word' id='word_1_171' title='bbox 997 2420 1120 2480; x_wconf 78' lang='grc' dir='ltr'>λα’6’</span> <span class='ocrx_word' id='word_1_172' title='bbox 1151 2420 1424 2500; x_wconf 81' lang='grc' dir='ltr'>ἀργυρέας.</span> 
     </span>
     <span class='ocr_line' id='line_1_25' title="bbox 171 2506 1433 2588; baseline -0.003 -22"><span class='ocrx_word' id='word_1_173' title='bbox 171 2506 282 2566; x_wconf 71' lang='grc' dir='ltr'><strong>Εἰπὲ</strong></span> <span class='ocrx_word' id='word_1_174' title='bbox 300 2507 352 2566; x_wconf 81' lang='grc' dir='ltr'><strong>δὲ</strong></span> <span class='ocrx_word' id='word_1_175' title='bbox 371 2509 610 2582; x_wconf 76' lang='grc' dir='ltr'>σημεῖον,</span> <span class='ocrx_word' id='word_1_176' title='bbox 637 2506 887 2586; x_wconf 81' lang='grc' dir='ltr'>Βάκχων’</span> <span class='ocrx_word' id='word_1_177' title='bbox 912 2507 992 2566; x_wconf 81' lang='grc' dir='ltr'><strong>ὅτι</strong></span> <span class='ocrx_word' id='word_1_178' title='bbox 1021 2508 1166 2566; x_wconf 78' lang='grc' dir='ltr'>πέντ’</span> <span class='ocrx_word' id='word_1_179' title='bbox 1194 2508 1433 2588; x_wconf 76' lang='grc' dir='ltr'><strong>ἐφίλησεν</strong></span> 
     </span>
     <span class='ocr_line' id='line_1_26' title="bbox 233 2585 1249 2678; baseline 0.003 -26"><span class='ocrx_word' id='word_1_180' title='bbox 233 2593 334 2664; x_wconf 71' lang='grc' dir='ltr'>ἑξῆς</span> <span class='ocrx_word' id='word_1_181' title='bbox 349 2637 371 2667; x_wconf 86' lang='grc'><em>,</em></span> <span class='ocrx_word' id='word_1_182' title='bbox 401 2585 470 2652; x_wconf 69' lang='grc' dir='ltr'>ὧν</span> <span class='ocrx_word' id='word_1_183' title='bbox 498 2595 654 2668; x_wconf 82' lang='grc' dir='ltr'>κλίνη</span> <span class='ocrx_word' id='word_1_184' title='bbox 688 2596 890 2676; x_wconf 80' lang='grc' dir='ltr'>μάρτυς</span> <span class='ocrx_word' id='word_1_185' title='bbox 911 2595 1249 2678; x_wconf 66' lang='grc' dir='ltr'>ἐπεγράφετο.</span> 
     </span>
    </p>
   </div>
   <div class='ocr_carea' id='block_1_7' title="bbox 594 2737 1248 2796">
    <p class='ocr_par' dir='ltr' id='par_1_10' title="bbox 594 2737 1248 2796">
     <span class='ocr_line' id='line_1_27' title="bbox 594 2737 1248 2796; baseline -0.003 -3"><span class='ocrx_word' id='word_1_186' title='bbox 594 2744 727 2794; x_wconf 81' lang='lat'><strong>182.</strong></span> <span class='ocrx_word' id='word_1_187' title='bbox 773 2737 1248 2796; x_wconf 81' lang='grc' dir='ltr'><strong>ΜΕΛΕΑΓΡΟΥ.</strong></span> 
     </span>
    </p>
   </div>
   <div class='ocr_carea' id='block_1_8' title="bbox 173 2869 1696 3219">
    <p class='ocr_par' dir='ltr' id='par_1_11' title="bbox 173 2869 1696 3219">
     <span class='ocr_line' id='line_1_28' title="bbox 175 2869 1696 2957; baseline 0.001 -22"><span class='ocrx_word' id='word_1_188' title='bbox 175 2873 308 2956; x_wconf 72' lang='grc' dir='ltr'>[Εἰπὲ</span> <span class='ocrx_word' id='word_1_189' title='bbox 331 2876 640 2949; x_wconf 74' lang='grc' dir='ltr'>Δυκιιινίδι,</span> <span class='ocrx_word' id='word_1_190' title='bbox 662 2873 896 2956; x_wconf 82' lang='grc' dir='ltr'>Δορκάς·</span> <span class='ocrx_word' id='word_1_191' title='bbox 921 2905 946 2931; x_wconf 78' lang='grc' dir='ltr'>ιι</span> <span class='ocrx_word' id='word_1_192' title='bbox 970 2869 1072 2937; x_wconf 81' lang='grc' dir='ltr'><strong>Ἴδ’</strong></span> <span class='ocrx_word' id='word_1_193' title='bbox 1095 2880 1166 2944; x_wconf 80' lang='grc' dir='ltr'>ὡς</span> <span class='ocrx_word' id='word_1_194' title='bbox 1194 2877 1448 2950; x_wconf 79' lang='grc' dir='ltr'>ἐπίτηκτα</span> <span class='ocrx_word' id='word_1_195' title='bbox 1476 2882 1696 2957; x_wconf 76' lang='grc' dir='ltr'>φιλοῦσα</span> 
     </span>
     <span class='ocr_line' id='line_1_29' title="bbox 233 2962 1500 3044; baseline 0.005 -24"><span class='ocrx_word' id='word_1_196' title='bbox 233 2962 390 3035; x_wconf 77' lang='grc' dir='ltr'>ἥλως·</span> <span class='ocrx_word' id='word_1_197' title='bbox 419 2964 482 3021; x_wconf 80' lang='grc' dir='ltr'>οὗ</span> <span class='ocrx_word' id='word_1_198' title='bbox 511 2964 732 3043; x_wconf 77' lang='grc' dir='ltr'>κρύπτει</span> <span class='ocrx_word' id='word_1_199' title='bbox 761 2962 995 3025; x_wconf 73' lang='grc' dir='ltr'>πλαστὸν</span> <span class='ocrx_word' id='word_1_200' title='bbox 1024 2965 1195 3044; x_wconf 85' lang='grc' dir='ltr'>ἔρωτα</span> <span class='ocrx_word' id='word_1_201' title='bbox 1221 2965 1420 3044; x_wconf 84' lang='grc' dir='ltr'>χρόνος.</span> <span class='ocrx_word' id='word_1_202' title='bbox 1450 2967 1500 3044; x_wconf 78' lang='grc'><strong>»]</strong></span> 
     </span>
     <span class='ocr_line' id='line_1_30' title="bbox 173 3049 1560 3130; baseline 0 -20"><span class='ocrx_word' id='word_1_203' title='bbox 173 3050 410 3129; x_wconf 82' lang='grc' dir='ltr'>Ἄγγειλον</span> <span class='ocrx_word' id='word_1_204' title='bbox 427 3049 555 3109; x_wconf 82' lang='grc' dir='ltr'>τάδε</span> <span class='ocrx_word' id='word_1_205' title='bbox 571 3094 592 3123; x_wconf 86' lang='grc'><strong>,</strong></span> <span class='ocrx_word' id='word_1_206' title='bbox 623 3050 844 3129; x_wconf 82' lang='grc' dir='ltr'>Δορκάς·</span> <span class='ocrx_word' id='word_1_207' title='bbox 872 3049 984 3109; x_wconf 74' lang='grc' dir='ltr'>ἰδοὺ</span> <span class='ocrx_word' id='word_1_208' title='bbox 1010 3053 1142 3109; x_wconf 84' lang='grc' dir='ltr'>πάλι</span> <span class='ocrx_word' id='word_1_209' title='bbox 1169 3052 1405 3130; x_wconf 82' lang='grc' dir='ltr'>δεύτερον</span> <span class='ocrx_word' id='word_1_210' title='bbox 1428 3055 1560 3130; x_wconf 80' lang='grc' dir='ltr'>αὐτῇ</span> 
     </span>
     <span class='ocr_line' id='line_1_31' title="bbox 236 3137 1696 3219; baseline 0.003 -23"><span class='ocrx_word' id='word_1_211' title='bbox 236 3138 314 3196; x_wconf 76' lang='grc' dir='ltr'>καὶ</span> <span class='ocrx_word' id='word_1_212' title='bbox 330 3138 504 3217; x_wconf 76' lang='grc' dir='ltr'>τρίτον</span> <span class='ocrx_word' id='word_1_213' title='bbox 523 3138 784 3215; x_wconf 82' lang='grc' dir='ltr'>ἄγγειλον,</span> <span class='ocrx_word' id='word_1_214' title='bbox 818 3140 1042 3216; x_wconf 73' lang='grc' dir='ltr'>Δορκὰς,</span> <span class='ocrx_word' id='word_1_215' title='bbox 1066 3137 1294 3199; x_wconf 78' lang='grc' dir='ltr'>ἅπαντα.</span> <span class='ocrx_word' id='word_1_216' title='bbox 1317 3140 1505 3219; x_wconf 83' lang='grc' dir='ltr'>Τρέχε·</span> <span class='ocrx_word' id='word_1_217' title='bbox 1525 3142 1696 3219; x_wconf 79' lang='grc' dir='ltr'>[σχες.</span> 
     </span>
    </p>
   </div>
   <div class='ocr_carea' id='block_1_9' title="bbox 117 3224 1702 3307">
    <p class='ocr_par' dir='ltr' id='par_1_12' title="bbox 117 3224 1702 3307">
     <span class='ocr_line' id='line_1_32' title="bbox 117 3224 1702 3307; baseline 0.001 -22"><span class='ocrx_word' id='word_1_218' title='bbox 117 3258 136 3292; x_wconf 63' lang='lat'><strong>5</strong></span> <span class='ocrx_word' id='word_1_219' title='bbox 175 3225 334 3303; x_wconf 75' lang='grc' dir='ltr'>μηκέτι</span> <span class='ocrx_word' id='word_1_220' title='bbox 347 3224 526 3303; x_wconf 82' lang='grc' dir='ltr'>μέλλε,</span> <span class='ocrx_word' id='word_1_221' title='bbox 538 3225 698 3287; x_wconf 88' lang='grc' dir='ltr'>πέτου</span> <span class='ocrx_word' id='word_1_222' title='bbox 711 3226 976 3306; x_wconf 71' lang='grc' dir='ltr'>-βραχά</span> <span class='ocrx_word' id='word_1_223' title='bbox 998 3250 1110 3303; x_wconf 84' lang='grc' dir='ltr'>μοι,</span> <span class='ocrx_word' id='word_1_224' title='bbox 1131 3227 1321 3307; x_wconf 72' lang='grc' dir='ltr'>βραχὺ,</span> <span class='ocrx_word' id='word_1_225' title='bbox 1341 3228 1560 3307; x_wconf 79' lang='grc' dir='ltr'>Δορκὰς,</span> <span class='ocrx_word' id='word_1_226' title='bbox 1585 3228 1702 3286; x_wconf 83' lang='grc' dir='ltr'>ἐπί-</span> 
     </span>
    </p>
   </div>
   <div class='ocr_carea' id='block_1_10' title="bbox 103 3313 1697 3747">
    <p class='ocr_par' dir='ltr' id='par_1_13' title="bbox 103 3313 1697 3747">
     <span class='ocr_line' id='line_1_33' title="bbox 235 3313 1658 3395; baseline -0.001 -23"><span class='ocrx_word' id='word_1_227' title='bbox 235 3313 454 3391; x_wconf 74' lang='grc' dir='ltr'>Δορκὲς,</span> <span class='ocrx_word' id='word_1_228' title='bbox 479 3314 574 3373; x_wconf 80' lang='grc' dir='ltr'><strong>ποῖ</strong></span> <span class='ocrx_word' id='word_1_229' title='bbox 600 3314 844 3380; x_wconf 79' lang='grc' dir='ltr'>σπεύδεις</span> <span class='ocrx_word' id='word_1_230' title='bbox 863 3359 880 3390; x_wconf 85' lang='grc'><strong>,</strong></span> <span class='ocrx_word' id='word_1_231' title='bbox 909 3315 1032 3395; x_wconf 89' lang='grc' dir='ltr'>πρίν</span> <span class='ocrx_word' id='word_1_232' title='bbox 1059 3338 1118 3374; x_wconf 91' lang='grc' dir='ltr'><strong>σε</strong></span> <span class='ocrx_word' id='word_1_233' title='bbox 1144 3314 1210 3373; x_wconf 83' lang='grc' dir='ltr'>τὰ</span> <span class='ocrx_word' id='word_1_234' title='bbox 1246 3315 1421 3375; x_wconf 87' lang='grc' dir='ltr'>πάντα</span> <span class='ocrx_word' id='word_1_235' title='bbox 1444 3320 1658 3391; x_wconf 86' lang='grc' dir='ltr'>μαθεῖν;</span> 
     </span>
     <span class='ocr_line' id='line_1_34' title="bbox 175 3393 1697 3483; baseline 0.001 -24"><span class='ocrx_word' id='word_1_236' title='bbox 175 3403 362 3482; x_wconf 74' lang='grc' dir='ltr'>πρόσθες</span> <span class='ocrx_word' id='word_1_237' title='bbox 387 3404 440 3461; x_wconf 80' lang='grc' dir='ltr'><strong>δ’</strong></span> <span class='ocrx_word' id='word_1_238' title='bbox 463 3393 540 3470; x_wconf 75' lang='grc' dir='ltr'><strong>οἷς</strong></span> <span class='ocrx_word' id='word_1_239' title='bbox 565 3401 754 3481; x_wconf 82' lang='grc' dir='ltr'>εἴρηκα</span> <span class='ocrx_word' id='word_1_240' title='bbox 773 3402 942 3461; x_wconf 84' lang='grc' dir='ltr'>πάλαι</span> <span class='ocrx_word' id='word_1_241' title='bbox 969 3437 1052 3449; x_wconf 97' lang='grc'>-</span> <span class='ocrx_word' id='word_1_242' title='bbox 1080 3405 1280 3481; x_wconf 79' lang='grc' dir='ltr'>μᾶλλον</span> <span class='ocrx_word' id='word_1_243' title='bbox 1313 3403 1368 3461; x_wconf 83' lang='grc' dir='ltr'><strong>δέ</strong></span> <span class='ocrx_word' id='word_1_244' title='bbox 1394 3403 1468 3483; x_wconf 91' lang='grc' dir='ltr'>(τί</span> <span class='ocrx_word' id='word_1_245' title='bbox 1493 3406 1638 3483; x_wconf 83' lang='grc' dir='ltr'>ληρῶ</span> <span class='ocrx_word' id='word_1_246' title='bbox 1655 3402 1697 3483; x_wconf 81' lang='lat'><strong>3)</strong></span> 
     </span>
     <span class='ocr_line' id='line_1_35' title="bbox 237 3490 1564 3571; baseline 0.001 -21"><span class='ocrx_word' id='word_1_247' title='bbox 237 3490 382 3566; x_wconf 77' lang='grc' dir='ltr'>μηδὲν</span> <span class='ocrx_word' id='word_1_248' title='bbox 403 3490 540 3559; x_wconf 75' lang='grc' dir='ltr'>ὅλως</span> <span class='ocrx_word' id='word_1_249' title='bbox 565 3491 720 3571; x_wconf 77' lang='grc' dir='ltr'>εἴπῃς</span> <span class='ocrx_word' id='word_1_250' title='bbox 739 3522 822 3536; x_wconf 91' lang='lat'><strong>——</strong></span> <span class='ocrx_word' id='word_1_251' title='bbox 847 3492 968 3549; x_wconf 77' lang='grc' dir='ltr'>ἀλλ’</span> <span class='ocrx_word' id='word_1_252' title='bbox 993 3490 1073 3551; x_wconf 83' lang='grc' dir='ltr'><strong>ὅτι</strong></span> <span class='ocrx_word' id='word_1_253' title='bbox 1095 3527 1169 3538; x_wconf 93' lang='lat'>—</span> <span class='ocrx_word' id='word_1_254' title='bbox 1203 3494 1394 3552; x_wconf 78' lang='grc' dir='ltr'>Πάντα</span> <span class='ocrx_word' id='word_1_255' title='bbox 1422 3492 1564 3570; x_wconf 84' lang='grc' dir='ltr'>λέγε·</span> 
     </span>
     <span class='ocr_line' id='line_1_36' title="bbox 177 3576 1644 3658; baseline 0 -21"><span class='ocrx_word' id='word_1_256' title='bbox 177 3577 238 3653; x_wconf 75' lang='grc' dir='ltr'><strong>μὴ</strong></span> <span class='ocrx_word' id='word_1_257' title='bbox 253 3580 416 3657; x_wconf 71' lang='grc' dir='ltr'>φείδου</span> <span class='ocrx_word' id='word_1_258' title='bbox 442 3578 513 3636; x_wconf 80' lang='grc' dir='ltr'>τὰ</span> <span class='ocrx_word' id='word_1_259' title='bbox 539 3577 753 3637; x_wconf 78' lang='grc' dir='ltr'>ἅπαντα</span> <span class='ocrx_word' id='word_1_260' title='bbox 781 3576 968 3654; x_wconf 87' lang='grc' dir='ltr'>λέγειν.</span> <span class='ocrx_word' id='word_1_261' title='bbox 998 3577 1190 3639; x_wconf 77' lang='grc' dir='ltr'>Καίτοι</span> <span class='ocrx_word' id='word_1_262' title='bbox 1218 3578 1269 3635; x_wconf 86' lang='grc' dir='ltr'>τί</span> <span class='ocrx_word' id='word_1_263' title='bbox 1297 3602 1354 3639; x_wconf 88' lang='grc' dir='ltr'><strong>σε</strong></span> <span class='ocrx_word' id='word_1_264' title='bbox 1373 3624 1389 3651; x_wconf 88' lang='grc'><strong>,</strong></span> <span class='ocrx_word' id='word_1_265' title='bbox 1423 3578 1644 3658; x_wconf 78' lang='grc' dir='ltr'>Δορκὰς,</span> 
     </span>
     <span class='ocr_line' id='line_1_37' title="bbox 103 3665 1434 3747; baseline -0.002 -22"><span class='ocrx_word' id='word_1_266' title='bbox 103 3688 138 3725; x_wconf 80' lang='grc' dir='ltr'>ιι</span> <span class='ocrx_word' id='word_1_267' title='bbox 239 3666 484 3743; x_wconf 70' lang='grc' dir='ltr'>ἐκπέμπει»</span> <span class='ocrx_word' id='word_1_268' title='bbox 499 3711 518 3743; x_wconf 86' lang='lat'>‚</span> <span class='ocrx_word' id='word_1_269' title='bbox 543 3665 638 3724; x_wconf 78' lang='grc' dir='ltr'>σὺν</span> <span class='ocrx_word' id='word_1_270' title='bbox 664 3668 746 3726; x_wconf 77' lang='grc' dir='ltr'>σοὶ</span> <span class='ocrx_word' id='word_1_271' title='bbox 767 3667 985 3739; x_wconf 75' lang='grc' dir='ltr'>καύτὸς,</span> <span class='ocrx_word' id='word_1_272' title='bbox 1005 3666 1142 3740; x_wconf 75' lang='grc' dir='ltr'>ἰδοὺ,</span> <span class='ocrx_word' id='word_1_273' title='bbox 1165 3666 1434 3747; x_wconf 79' lang='grc' dir='ltr'>προάγων;</span> 
     </span>
    </p>
   </div>
   <div class='ocr_carea' id='block_1_11' title="bbox 557 3793 1346 3877">
    <p class='ocr_par' dir='ltr' id='par_1_14' title="bbox 557 3793 1346 3877">
     <span class='ocr_line' id='line_1_38' title="bbox 557 3793 1346 3877; baseline 0.001 -6"><span class='ocrx_word' id='word_1_274' title='bbox 557 3824 692 3873; x_wconf 63' lang='lat' dir='ltr'><strong>isa.</strong></span> <span class='ocrx_word' id='word_1_275' title='bbox 742 3817 1291 3877; x_wconf 72' lang='lat' dir='ltr'><strong>nozsmnnor.</strong></span> <span class='ocrx_word' id='word_1_276' title='bbox 1333 3793 1346 3811; x_wconf 77' lang='grc'><em>”</em></span> 
     </span>
    </p>
   </div>
   <div class='ocr_carea' id='block_1_12' title="bbox 177 3960 1621 4219">
    <p class='ocr_par' dir='ltr' id='par_1_15' title="bbox 177 3960 1621 4219">
     <span class='ocr_line' id='line_1_39' title="bbox 177 3960 1488 4045; baseline 0.002 -27"><span class='ocrx_word' id='word_1_277' title='bbox 177 3960 414 4041; x_wconf 81' lang='grc' dir='ltr'>Τέσσαρες</span> <span class='ocrx_word' id='word_1_278' title='bbox 437 3964 486 4020; x_wconf 76' lang='grc' dir='ltr'>οἱ</span> <span class='ocrx_word' id='word_1_279' title='bbox 512 3960 768 4030; x_wconf 85' lang='grc' dir='ltr'>πίνοντες·</span> <span class='ocrx_word' id='word_1_280' title='bbox 793 3964 1034 4041; x_wconf 79' lang='grc' dir='ltr'>ἐρωμένη</span> <span class='ocrx_word' id='word_1_281' title='bbox 1065 3963 1236 4045; x_wconf 78' lang='grc' dir='ltr'>ἔρχεθ’</span> <span class='ocrx_word' id='word_1_282' title='bbox 1261 3964 1488 4040; x_wconf 81' lang='grc' dir='ltr'>ἑκάστῳ·</span> 
     </span>
     <span class='ocr_line' id='line_1_40' title="bbox 237 4047 1257 4130; baseline 0.006 -25"><span class='ocrx_word' id='word_1_283' title='bbox 237 4047 364 4105; x_wconf 76' lang='grc' dir='ltr'>ὀκτὼ</span> <span class='ocrx_word' id='word_1_284' title='bbox 385 4049 681 4128; x_wconf 74' lang='grc' dir='ltr'>γινομένοις</span> <span class='ocrx_word' id='word_1_285' title='bbox 705 4048 762 4108; x_wconf 79' lang='grc' dir='ltr'>ἓν</span> <span class='ocrx_word' id='word_1_286' title='bbox 787 4050 918 4111; x_wconf 79' lang='grc' dir='ltr'>Χίον</span> <span class='ocrx_word' id='word_1_287' title='bbox 940 4053 1043 4130; x_wconf 77' lang='grc' dir='ltr'>οὔχ</span> <span class='ocrx_word' id='word_1_288' title='bbox 1058 4052 1257 4111; x_wconf 76' lang='grc' dir='ltr'>ἱκανόν.</span> 
     </span>
     <span class='ocr_line' id='line_1_41' title="bbox 183 4136 1621 4219; baseline 0 -25"><span class='ocrx_word' id='word_1_289' title='bbox 183 4137 469 4215; x_wconf 77' lang='grc' dir='ltr'>Παιδάριον,</span> <span class='ocrx_word' id='word_1_290' title='bbox 497 4136 716 4216; x_wconf 80' lang='grc' dir='ltr'>βαδίσας</span> <span class='ocrx_word' id='word_1_291' title='bbox 739 4137 868 4218; x_wconf 75' lang='grc' dir='ltr'>πρὸς</span> <span class='ocrx_word' id='word_1_292' title='bbox 886 4138 1161 4218; x_wconf 76' lang='grc' dir='ltr'>Ἀρίστων,</span> <span class='ocrx_word' id='word_1_293' title='bbox 1186 4138 1298 4199; x_wconf 81' lang='grc' dir='ltr'>εἰπὲ</span> <span class='ocrx_word' id='word_1_294' title='bbox 1327 4140 1386 4197; x_wconf 79' lang='grc' dir='ltr'>τὸ</span> <span class='ocrx_word' id='word_1_295' title='bbox 1416 4141 1621 4219; x_wconf 81' lang='grc' dir='ltr'>πρῶτον</span> 
     </span>
    </p>
   </div>
   <div class='ocr_carea' id='block_1_13' title="bbox 240 4224 1268 4306">
    <p class='ocr_par' dir='ltr' id='par_1_16' title="bbox 240 4224 1268 4306">
     <span class='ocr_line' id='line_1_42' title="bbox 240 4224 1268 4306; baseline 0.006 -27"><span class='ocrx_word' id='word_1_296' title='bbox 240 4224 442 4297; x_wconf 72' lang='grc' dir='ltr'>ἡμιδεὲς</span> <span class='ocrx_word' id='word_1_297' title='bbox 457 4224 682 4306; x_wconf 80' lang='grc' dir='ltr'>πέμψαι·</span> <span class='ocrx_word' id='word_1_298' title='bbox 708 4232 835 4305; x_wconf 78' lang='grc' dir='ltr'>χοῦς</span> <span class='ocrx_word' id='word_1_299' title='bbox 854 4225 955 4305; x_wconf 78' lang='grc' dir='ltr'><strong>γὰρ</strong></span> <span class='ocrx_word' id='word_1_300' title='bbox 973 4227 1154 4286; x_wconf 84' lang='grc' dir='ltr'>ἄπεισι</span> <span class='ocrx_word' id='word_1_301' title='bbox 1171 4228 1268 4285; x_wconf 83' lang='grc' dir='ltr'>δύο</span> 
     </span>
    </p>
   </div>
   <div class='ocr_carea' id='block_1_14' title="bbox 179 4444 1314 4678">
    <p class='ocr_par' dir='ltr' id='par_1_17' title="bbox 179 4444 1314 4678">
     <span class='ocr_line' id='line_1_43' title="bbox 231 4444 1314 4517; baseline 0.007 -24"><span class='ocrx_word' id='word_1_302' title='bbox 231 4444 293 4493; x_wconf 81' lang='lat' dir='ltr'><strong>Sit</strong></span> <span class='ocrx_word' id='word_1_303' title='bbox 314 4446 500 4507; x_wconf 80' lang='lat' dir='ltr'><strong>domus,</strong></span> <span class='ocrx_word' id='word_1_304' title='bbox 525 4445 620 4497; x_wconf 84' lang='lat' dir='ltr'><strong>hoc</strong></span> <span class='ocrx_word' id='word_1_305' title='bbox 643 4446 706 4496; x_wconf 83' lang='lat' dir='ltr'><strong>sit</strong></span> <span class='ocrx_word' id='word_1_306' title='bbox 733 4463 872 4497; x_wconf 82' lang='lat' dir='ltr'><strong>ovem</strong></span> <span class='ocrx_word' id='word_1_307' title='bbox 892 4450 1163 4499; x_wconf 85' lang='lat' dir='ltr'><strong>consociare</strong></span> <span class='ocrx_word' id='word_1_308' title='bbox 1182 4452 1314 4517; x_wconf 84' lang='lat' dir='ltr'><strong>lupo.</strong></span> 
     </span>
     <span class='ocr_line' id='line_1_44' title="bbox 179 4528 1242 4596; baseline 0.007 -20"><span class='ocrx_word' id='word_1_309' title='bbox 179 4528 268 4574; x_wconf 76' lang='lat' dir='ltr'><strong>lam</strong></span> <span class='ocrx_word' id='word_1_310' title='bbox 281 4537 480 4579; x_wconf 76' lang='lat' dir='ltr'><strong>restatur</strong></span> <span class='ocrx_word' id='word_1_311' title='bbox 500 4529 582 4579; x_wconf 82' lang='lat' dir='ltr'><strong>abi</strong></span> <span class='ocrx_word' id='word_1_312' title='bbox 608 4544 624 4578; x_wconf 71' lang='grc' dir='ltr'>ε</span> <span class='ocrx_word' id='word_1_313' title='bbox 651 4530 856 4596; x_wconf 79' lang='lat' dir='ltr'><strong>pedibus</strong></span> <span class='ocrx_word' id='word_1_314' title='bbox 881 4532 1048 4581; x_wconf 83' lang='lat' dir='ltr'><strong>talaria</strong></span> <span class='ocrx_word' id='word_1_315' title='bbox 1073 4544 1208 4583; x_wconf 83' lang='lat' dir='ltr'><strong>necte</strong></span> <span class='ocrx_word' id='word_1_316' title='bbox 1227 4571 1242 4595; x_wconf 91' lang='lat'><strong>,</strong></span> 
     </span>
     <span class='ocr_line' id='line_1_45' title="bbox 235 4610 1182 4678; baseline 0.01 -23"><span class='ocrx_word' id='word_1_317' title='bbox 235 4611 372 4673; x_wconf 78' lang='lat' dir='ltr'><strong>Inque</strong></span> <span class='ocrx_word' id='word_1_318' title='bbox 391 4611 512 4660; x_wconf 78' lang='lat' dir='ltr'><strong>alios</strong></span> <span class='ocrx_word' id='word_1_319' title='bbox 532 4610 634 4660; x_wconf 70' lang='lat' dir='ltr'><strong>ahs</strong></span> <span class='ocrx_word' id='word_1_320' title='bbox 655 4611 888 4678; x_wconf 83' lang='lat' dir='ltr'><strong>plaudere</strong></span> <span class='ocrx_word' id='word_1_321' title='bbox 909 4613 1036 4663; x_wconf 81' lang='lat' dir='ltr'><strong>disce</strong></span> <span class='ocrx_word' id='word_1_322' title='bbox 1061 4624 1182 4665; x_wconf 84' lang='lat' dir='ltr'><strong>tuas.</strong></span> 
     </span>
    </p>
   </div>
   <div class='ocr_carea' id='block_1_15' title="bbox 743 4771 1106 4821">
    <p class='ocr_par' dir='ltr' id='par_1_18' title="bbox 743 4771 1106 4821">
     <span class='ocr_line' id='line_1_46' title="bbox 743 4771 1106 4821; baseline 0.014 -5"><span class='ocrx_word' id='word_1_323' title='bbox 743 4771 849 4818; x_wconf 80' lang='lat'>180.</span> <span class='ocrx_word' id='word_1_324' title='bbox 879 4787 1106 4821; x_wconf 69' lang='lat' dir='ltr'><strong>nusum.</strong></span> 
     </span>
    </p>
   </div>
   <div class='ocr_carea' id='block_1_16' title="bbox 182 4915 1308 4987">
    <p class='ocr_par' dir='ltr' id='par_1_19' title="bbox 182 4915 1308 4987">
     <span class='ocr_line' id='line_1_47' title="bbox 182 4915 1308 4987; baseline 0.009 -24"><span class='ocrx_word' id='word_1_325' title='bbox 182 4915 291 4975; x_wconf 69' lang='lat' dir='ltr'><strong>Quid</strong></span> <span class='ocrx_word' id='word_1_326' title='bbox 315 4917 500 4985; x_wconf 82' lang='lat' dir='ltr'><strong>mirum,</strong></span> <span class='ocrx_word' id='word_1_327' title='bbox 519 4920 556 4968; x_wconf 82' lang='lat' dir='ltr'><strong>si</strong></span> <span class='ocrx_word' id='word_1_328' title='bbox 577 4921 649 4970; x_wconf 86' lang='lat' dir='ltr'><strong>nil</strong></span> <span class='ocrx_word' id='word_1_329' title='bbox 675 4921 906 4972; x_wconf 78' lang='lat' dir='ltr'><strong>miserans</strong></span> <span class='ocrx_word' id='word_1_330' title='bbox 922 4923 1040 4987; x_wconf 79' lang='lat' dir='ltr'><strong>jacit</strong></span> <span class='ocrx_word' id='word_1_331' title='bbox 1055 4923 1190 4987; x_wconf 76' lang='lat' dir='ltr'><strong>ignea</strong></span> <span class='ocrx_word' id='word_1_332' title='bbox 1215 4925 1308 4974; x_wconf 80' lang='lat' dir='ltr'><strong>tela</strong></span> 
     </span>
    </p>
   </div>
   <div class='ocr_carea' id='block_1_17' title="bbox 1747 301 2939 374">
    <p class='ocr_par' dir='ltr' id='par_1_20' title="bbox 1747 301 2939 374">
     <span class='ocr_line' id='line_1_48' title="bbox 1747 301 2939 374; baseline 0.013 -26"><span class='ocrx_word' id='word_1_333' title='bbox 1747 317 1749 320; x_wconf 48' lang='lat'><em>⁴</em></span> <span class='ocrx_word' id='word_1_334' title='bbox 1850 301 2026 352; x_wconf 82' lang='lat' dir='ltr'><strong>animae</strong></span> <span class='ocrx_word' id='word_1_335' title='bbox 2043 305 2335 369; x_wconf 71' lang='lat' dir='ltr'><strong>coniugabo,</strong></span> <span class='ocrx_word' id='word_1_336' title='bbox 2365 307 2553 368; x_wconf 78' lang='lat' dir='ltr'><strong>lyncem</strong></span> <span class='ocrx_word' id='word_1_337' title='bbox 2579 309 2939 374; x_wconf 69' lang='lat' dir='ltr'><strong>gregi-caprino.</strong></span> 
     </span>
    </p>
   </div>
   <div class='ocr_carea' id='block_1_18' title="bbox 1787 389 3341 464">
    <p class='ocr_par' dir='ltr' id='par_1_21' title="bbox 1787 389 3341 464">
     <span class='ocr_line' id='line_1_49' title="bbox 1787 389 3341 464; baseline 0.013 -28"><span class='ocrx_word' id='word_1_338' title='bbox 1787 389 1849 436; x_wconf 81' lang='lat' dir='ltr'><strong>At</strong></span> <span class='ocrx_word' id='word_1_339' title='bbox 1861 401 1950 452; x_wconf 84' lang='lat' dir='ltr'><strong>age</strong></span> <span class='ocrx_word' id='word_1_340' title='bbox 1965 428 1979 450; x_wconf 85' lang='lat'>‚</span> <span class='ocrx_word' id='word_1_341' title='bbox 1995 390 2665 447; x_wconf 76' lang='lat' dir='ltr'><strong>difficillime-ad-vincendum</strong></span> <span class='ocrx_word' id='word_1_342' title='bbox 2676 436 2691 461; x_wconf 88' lang='lat'>‚</span> <span class='ocrx_word' id='word_1_343' title='bbox 2708 400 2971 464; x_wconf 84' lang='lat' dir='ltr'><strong>assumptis</strong></span> <span class='ocrx_word' id='word_1_344' title='bbox 2988 401 3135 454; x_wconf 75' lang='lat' dir='ltr'><strong>etiam</strong></span> <span class='ocrx_word' id='word_1_345' title='bbox 3147 403 3341 455; x_wconf 81' lang='lat' dir='ltr'><strong>levibus</strong></span> 
     </span>
    </p>
   </div>
   <div class='ocr_carea' id='block_1_19' title="bbox 1849 477 3339 552">
    <p class='ocr_par' dir='ltr' id='par_1_22' title="bbox 1849 477 3339 552">
     <span class='ocr_line' id='line_1_50' title="bbox 1849 477 3339 552; baseline 0.013 -28"><span class='ocrx_word' id='word_1_346' title='bbox 1849 477 2058 528; x_wconf 81' lang='lat' dir='ltr'>extende</span> <span class='ocrx_word' id='word_1_347' title='bbox 2074 480 2256 531; x_wconf 82' lang='lat' dir='ltr'><strong>celeres</strong></span> <span class='ocrx_word' id='word_1_348' title='bbox 2271 481 2321 530; x_wconf 88' lang='lat' dir='ltr'><strong>in</strong></span> <span class='ocrx_word' id='word_1_349' title='bbox 2333 482 2455 532; x_wconf 87' lang='lat' dir='ltr'><strong>alios</strong></span> <span class='ocrx_word' id='word_1_350' title='bbox 2472 497 2669 546; x_wconf 84' lang='lat' dir='ltr'><strong>pennas.</strong></span> <span class='ocrx_word' id='word_1_351' title='bbox 3086 488 3339 552; x_wconf 72' lang='lat' dir='ltr'><strong>[talaribus</strong></span> 
     </span>
    </p>
   </div>
   <div class='ocr_carea' id='block_1_20' title="bbox 2266 636 2777 686">
    <p class='ocr_par' dir='ltr' id='par_1_23' title="bbox 2266 636 2777 686">
     <span class='ocr_line' id='line_1_51' title="bbox 2266 636 2777 686; baseline 0.018 -8"><span class='ocrx_word' id='word_1_352' title='bbox 2266 675 2271 678; x_wconf 92' lang='lat'>.</span> <span class='ocrx_word' id='word_1_353' title='bbox 2333 636 2436 680; x_wconf 85' lang='lat'><strong>180.</strong></span> <span class='ocrx_word' id='word_1_354' title='bbox 2484 641 2777 686; x_wconf 73' lang='lat' dir='ltr'><strong>musnssu.</strong></span> 
     </span>
    </p>
   </div>
   <div class='ocr_carea' id='block_1_21' title="bbox 1787 762 3349 1450">
    <p class='ocr_par' dir='ltr' id='par_1_24' title="bbox 1787 762 3349 1450">
     <span class='ocr_line' id='line_1_52' title="bbox 1788 762 3347 840; baseline 0.012 -29"><span class='ocrx_word' id='word_1_355' title='bbox 1788 762 1921 820; x_wconf 84' lang='lat' dir='ltr'><strong>Quid</strong></span> <span class='ocrx_word' id='word_1_356' title='bbox 1944 766 2124 815; x_wconf 88' lang='lat' dir='ltr'><strong>mirum</strong></span> <span class='ocrx_word' id='word_1_357' title='bbox 2152 767 2195 815; x_wconf 88' lang='lat' dir='ltr'><strong>si</strong></span> <span class='ocrx_word' id='word_1_358' title='bbox 2216 769 2723 834; x_wconf 66' lang='lat' dir='ltr'><strong>mortaliumpeiditor</strong></span> <span class='ocrx_word' id='word_1_359' title='bbox 2744 777 2893 822; x_wconf 82' lang='lat' dir='ltr'><strong>Amor</strong></span> <span class='ocrx_word' id='word_1_360' title='bbox 2918 774 3347 840; x_wconf 73' lang='lat' dir='ltr'><strong>ignem-spirantes</strong></span> 
     </span>
     <span class='ocr_line' id='line_1_53' title="bbox 1841 852 3345 930; baseline 0.011 -29"><span class='ocrx_word' id='word_1_361' title='bbox 1841 852 1963 914; x_wconf 75' lang='lat' dir='ltr'><strong>jacit</strong></span> <span class='ocrx_word' id='word_1_362' title='bbox 1976 891 1991 914; x_wconf 86' lang='lat'>,</span> <span class='ocrx_word' id='word_1_363' title='bbox 2009 857 2061 904; x_wconf 90' lang='lat' dir='ltr'><strong>et</strong></span> <span class='ocrx_word' id='word_1_364' title='bbox 2072 854 2443 918; x_wconf 87' lang='lat' dir='ltr'><strong>impudentibus</strong></span> <span class='ocrx_word' id='word_1_365' title='bbox 2460 859 2615 908; x_wconf 89' lang='lat' dir='ltr'><strong>oculis</strong></span> <span class='ocrx_word' id='word_1_366' title='bbox 2630 859 2862 911; x_wconf 84' lang='lat' dir='ltr'><strong>acerbum</strong></span> <span class='ocrx_word' id='word_1_367' title='bbox 2878 860 3039 914; x_wconf 78' lang='lat' dir='ltr'><strong>ridet?</strong></span> <span class='ocrx_word' id='word_1_368' title='bbox 3116 863 3309 930; x_wconf 76' lang='lat' dir='ltr'><strong>[sagitta</strong></span> <span class='ocrx_word' id='word_1_369' title='bbox 3320 885 3345 918; x_wconf 79' lang='lat' dir='ltr'><strong>s</strong></span> 
     </span>
     <span class='ocr_line' id='line_1_54' title="bbox 1787 940 3015 1012; baseline 0.011 -25"><span class='ocrx_word' id='word_1_370' title='bbox 1787 940 1957 990; x_wconf 86' lang='lat' dir='ltr'><strong>Nonne</strong></span> <span class='ocrx_word' id='word_1_371' title='bbox 1974 945 2129 991; x_wconf 85' lang='lat' dir='ltr'><strong>mater</strong></span> <span class='ocrx_word' id='word_1_372' title='bbox 2154 944 2271 1004; x_wconf 77' lang='lat' dir='ltr'><strong>ejus</strong></span> <span class='ocrx_word' id='word_1_373' title='bbox 2295 947 2429 996; x_wconf 77' lang='lat' dir='ltr'><strong>amat</strong></span> <span class='ocrx_word' id='word_1_374' title='bbox 2450 947 2673 1009; x_wconf 81' lang='lat' dir='ltr'><strong>Martem,</strong></span> <span class='ocrx_word' id='word_1_375' title='bbox 2692 961 2912 1012; x_wconf 82' lang='lat' dir='ltr'><strong>uxorque</strong></span> <span class='ocrx_word' id='word_1_376' title='bbox 2937 952 3015 1000; x_wconf 85' lang='lat' dir='ltr'><strong>est</strong></span> 
     </span>
     <span class='ocr_line' id='line_1_55' title="bbox 1846 1029 3345 1106; baseline 0.009 -27"><span class='ocrx_word' id='word_1_377' title='bbox 1846 1029 2055 1080; x_wconf 78' lang='lat' dir='ltr'><strong>Vulcani</strong></span> <span class='ocrx_word' id='word_1_378' title='bbox 2070 1068 2085 1093; x_wconf 85' lang='lat'>,</span> <span class='ocrx_word' id='word_1_379' title='bbox 2114 1033 2386 1083; x_wconf 86' lang='lat' dir='ltr'><strong>communis</strong></span> <span class='ocrx_word' id='word_1_380' title='bbox 2405 1035 2457 1085; x_wconf 88' lang='lat' dir='ltr'><strong>et</strong></span> <span class='ocrx_word' id='word_1_381' title='bbox 2476 1034 2577 1099; x_wconf 79' lang='lat' dir='ltr'><strong>igni</strong></span> <span class='ocrx_word' id='word_1_382' title='bbox 2601 1038 2654 1086; x_wconf 87' lang='lat' dir='ltr'><strong>et</strong></span> <span class='ocrx_word' id='word_1_383' title='bbox 2678 1036 2914 1089; x_wconf 79' lang='lat' dir='ltr'><strong>ensibus?</strong></span> <span class='ocrx_word' id='word_1_384' title='bbox 3120 1041 3345 1106; x_wconf 83' lang='lat' dir='ltr'><strong>[flagellis</strong></span> 
     </span>
     <span class='ocr_line' id='line_1_56' title="bbox 1787 1118 3344 1185; baseline 0.009 -19"><span class='ocrx_word' id='word_1_385' title='bbox 1787 1119 1837 1166; x_wconf 87' lang='lat' dir='ltr'><strong>et</strong></span> <span class='ocrx_word' id='word_1_386' title='bbox 1861 1118 2032 1168; x_wconf 81' lang='lat' dir='ltr'><strong>matris</strong></span> <span class='ocrx_word' id='word_1_387' title='bbox 2054 1121 2227 1180; x_wconf 82' lang='lat' dir='ltr'><strong>mater,</strong></span> <span class='ocrx_word' id='word_1_388' title='bbox 2264 1119 2499 1172; x_wconf 75' lang='lat' dir='ltr'><strong>Thalassa</strong></span> <span class='ocrx_word' id='word_1_389' title='bbox 2526 1123 2735 1185; x_wconf 81' lang='lat' dir='ltr'><strong>(Mare),</strong></span> <span class='ocrx_word' id='word_1_390' title='bbox 2766 1137 2926 1176; x_wconf 89' lang='lat' dir='ltr'><strong>nonne</strong></span> <span class='ocrx_word' id='word_1_391' title='bbox 2962 1126 3057 1177; x_wconf 81' lang='lat' dir='ltr'><strong>sul&gt;</strong></span> <span class='ocrx_word' id='word_1_392' title='bbox 3080 1131 3344 1180; x_wconf 75' lang='lat' dir='ltr'><strong>ventorum</strong></span> 
     </span>
     <span class='ocr_line' id='line_1_57' title="bbox 1849 1207 3341 1276; baseline 0.008 -22"><span class='ocrx_word' id='word_1_393' title='bbox 1849 1217 2058 1256; x_wconf 86' lang='lat' dir='ltr'><strong>raucum</strong></span> <span class='ocrx_word' id='word_1_394' title='bbox 2075 1207 2283 1258; x_wconf 79' lang='lat' dir='ltr'><strong>clamat?</strong></span> <span class='ocrx_word' id='word_1_395' title='bbox 2302 1208 2492 1272; x_wconf 77' lang='lat' dir='ltr'><strong>genitor</strong></span> <span class='ocrx_word' id='word_1_396' title='bbox 2508 1223 2629 1260; x_wconf 78' lang='lat' dir='ltr'><strong>vero</strong></span> <span class='ocrx_word' id='word_1_397' title='bbox 2640 1224 2735 1260; x_wconf 90' lang='lat' dir='ltr'><strong>nec</strong></span> <span class='ocrx_word' id='word_1_398' title='bbox 2753 1212 2867 1274; x_wconf 88' lang='lat' dir='ltr'><strong>quis</strong></span> <span class='ocrx_word' id='word_1_399' title='bbox 2888 1225 2980 1263; x_wconf 87' lang='lat' dir='ltr'><strong>nec</strong></span> <span class='ocrx_word' id='word_1_400' title='bbox 2999 1213 3141 1276; x_wconf 82' lang='lat' dir='ltr'><strong>cujus</strong></span> <span class='ocrx_word' id='word_1_401' title='bbox 3156 1215 3341 1266; x_wconf 68' lang='lat' dir='ltr'><strong>scitur.</strong></span> 
     </span>
     <span class='ocr_line' id='line_1_58' title="bbox 1787 1294 3349 1362; baseline 0.004 -21"><span class='ocrx_word' id='word_1_402' title='bbox 1787 1295 1952 1350; x_wconf 88' lang='lat' dir='ltr'><strong>Quare</strong></span> <span class='ocrx_word' id='word_1_403' title='bbox 1975 1294 2182 1344; x_wconf 76' lang='lat' dir='ltr'><strong>Vulcani</strong></span> <span class='ocrx_word' id='word_1_404' title='bbox 2205 1295 2404 1358; x_wconf 88' lang='lat' dir='ltr'><strong>quidem</strong></span> <span class='ocrx_word' id='word_1_405' title='bbox 2441 1295 2590 1348; x_wconf 83' lang='lat' dir='ltr'><strong>habet</strong></span> <span class='ocrx_word' id='word_1_406' title='bbox 2614 1297 2861 1349; x_wconf 82' lang='lat' dir='ltr'><strong>flammam</strong></span> <span class='ocrx_word' id='word_1_407' title='bbox 2877 1339 2890 1362; x_wconf 96' lang='lat'><strong>‚</strong></span> <span class='ocrx_word' id='word_1_408' title='bbox 2916 1300 3148 1351; x_wconf 84' lang='lat' dir='ltr'><strong>fluctibus</strong></span> <span class='ocrx_word' id='word_1_409' title='bbox 3178 1305 3349 1353; x_wconf 83' lang='lat' dir='ltr'><strong>autem</strong></span> 
     </span>
     <span class='ocr_line' id='line_1_59' title="bbox 1851 1379 3343 1450; baseline 0.005 -21"><span class='ocrx_word' id='word_1_410' title='bbox 1851 1379 1987 1430; x_wconf 80' lang='lat' dir='ltr'><strong>fovet</strong></span> <span class='ocrx_word' id='word_1_411' title='bbox 2014 1381 2219 1432; x_wconf 78' lang='lat' dir='ltr'><strong>similem</strong></span> <span class='ocrx_word' id='word_1_412' title='bbox 2238 1420 2251 1442; x_wconf 92' lang='lat'><strong>‚</strong></span> <span class='ocrx_word' id='word_1_413' title='bbox 2278 1385 2329 1433; x_wconf 82' lang='lat' dir='ltr'><strong>et</strong></span> <span class='ocrx_word' id='word_1_414' title='bbox 2350 1384 2520 1434; x_wconf 85' lang='lat' dir='ltr'><strong>Martis</strong></span> <span class='ocrx_word' id='word_1_415' title='bbox 2533 1385 2914 1449; x_wconf 80' lang='lat' dir='ltr'><strong>sanguine-foeda</strong></span> <span class='ocrx_word' id='word_1_416' title='bbox 2926 1386 3042 1437; x_wconf 80' lang='lat' dir='ltr'><strong>tela.</strong></span> <span class='ocrx_word' id='word_1_417' title='bbox 3204 1387 3343 1450; x_wconf 82' lang='lat' dir='ltr'><strong>[iram</strong></span> 
     </span>
    </p>
   </div>
   <div class='ocr_carea' id='block_1_22' title="bbox 2285 1529 2843 1579">
    <p class='ocr_par' dir='ltr' id='par_1_25' title="bbox 2285 1529 2843 1579">
     <span class='ocr_line' id='line_1_60' title="bbox 2285 1529 2843 1579; baseline 0.004 -3"><span class='ocrx_word' id='word_1_418' title='bbox 2285 1532 2388 1577; x_wconf 79' lang='lat'><strong>181.</strong></span> <span class='ocrx_word' id='word_1_419' title='bbox 2424 1529 2843 1579; x_wconf 80' lang='lat' dir='ltr'><strong>ASCLEPIADAE.</strong></span> 
     </span>
    </p>
   </div>
   <div class='ocr_carea' id='block_1_23' title="bbox 1785 1654 3345 2682">
    <p class='ocr_par' dir='ltr' id='par_1_26' title="bbox 1785 1654 3345 2682">
     <span class='ocr_line' id='line_1_61' title="bbox 1787 1654 3202 1724; baseline 0.006 -21"><span class='ocrx_word' id='word_1_420' title='bbox 1787 1654 2071 1705; x_wconf 75' lang='lat' dir='ltr'><strong>caricarum</strong></span> <span class='ocrx_word' id='word_1_421' title='bbox 2094 1656 2237 1707; x_wconf 87' lang='lat' dir='ltr'><strong>nobis</strong></span> <span class='ocrx_word' id='word_1_422' title='bbox 2262 1671 2404 1707; x_wconf 88' lang='lat' dir='ltr'><strong>sume</strong></span> <span class='ocrx_word' id='word_1_423' title='bbox 2421 1671 2597 1722; x_wconf 85' lang='lat' dir='ltr'><strong>pernas</strong></span> <span class='ocrx_word' id='word_1_424' title='bbox 2616 1658 2739 1721; x_wconf 87' lang='lat' dir='ltr'><strong>(sed</strong></span> <span class='ocrx_word' id='word_1_425' title='bbox 2753 1659 2950 1722; x_wconf 83' lang='lat' dir='ltr'><strong>quando</strong></span> <span class='ocrx_word' id='word_1_426' title='bbox 2969 1661 3164 1712; x_wconf 83' lang='lat' dir='ltr'><strong>veniet?</strong></span> <span class='ocrx_word' id='word_1_427' title='bbox 3184 1661 3202 1724; x_wconf 96' lang='lat'><em>)</em></span> 
     </span>
     <span class='ocr_line' id='line_1_62' title="bbox 1847 1742 2951 1806; baseline 0.007 -17"><span class='ocrx_word' id='word_1_428' title='bbox 1847 1754 1908 1790; x_wconf 85' lang='lat' dir='ltr'><strong>ac</strong></span> <span class='ocrx_word' id='word_1_429' title='bbox 1934 1742 2150 1806; x_wconf 87' lang='lat' dir='ltr'><strong>quinque</strong></span> <span class='ocrx_word' id='word_1_430' title='bbox 2180 1756 2400 1804; x_wconf 84' lang='lat' dir='ltr'><strong>coronas,</strong></span> <span class='ocrx_word' id='word_1_431' title='bbox 2418 1757 2482 1795; x_wconf 83' lang='lat' dir='ltr'><strong>ex</strong></span> <span class='ocrx_word' id='word_1_432' title='bbox 2506 1745 2721 1796; x_wconf 81' lang='lat' dir='ltr'><strong>rosaceis</strong></span> <span class='ocrx_word' id='word_1_433' title='bbox 2737 1746 2951 1796; x_wconf 89' lang='lat' dir='ltr'><strong>omnino.</strong></span> 
     </span>
     <span class='ocr_line' id='line_1_63' title="bbox 1785 1830 3345 1902; baseline 0.006 -23"><span class='ocrx_word' id='word_1_434' title='bbox 1785 1831 1890 1879; x_wconf 85' lang='lat' dir='ltr'><strong>Non</strong></span> <span class='ocrx_word' id='word_1_435' title='bbox 1926 1830 2105 1882; x_wconf 85' lang='lat' dir='ltr'><strong>habere</strong></span> <span class='ocrx_word' id='word_1_436' title='bbox 2128 1835 2179 1883; x_wconf 80' lang='lat' dir='ltr'><strong>te</strong></span> <span class='ocrx_word' id='word_1_437' title='bbox 2217 1832 2340 1883; x_wconf 89' lang='lat' dir='ltr'><strong>dicis</strong></span> <span class='ocrx_word' id='word_1_438' title='bbox 2372 1839 2507 1884; x_wconf 80' lang='lat' dir='ltr'><strong>aera?</strong></span> <span class='ocrx_word' id='word_1_439' title='bbox 2545 1833 2801 1886; x_wconf 77' lang='lat' dir='ltr'><strong>Periimns.</strong></span> <span class='ocrx_word' id='word_1_440' title='bbox 2827 1838 2935 1886; x_wconf 89' lang='lat' dir='ltr'><strong>Non</strong></span> <span class='ocrx_word' id='word_1_441' title='bbox 2968 1839 3345 1902; x_wconf 75' lang='lat' dir='ltr'><strong>rota-torquebit</strong></span> 
     </span>
     <span class='ocr_line' id='line_1_64' title="bbox 1846 1917 3344 1990; baseline 0.007 -23"><span class='ocrx_word' id='word_1_442' title='bbox 1846 1917 2135 1981; x_wconf 79' lang='lat' dir='ltr'>Lapitham?</span> <span class='ocrx_word' id='word_1_443' title='bbox 2152 1919 2433 1982; x_wconf 79' lang='lat' dir='ltr'><strong>praedonem</strong></span> <span class='ocrx_word' id='word_1_444' title='bbox 2446 1960 2459 1982; x_wconf 90' lang='lat'>,</span> <span class='ocrx_word' id='word_1_445' title='bbox 2478 1935 2577 1971; x_wconf 91' lang='lat' dir='ltr'><strong>non</strong></span> <span class='ocrx_word' id='word_1_446' title='bbox 2605 1922 2845 1972; x_wconf 78' lang='lat' dir='ltr'><strong>famulum</strong></span> <span class='ocrx_word' id='word_1_447' title='bbox 2861 1923 3112 1976; x_wconf 82' lang='lat' dir='ltr'><strong>habemus.</strong></span> <span class='ocrx_word' id='word_1_448' title='bbox 3148 1925 3344 1990; x_wconf 85' lang='lat' dir='ltr'><strong>[aliquis</strong></span> 
     </span>
     <span class='ocr_line' id='line_1_65' title="bbox 1785 2005 3340 2075; baseline 0.006 -22"><span class='ocrx_word' id='word_1_449' title='bbox 1785 2005 1894 2054; x_wconf 85' lang='lat' dir='ltr'><strong>Non</strong></span> <span class='ocrx_word' id='word_1_450' title='bbox 1936 2007 2357 2070; x_wconf 59' lang='lat' dir='ltr'><strong>consta-jus-agis?</strong></span> <span class='ocrx_word' id='word_1_451' title='bbox 2400 2008 2703 2060; x_wconf 72' lang='lat' dir='ltr'><strong>in-nulla-re?</strong></span> <span class='ocrx_word' id='word_1_452' title='bbox 2740 2011 2834 2060; x_wconf 86' lang='lat' dir='ltr'><strong>Fer</strong></span> <span class='ocrx_word' id='word_1_453' title='bbox 2866 2015 3150 2075; x_wconf 85' lang='lat' dir='ltr'><strong>computum</strong></span> <span class='ocrx_word' id='word_1_454' title='bbox 3182 2027 3195 2056; x_wconf 74' lang='grc' dir='ltr'><strong>ε</strong></span> <span class='ocrx_word' id='word_1_455' title='bbox 3223 2015 3340 2064; x_wconf 79' lang='lat' dir='ltr'><strong>veni</strong></span> 
     </span>
     <span class='ocr_line' id='line_1_66' title="bbox 1849 2091 3337 2164; baseline 0.006 -22"><span class='ocrx_word' id='word_1_456' title='bbox 1849 2091 2044 2155; x_wconf 78' lang='lat' dir='ltr'><strong>Phryne</strong></span> <span class='ocrx_word' id='word_1_457' title='bbox 2059 2131 2073 2155; x_wconf 93' lang='lat'>,</span> <span class='ocrx_word' id='word_1_458' title='bbox 2106 2095 2322 2145; x_wconf 86' lang='lat' dir='ltr'><strong>calculis.</strong></span> <span class='ocrx_word' id='word_1_459' title='bbox 2353 2096 2428 2145; x_wconf 74' lang='lat' dir='ltr'><strong>Eli</strong></span> <span class='ocrx_word' id='word_1_460' title='bbox 2454 2097 2701 2160; x_wconf 81' lang='lat' dir='ltr'><strong>egregium</strong></span> <span class='ocrx_word' id='word_1_461' title='bbox 2725 2096 3052 2149; x_wconf 79' lang='lat' dir='ltr'><strong>nebulonem!</strong></span> <span class='ocrx_word' id='word_1_462' title='bbox 3129 2101 3337 2164; x_wconf 85' lang='lat' dir='ltr'><strong>[sumtis</strong></span> 
     </span>
     <span class='ocr_line' id='line_1_67' title="bbox 1786 2181 2963 2244; baseline 0.004 -14"><span class='ocrx_word' id='word_1_463' title='bbox 1786 2181 2015 2244; x_wconf 82' lang='lat' dir='ltr'><strong>Quinque</strong></span> <span class='ocrx_word' id='word_1_464' title='bbox 2038 2182 2209 2232; x_wconf 85' lang='lat' dir='ltr'><strong>vinum</strong></span> <span class='ocrx_word' id='word_1_465' title='bbox 2226 2182 2471 2233; x_wconf 77' lang='lat' dir='ltr'><strong>drachmis</strong></span> <span class='ocrx_word' id='word_1_466' title='bbox 2494 2198 2506 2227; x_wconf 74' lang='grc' dir='ltr'>ε</span> <span class='ocrx_word' id='word_1_467' title='bbox 2535 2184 2787 2234; x_wconf 72' lang='lat' dir='ltr'><strong>sarcimine</strong></span> <span class='ocrx_word' id='word_1_468' title='bbox 2802 2184 2919 2235; x_wconf 84' lang='lat' dir='ltr'><strong>duo.</strong></span> <span class='ocrx_word' id='word_1_469' title='bbox 2934 2225 2963 2235; x_wconf 93' lang='lat'><strong>..</strong></span> 
     </span>
     <span class='ocr_line' id='line_1_68' title="bbox 1847 2270 2917 2334; baseline 0.004 -16"><span class='ocrx_word' id='word_1_470' title='bbox 1847 2281 1966 2328; x_wconf 80' lang='lat' dir='ltr'><strong>ova,</strong></span> <span class='ocrx_word' id='word_1_471' title='bbox 1984 2270 2201 2334; x_wconf 85' lang='lat' dir='ltr'><strong>lepores,</strong></span> <span class='ocrx_word' id='word_1_472' title='bbox 2220 2271 2498 2332; x_wconf 77' lang='lat' dir='ltr'>scombros,</span> <span class='ocrx_word' id='word_1_473' title='bbox 2520 2284 2737 2334; x_wconf 85' lang='lat' dir='ltr'><strong>sesama,</strong></span> <span class='ocrx_word' id='word_1_474' title='bbox 2764 2271 2917 2322; x_wconf 74' lang='lat' dir='ltr'><strong>favos.</strong></span> 
     </span>
     <span class='ocr_line' id='line_1_69' title="bbox 1786 2356 3281 2420; baseline 0.002 -13"><span class='ocrx_word' id='word_1_475' title='bbox 1786 2357 1907 2407; x_wconf 84' lang='lat' dir='ltr'><strong>Cras</strong></span> <span class='ocrx_word' id='word_1_476' title='bbox 1924 2356 2019 2406; x_wconf 87' lang='lat' dir='ltr'><strong>hoc</strong></span> <span class='ocrx_word' id='word_1_477' title='bbox 2036 2359 2171 2406; x_wconf 87' lang='lat' dir='ltr'><strong>recte</strong></span> <span class='ocrx_word' id='word_1_478' title='bbox 2199 2357 2577 2420; x_wconf 78' lang='lat' dir='ltr'><strong>supputabimus</strong></span> <span class='ocrx_word' id='word_1_479' title='bbox 2602 2377 2615 2406; x_wconf 73' lang='grc' dir='ltr'>ι</span> <span class='ocrx_word' id='word_1_480' title='bbox 2642 2371 2776 2408; x_wconf 90' lang='lat' dir='ltr'><strong>nunc</strong></span> <span class='ocrx_word' id='word_1_481' title='bbox 2789 2372 2909 2409; x_wconf 75' lang='lat' dir='ltr'><strong>vero</strong></span> <span class='ocrx_word' id='word_1_482' title='bbox 2935 2360 2999 2409; x_wconf 84' lang='lat' dir='ltr'><strong>ad</strong></span> <span class='ocrx_word' id='word_1_483' title='bbox 3026 2361 3281 2412; x_wconf 80' lang='lat' dir='ltr'><strong>AEschram</strong></span> 
     </span>
     <span class='ocr_line' id='line_1_70' title="bbox 1849 2439 3137 2512; baseline 0.003 -18"><span class='ocrx_word' id='word_1_484' title='bbox 1849 2445 2222 2508; x_wconf 81' lang='lat' dir='ltr'><strong>unguentariam</strong></span> <span class='ocrx_word' id='word_1_485' title='bbox 2246 2445 2449 2510; x_wconf 80' lang='lat' dir='ltr'><strong>vadens,</strong></span> <span class='ocrx_word' id='word_1_486' title='bbox 2476 2446 2694 2510; x_wconf 90' lang='lat' dir='ltr'><strong>quinque</strong></span> <span class='ocrx_word' id='word_1_487' title='bbox 2714 2461 2853 2498; x_wconf 87' lang='lat' dir='ltr'><strong>sume</strong></span> <span class='ocrx_word' id='word_1_488' title='bbox 2870 2439 3137 2512; x_wconf 59' lang='lat' dir='ltr'><strong>argenteas».</strong></span> 
     </span>
     <span class='ocr_line' id='line_1_71' title="bbox 1787 2533 3281 2601; baseline 0.003 -19"><span class='ocrx_word' id='word_1_489' title='bbox 1787 2533 1975 2597; x_wconf 88' lang='lat' dir='ltr'><strong>Dicque</strong></span> <span class='ocrx_word' id='word_1_490' title='bbox 1992 2533 2201 2598; x_wconf 82' lang='lat' dir='ltr'><strong>signum,</strong></span> <span class='ocrx_word' id='word_1_491' title='bbox 2220 2534 2524 2585; x_wconf 88' lang='lat' dir='ltr'><strong>Bacchonem</strong></span> <span class='ocrx_word' id='word_1_492' title='bbox 2542 2534 2677 2598; x_wconf 87' lang='lat' dir='ltr'><strong>quod</strong></span> <span class='ocrx_word' id='word_1_493' title='bbox 2698 2536 2959 2599; x_wconf 80' lang='lat' dir='ltr'><strong>quinquies</strong></span> <span class='ocrx_word' id='word_1_494' title='bbox 2982 2539 3281 2601; x_wconf 85' lang='lat' dir='ltr'><strong>amplexa-sit</strong></span> 
     </span>
     <span class='ocr_line' id='line_1_72' title="bbox 1847 2619 3029 2682; baseline 0.002 -12"><span class='ocrx_word' id='word_1_495' title='bbox 1847 2619 2099 2670; x_wconf 84' lang='lat' dir='ltr'><strong>ex-ordine</strong></span> <span class='ocrx_word' id='word_1_496' title='bbox 2110 2659 2124 2682; x_wconf 89' lang='lat'>,</span> <span class='ocrx_word' id='word_1_497' title='bbox 2144 2620 2287 2682; x_wconf 81' lang='lat' dir='ltr'><strong>quus</strong></span> <span class='ocrx_word' id='word_1_498' title='bbox 2300 2621 2371 2670; x_wconf 89' lang='lat' dir='ltr'><strong>rei</strong></span> <span class='ocrx_word' id='word_1_499' title='bbox 2388 2621 2601 2671; x_wconf 85' lang='lat' dir='ltr'><strong>lectulus</strong></span> <span class='ocrx_word' id='word_1_500' title='bbox 2618 2622 2759 2670; x_wconf 82' lang='lat' dir='ltr'><strong>testis</strong></span> <span class='ocrx_word' id='word_1_501' title='bbox 2774 2621 3029 2672; x_wconf 82' lang='lat' dir='ltr'><strong>citabatur.</strong></span> 
     </span>
    </p>
   </div>
   <div class='ocr_carea' id='block_1_24' title="bbox 2334 2753 2801 2801">
    <p class='ocr_par' dir='ltr' id='par_1_27' title="bbox 2334 2753 2801 2801">
     <span class='ocr_line' id='line_1_73' title="bbox 2334 2753 2801 2801; baseline 0.004 -2"><span class='ocrx_word' id='word_1_502' title='bbox 2334 2755 2439 2800; x_wconf 81' lang='lat'><strong>182.</strong></span> <span class='ocrx_word' id='word_1_503' title='bbox 2468 2753 2801 2801; x_wconf 78' lang='lat' dir='ltr'><strong>MELEAGRI.</strong></span> 
     </span>
    </p>
   </div>
   <div class='ocr_carea' id='block_1_25' title="bbox 1787 2887 3345 3217">
    <p class='ocr_par' dir='ltr' id='par_1_28' title="bbox 1787 2887 3345 3217">
     <span class='ocr_line' id='line_1_74' title="bbox 1789 2887 3154 2954; baseline 0.001 -15"><span class='ocrx_word' id='word_1_504' title='bbox 1789 2888 1900 2954; x_wconf 90' lang='lat' dir='ltr'><strong>[Dic</strong></span> <span class='ocrx_word' id='word_1_505' title='bbox 1922 2887 2164 2950; x_wconf 80' lang='lat' dir='ltr'><strong>Lycoenidi</strong></span> <span class='ocrx_word' id='word_1_506' title='bbox 2179 2923 2194 2948; x_wconf 86' lang='lat'><strong>,</strong></span> <span class='ocrx_word' id='word_1_507' title='bbox 2228 2889 2413 2936; x_wconf 78' lang='lat' dir='ltr'><strong>Dorcas</strong></span> <span class='ocrx_word' id='word_1_508' title='bbox 2438 2908 2449 2935; x_wconf 72' lang='grc' dir='ltr'>ι</span> <span class='ocrx_word' id='word_1_509' title='bbox 2482 2905 2507 2929; x_wconf 79' lang='grc' dir='ltr'><strong>«ι</strong></span> <span class='ocrx_word' id='word_1_510' title='bbox 2528 2889 2652 2937; x_wconf 85' lang='lat' dir='ltr'><strong>Ecce</strong></span> <span class='ocrx_word' id='word_1_511' title='bbox 2668 2889 2727 2937; x_wconf 82' lang='lat' dir='ltr'><strong>ut</strong></span> <span class='ocrx_word' id='word_1_512' title='bbox 2742 2888 2969 2940; x_wconf 83' lang='lat' dir='ltr'><strong>simulate</strong></span> <span class='ocrx_word' id='word_1_513' title='bbox 2986 2902 3154 2940; x_wconf 87' lang='lat' dir='ltr'><strong>amans</strong></span> 
     </span>
     <span class='ocr_line' id='line_1_75' title="bbox 1851 2972 3345 3043; baseline -0.001 -16"><span class='ocrx_word' id='word_1_514' title='bbox 1851 2974 2233 3041; x_wconf 84' lang='lat' dir='ltr'><strong>deprehensa-es</strong></span> <span class='ocrx_word' id='word_1_515' title='bbox 2254 2993 2268 3023; x_wconf 74' lang='grc' dir='ltr'>ι</span> <span class='ocrx_word' id='word_1_516' title='bbox 2287 2986 2387 3024; x_wconf 91' lang='lat' dir='ltr'><strong>non</strong></span> <span class='ocrx_word' id='word_1_517' title='bbox 2402 2975 2617 3024; x_wconf 84' lang='lat' dir='ltr'><strong>occultat</strong></span> <span class='ocrx_word' id='word_1_518' title='bbox 2639 2972 2813 3025; x_wconf 88' lang='lat' dir='ltr'><strong>fictum</strong></span> <span class='ocrx_word' id='word_1_519' title='bbox 2828 2988 3043 3027; x_wconf 85' lang='lat' dir='ltr'><strong>amorem</strong></span> <span class='ocrx_word' id='word_1_520' title='bbox 3060 2980 3271 3043; x_wconf 80' lang='lat' dir='ltr'><strong>tempus.</strong></span> <span class='ocrx_word' id='word_1_521' title='bbox 3297 2990 3345 3043; x_wconf 73' lang='lat' dir='ltr'><strong>»J</strong></span> 
     </span>
     <span class='ocr_line' id='line_1_76' title="bbox 1787 3042 2960 3129; baseline -0.003 -12"><span class='ocrx_word' id='word_1_522' title='bbox 1787 3042 1979 3117; x_wconf 78' lang='lat' dir='ltr'><strong>Nuncia</strong></span> <span class='ocrx_word' id='word_1_523' title='bbox 1991 3062 2099 3113; x_wconf 76' lang='lat' dir='ltr'><strong>haec</strong></span> <span class='ocrx_word' id='word_1_524' title='bbox 2111 3101 2125 3125; x_wconf 86' lang='lat'>‚</span> <span class='ocrx_word' id='word_1_525' title='bbox 2156 3064 2361 3113; x_wconf 77' lang='lat' dir='ltr'><strong>Dorcas.</strong></span> <span class='ocrx_word' id='word_1_526' title='bbox 2376 3066 2450 3113; x_wconf 83' lang='lat' dir='ltr'><strong>En</strong></span> <span class='ocrx_word' id='word_1_527' title='bbox 2471 3075 2649 3113; x_wconf 86' lang='lat' dir='ltr'><strong>rursus</strong></span> <span class='ocrx_word' id='word_1_528' title='bbox 2666 3064 2843 3115; x_wconf 84' lang='lat' dir='ltr'><strong>iterum</strong></span> <span class='ocrx_word' id='word_1_529' title='bbox 2864 3063 2960 3129; x_wconf 87' lang='lat' dir='ltr'><strong>ipsi</strong></span> 
     </span>
     <span class='ocr_line' id='line_1_77' title="bbox 1849 3149 3341 3217; baseline 0.002 -15"><span class='ocrx_word' id='word_1_530' title='bbox 1849 3156 1902 3204; x_wconf 91' lang='lat' dir='ltr'><strong>et</strong></span> <span class='ocrx_word' id='word_1_531' title='bbox 1934 3152 2139 3203; x_wconf 82' lang='lat' dir='ltr'><strong>tertium</strong></span> <span class='ocrx_word' id='word_1_532' title='bbox 2166 3149 2375 3213; x_wconf 87' lang='lat' dir='ltr'><strong>nuncia,</strong></span> <span class='ocrx_word' id='word_1_533' title='bbox 2401 3152 2615 3213; x_wconf 84' lang='lat' dir='ltr'><strong>Dorcas,</strong></span> <span class='ocrx_word' id='word_1_534' title='bbox 2648 3151 2825 3203; x_wconf 86' lang='lat' dir='ltr'><strong>omnia.</strong></span> <span class='ocrx_word' id='word_1_535' title='bbox 2848 3154 3033 3213; x_wconf 78' lang='lat' dir='ltr'><strong>Curre3</strong></span> <span class='ocrx_word' id='word_1_536' title='bbox 3068 3153 3341 3217; x_wconf 82' lang='lat' dir='ltr'><strong>[subsistas.</strong></span> 
     </span>
    </p>
   </div>
   <div class='ocr_carea' id='block_1_26' title="bbox 1775 3238 3346 3306">
    <p class='ocr_par' dir='ltr' id='par_1_29' title="bbox 1775 3238 3346 3306">
     <span class='ocr_line' id='line_1_78' title="bbox 1775 3238 3346 3306; baseline 0.002 -15"><span class='ocrx_word' id='word_1_537' title='bbox 1775 3256 1852 3293; x_wconf 86' lang='lat' dir='ltr'><strong>ne</strong></span> <span class='ocrx_word' id='word_1_538' title='bbox 1868 3241 2081 3305; x_wconf 90' lang='lat' dir='ltr'><strong>amplius</strong></span> <span class='ocrx_word' id='word_1_539' title='bbox 2096 3251 2261 3289; x_wconf 89' lang='lat' dir='ltr'><strong>cesses</strong></span> <span class='ocrx_word' id='word_1_540' title='bbox 2277 3255 2291 3297; x_wconf 73' lang='grc' dir='ltr'>ς</span> <span class='ocrx_word' id='word_1_541' title='bbox 2311 3238 2687 3303; x_wconf 79' lang='lat' dir='ltr'><strong>vola-paulum</strong></span> <span class='ocrx_word' id='word_1_542' title='bbox 2706 3240 2827 3291; x_wconf 87' lang='lat' dir='ltr'><strong>mihi</strong></span> <span class='ocrx_word' id='word_1_543' title='bbox 2845 3279 2858 3301; x_wconf 91' lang='lat'>,</span> <span class='ocrx_word' id='word_1_544' title='bbox 2882 3241 3101 3305; x_wconf 86' lang='lat' dir='ltr'><strong>paulum,</strong></span> <span class='ocrx_word' id='word_1_545' title='bbox 3130 3246 3315 3294; x_wconf 79' lang='lat' dir='ltr'><strong>Dorcas</strong></span> <span class='ocrx_word' id='word_1_546' title='bbox 3331 3283 3346 3306; x_wconf 86' lang='lat'><strong>,</strong></span> 
     </span>
    </p>
   </div>
   <div class='ocr_carea' id='block_1_27' title="bbox 1791 3324 3346 3481">
    <p class='ocr_par' dir='ltr' id='par_1_30' title="bbox 1791 3324 3346 3481">
     <span class='ocr_line' id='line_1_79' title="bbox 1852 3324 3259 3389; baseline 0.003 -13"><span class='ocrx_word' id='word_1_547' title='bbox 1852 3330 2054 3387; x_wconf 85' lang='lat' dir='ltr'><strong>Dorcas,</strong></span> <span class='ocrx_word' id='word_1_548' title='bbox 2080 3339 2183 3389; x_wconf 88' lang='lat' dir='ltr'><strong>quo</strong></span> <span class='ocrx_word' id='word_1_549' title='bbox 2204 3324 2423 3386; x_wconf 56' lang='lat' dir='ltr'><strong>festinas,</strong></span> <span class='ocrx_word' id='word_1_550' title='bbox 2444 3325 2731 3389; x_wconf 82' lang='lat' dir='ltr'><strong>priusquam</strong></span> <span class='ocrx_word' id='word_1_551' title='bbox 2750 3329 2807 3377; x_wconf 84' lang='lat' dir='ltr'><strong>tu</strong></span> <span class='ocrx_word' id='word_1_552' title='bbox 2829 3331 3005 3379; x_wconf 83' lang='lat' dir='ltr'><strong>cuncta</strong></span> <span class='ocrx_word' id='word_1_553' title='bbox 3022 3329 3221 3381; x_wconf 80' lang='lat' dir='ltr'><strong>sciveris</strong></span> <span class='ocrx_word' id='word_1_554' title='bbox 3236 3334 3259 3380; x_wconf 72' lang='grc' dir='ltr'><strong>ἔ·</strong></span> 
     </span>
     <span class='ocr_line' id='line_1_80' title="bbox 1791 3412 3346 3481; baseline 0.002 -16"><span class='ocrx_word' id='word_1_555' title='bbox 1791 3413 1930 3465; x_wconf 82' lang='lat' dir='ltr'><strong>Adde</strong></span> <span class='ocrx_word' id='word_1_556' title='bbox 1946 3416 2112 3463; x_wconf 88' lang='lat' dir='ltr'><strong>autem</strong></span> <span class='ocrx_word' id='word_1_557' title='bbox 2122 3412 2184 3463; x_wconf 89' lang='lat' dir='ltr'><strong>iis</strong></span> <span class='ocrx_word' id='word_1_558' title='bbox 2200 3426 2315 3476; x_wconf 77' lang='lat' dir='ltr'><strong>quae</strong></span> <span class='ocrx_word' id='word_1_559' title='bbox 2338 3412 2821 3477; x_wconf 84' lang='lat' dir='ltr'><strong>dixi-prius-—potius</strong></span> <span class='ocrx_word' id='word_1_560' title='bbox 2838 3429 2956 3465; x_wconf 84' lang='lat' dir='ltr'><strong>vero</strong></span> <span class='ocrx_word' id='word_1_561' title='bbox 2972 3416 3118 3479; x_wconf 88' lang='lat' dir='ltr'><strong>(quid</strong></span> <span class='ocrx_word' id='word_1_562' title='bbox 3134 3432 3291 3481; x_wconf 83' lang='lat' dir='ltr'><strong>nugor</strong></span> <span class='ocrx_word' id='word_1_563' title='bbox 3304 3422 3346 3480; x_wconf 70' lang='grc' dir='ltr'><strong>ε’)</strong></span> 
     </span>
    </p>
   </div>
   <div class='ocr_carea' id='block_1_28' title="bbox 1769 3494 3052 3567">
    <p class='ocr_par' dir='ltr' id='par_1_31' title="bbox 1769 3494 3052 3567">
     <span class='ocr_line' id='line_1_81' title="bbox 1769 3494 3052 3567; baseline -0.001 -11"><span class='ocrx_word' id='word_1_564' title='bbox 1769 3494 1778 3503; x_wconf 70' lang='grc'><strong>’</strong></span> <span class='ocrx_word' id='word_1_565' title='bbox 1849 3505 1919 3556; x_wconf 87' lang='lat' dir='ltr'><strong>nil</strong></span> <span class='ocrx_word' id='word_1_566' title='bbox 1937 3504 2131 3555; x_wconf 89' lang='lat' dir='ltr'><strong>omnino</strong></span> <span class='ocrx_word' id='word_1_567' title='bbox 2154 3502 2443 3553; x_wconf 80' lang='lat' dir='ltr'><strong>dicas—sed</strong></span> <span class='ocrx_word' id='word_1_568' title='bbox 2464 3502 2851 3566; x_wconf 78' lang='lat' dir='ltr'><strong>quod—Cuncta</strong></span> <span class='ocrx_word' id='word_1_569' title='bbox 2876 3505 3052 3567; x_wconf 83' lang='lat' dir='ltr'><strong>dicit03</strong></span> 
     </span>
    </p>
   </div>
   <div class='ocr_carea' id='block_1_29' title="bbox 1792 3590 3303 3743">
    <p class='ocr_par' dir='ltr' id='par_1_32' title="bbox 1792 3590 3303 3743">
     <span class='ocr_line' id='line_1_82' title="bbox 1792 3590 3303 3656; baseline 0.001 -14"><span class='ocrx_word' id='word_1_570' title='bbox 1792 3607 1854 3644; x_wconf 90' lang='lat' dir='ltr'><strong>ne</strong></span> <span class='ocrx_word' id='word_1_571' title='bbox 1869 3605 2047 3656; x_wconf 81' lang='lat' dir='ltr'><strong>parcas</strong></span> <span class='ocrx_word' id='word_1_572' title='bbox 2064 3592 2295 3641; x_wconf 79' lang='lat' dir='ltr'><strong>universa</strong></span> <span class='ocrx_word' id='word_1_573' title='bbox 2316 3590 2495 3642; x_wconf 84' lang='lat' dir='ltr'><strong>dicere.</strong></span> <span class='ocrx_word' id='word_1_574' title='bbox 2526 3594 2837 3656; x_wconf 83' lang='lat' dir='ltr'><strong>Quamquam</strong></span> <span class='ocrx_word' id='word_1_575' title='bbox 2851 3593 2968 3655; x_wconf 85' lang='lat' dir='ltr'><strong>quid</strong></span> <span class='ocrx_word' id='word_1_576' title='bbox 2996 3596 3045 3643; x_wconf 86' lang='lat' dir='ltr'><strong>te</strong></span> <span class='ocrx_word' id='word_1_577' title='bbox 3062 3633 3073 3655; x_wconf 95' lang='lat'>,</span> <span class='ocrx_word' id='word_1_578' title='bbox 3094 3597 3277 3646; x_wconf 82' lang='lat' dir='ltr'><strong>Dorcas</strong></span> <span class='ocrx_word' id='word_1_579' title='bbox 3291 3635 3303 3656; x_wconf 91' lang='lat'>‚</span> 
     </span>
     <span class='ocr_line' id='line_1_83' title="bbox 1853 3678 2831 3743; baseline -0.004 -12"><span class='ocrx_word' id='word_1_580' title='bbox 1853 3681 1995 3731; x_wconf 84' lang='lat' dir='ltr'><strong>mitto</strong></span> <span class='ocrx_word' id='word_1_581' title='bbox 2011 3718 2026 3743; x_wconf 91' lang='lat'>‚</span> <span class='ocrx_word' id='word_1_582' title='bbox 2051 3682 2221 3729; x_wconf 88' lang='lat' dir='ltr'><strong>tecum</strong></span> <span class='ocrx_word' id='word_1_583' title='bbox 2248 3682 2300 3729; x_wconf 86' lang='lat' dir='ltr'><strong>et</strong></span> <span class='ocrx_word' id='word_1_584' title='bbox 2327 3678 2433 3741; x_wconf 88' lang='lat' dir='ltr'><strong>ipse</strong></span> <span class='ocrx_word' id='word_1_585' title='bbox 2447 3691 2508 3727; x_wconf 87' lang='lat' dir='ltr'><strong>en</strong></span> <span class='ocrx_word' id='word_1_586' title='bbox 2529 3678 2831 3741; x_wconf 81' lang='lat' dir='ltr'><strong>procedens?</strong></span> 
     </span>
    </p>
   </div>
   <div class='ocr_carea' id='block_1_30' title="bbox 2332 3820 2807 3871">
    <p class='ocr_par' dir='ltr' id='par_1_33' title="bbox 2332 3820 2807 3871">
     <span class='ocr_line' id='line_1_84' title="bbox 2332 3820 2807 3871; baseline -0.002 -2"><span class='ocrx_word' id='word_1_587' title='bbox 2332 3824 2437 3871; x_wconf 82' lang='lat'><strong>183.</strong></span> <span class='ocrx_word' id='word_1_588' title='bbox 2481 3820 2807 3869; x_wconf 82' lang='lat' dir='ltr'><strong>POSIDIPPI.</strong></span> 
     </span>
    </p>
   </div>
   <div class='ocr_carea' id='block_1_31' title="bbox 1795 3961 3345 4291">
    <p class='ocr_par' dir='ltr' id='par_1_34' title="bbox 1795 3961 3345 4291">
     <span class='ocr_line' id='line_1_85' title="bbox 1795 3961 3118 4026; baseline -0.004 -10"><span class='ocrx_word' id='word_1_589' title='bbox 1795 3968 2041 4024; x_wconf 86' lang='lat' dir='ltr'><strong>Quattuor</strong></span> <span class='ocrx_word' id='word_1_590' title='bbox 2062 3966 2185 4013; x_wconf 72' lang='lat' dir='ltr'><strong>sunt</strong></span> <span class='ocrx_word' id='word_1_591' title='bbox 2206 3965 2403 4026; x_wconf 80' lang='lat' dir='ltr'><strong>potores</strong></span> <span class='ocrx_word' id='word_1_592' title='bbox 2425 3982 2438 4009; x_wconf 93' lang='lat'>:</span> <span class='ocrx_word' id='word_1_593' title='bbox 2463 3961 2623 4011; x_wconf 86' lang='lat' dir='ltr'><strong>amica</strong></span> <span class='ocrx_word' id='word_1_594' title='bbox 2648 3963 2783 4013; x_wconf 83' lang='lat' dir='ltr'><strong>venit</strong></span> <span class='ocrx_word' id='word_1_595' title='bbox 2808 3963 3072 4025; x_wconf 89' lang='lat' dir='ltr'><strong>unicuique</strong></span> <span class='ocrx_word' id='word_1_596' title='bbox 3106 3984 3118 4011; x_wconf 89' lang='lat'><strong>:</strong></span> 
     </span>
     <span class='ocr_line' id='line_1_86' title="bbox 1857 4050 3345 4115; baseline -0.002 -12"><span class='ocrx_word' id='word_1_597' title='bbox 1857 4056 1969 4103; x_wconf 85' lang='lat' dir='ltr'><strong>octo</strong></span> <span class='ocrx_word' id='word_1_598' title='bbox 1994 4050 2317 4115; x_wconf 81' lang='lat' dir='ltr'><strong>quum-fiant,</strong></span> <span class='ocrx_word' id='word_1_599' title='bbox 2338 4063 2495 4099; x_wconf 87' lang='lat' dir='ltr'><strong>unum</strong></span> <span class='ocrx_word' id='word_1_600' title='bbox 2511 4050 2693 4100; x_wconf 84' lang='lat' dir='ltr'><strong>Chium</strong></span> <span class='ocrx_word' id='word_1_601' title='bbox 2712 4052 3003 4100; x_wconf 78' lang='lat' dir='ltr'><strong>ceramium</strong></span> <span class='ocrx_word' id='word_1_602' title='bbox 3030 4064 3129 4100; x_wconf 92' lang='lat' dir='ltr'><strong>non</strong></span> <span class='ocrx_word' id='word_1_603' title='bbox 3146 4064 3202 4100; x_wconf 88' lang='lat' dir='ltr'><strong>su</strong></span> <span class='ocrx_word' id='word_1_604' title='bbox 3210 4050 3345 4100; x_wconf 79' lang='lat' dir='ltr'><strong>fficit.</strong></span> 
     </span>
     <span class='ocr_line' id='line_1_87' title="bbox 1798 4136 3099 4201; baseline -0.005 -10"><span class='ocrx_word' id='word_1_605' title='bbox 1798 4140 2020 4201; x_wconf 83' lang='lat' dir='ltr'><strong>servule,</strong></span> <span class='ocrx_word' id='word_1_606' title='bbox 2040 4136 2275 4189; x_wconf 85' lang='lat' dir='ltr'><strong>accedens</strong></span> <span class='ocrx_word' id='word_1_607' title='bbox 2291 4136 2358 4187; x_wconf 84' lang='lat' dir='ltr'><strong>ad</strong></span> <span class='ocrx_word' id='word_1_608' title='bbox 2378 4137 2634 4199; x_wconf 82' lang='lat' dir='ltr'><strong>Aristium,</strong></span> <span class='ocrx_word' id='word_1_609' title='bbox 2651 4136 2731 4187; x_wconf 87' lang='lat' dir='ltr'><strong>dic</strong></span> <span class='ocrx_word' id='word_1_610' title='bbox 2749 4148 2869 4186; x_wconf 81' lang='lat' dir='ltr'><strong>eum</strong></span> <span class='ocrx_word' id='word_1_611' title='bbox 2885 4136 3099 4198; x_wconf 87' lang='lat' dir='ltr'><strong>primum</strong></span> 
     </span>
     <span class='ocr_line' id='line_1_88' title="bbox 1858 4223 3092 4291; baseline -0.005 -13"><span class='ocrx_word' id='word_1_612' title='bbox 1858 4227 2177 4291; x_wconf 83' lang='lat' dir='ltr'><strong>semiplenum</strong></span> <span class='ocrx_word' id='word_1_613' title='bbox 2196 4225 2389 4275; x_wconf 84' lang='lat' dir='ltr'><strong>misisse</strong></span> <span class='ocrx_word' id='word_1_614' title='bbox 2420 4245 2433 4274; x_wconf 75' lang='grc' dir='ltr'>ι</span> <span class='ocrx_word' id='word_1_615' title='bbox 2460 4224 2619 4288; x_wconf 84' lang='lat' dir='ltr'><strong>congii</strong></span> <span class='ocrx_word' id='word_1_616' title='bbox 2643 4224 2771 4274; x_wconf 90' lang='lat' dir='ltr'><strong>enim</strong></span> <span class='ocrx_word' id='word_1_617' title='bbox 2794 4223 2973 4273; x_wconf 84' lang='lat' dir='ltr'><strong>absunt</strong></span> <span class='ocrx_word' id='word_1_618' title='bbox 2991 4223 3092 4272; x_wconf 91' lang='lat' dir='ltr'><strong>duo</strong></span> 
     </span>
    </p>
   </div>
   <div class='ocr_carea' id='block_1_32' title="bbox 1799 4437 3085 4748">
    <p class='ocr_par' dir='ltr' id='par_1_35' title="bbox 1799 4437 3085 4586">
     <span class='ocr_line' id='line_1_89' title="bbox 1863 4437 2926 4505; baseline -0.006 -14"><span class='ocrx_word' id='word_1_619' title='bbox 1863 4444 2142 4505; x_wconf 82' lang='lat' dir='ltr'><strong>Argutoque</strong></span> <span class='ocrx_word' id='word_1_620' title='bbox 2163 4440 2364 4503; x_wconf 82' lang='lat' dir='ltr'><strong>loquens</strong></span> <span class='ocrx_word' id='word_1_621' title='bbox 2387 4437 2569 4486; x_wconf 86' lang='lat' dir='ltr'><strong>lumine</strong></span> <span class='ocrx_word' id='word_1_622' title='bbox 2590 4438 2716 4486; x_wconf 87' lang='lat' dir='ltr'><strong>ridet</strong></span> <span class='ocrx_word' id='word_1_623' title='bbox 2738 4438 2887 4488; x_wconf 84' lang='lat' dir='ltr'><strong>Amor</strong></span> <span class='ocrx_word' id='word_1_624' title='bbox 2904 4440 2926 4485; x_wconf 72' lang='lat' dir='ltr'><strong>i·</strong></span> 
     </span>
     <span class='ocr_line' id='line_1_90' title="bbox 1799 4516 3085 4586; baseline -0.005 -14"><span class='ocrx_word' id='word_1_625' title='bbox 1799 4526 1973 4573; x_wconf 84' lang='lat' dir='ltr'><strong>Nonne</strong></span> <span class='ocrx_word' id='word_1_626' title='bbox 1989 4535 2160 4586; x_wconf 83' lang='lat' dir='ltr'><strong>parens</strong></span> <span class='ocrx_word' id='word_1_627' title='bbox 2184 4518 2323 4584; x_wconf 84' lang='lat' dir='ltr'><strong>pueri</strong></span> <span class='ocrx_word' id='word_1_628' title='bbox 2347 4533 2456 4567; x_wconf 89' lang='lat' dir='ltr'><strong>cum</strong></span> <span class='ocrx_word' id='word_1_629' title='bbox 2482 4518 2652 4566; x_wconf 78' lang='lat' dir='ltr'><strong>Martis</strong></span> <span class='ocrx_word' id='word_1_630' title='bbox 2672 4516 2824 4566; x_wconf 86' lang='lat' dir='ltr'><strong>amica</strong></span> <span class='ocrx_word' id='word_1_631' title='bbox 2844 4516 2908 4565; x_wconf 78' lang='lat' dir='ltr'><strong>sit</strong></span> <span class='ocrx_word' id='word_1_632' title='bbox 2924 4552 2940 4578; x_wconf 88' lang='lat'><strong>,</strong></span> <span class='ocrx_word' id='word_1_633' title='bbox 2964 4533 3085 4565; x_wconf 81' lang='lat' dir='ltr'><strong>uxor</strong></span> 
     </span>
    </p>

    <p class='ocr_par' dir='ltr' id='par_1_36' title="bbox 1799 4599 3051 4748">
     <span class='ocr_line' id='line_1_91' title="bbox 1864 4599 2956 4665; baseline -0.002 -14"><span class='ocrx_word' id='word_1_634' title='bbox 1864 4600 2157 4663; x_wconf 84' lang='lat' dir='ltr'><strong>Mulciberi,</strong></span> <span class='ocrx_word' id='word_1_635' title='bbox 2184 4599 2395 4649; x_wconf 79' lang='lat' dir='ltr'><strong>flammas</strong></span> <span class='ocrx_word' id='word_1_636' title='bbox 2411 4606 2647 4665; x_wconf 83' lang='lat' dir='ltr'><strong>temperat</strong></span> <span class='ocrx_word' id='word_1_637' title='bbox 2668 4608 2718 4649; x_wconf 81' lang='lat' dir='ltr'><strong>et</strong></span> <span class='ocrx_word' id='word_1_638' title='bbox 2739 4599 2917 4663; x_wconf 82' lang='lat' dir='ltr'><strong>gladios</strong></span> <span class='ocrx_word' id='word_1_639' title='bbox 2933 4603 2956 4649; x_wconf 73' lang='lat' dir='ltr'><strong>i&#39;</strong></span> 
     </span>
     <span class='ocr_line' id='line_1_92' title="bbox 1799 4680 3051 4748; baseline -0.003 -15"><span class='ocrx_word' id='word_1_640' title='bbox 1799 4690 1919 4748; x_wconf 80' lang='lat' dir='ltr'><strong>Quae</strong></span> <span class='ocrx_word' id='word_1_641' title='bbox 1934 4682 2095 4748; x_wconf 78' lang='lat' dir='ltr'><strong>genuit</strong></span> <span class='ocrx_word' id='word_1_642' title='bbox 2116 4690 2335 4737; x_wconf 83' lang='lat' dir='ltr'><strong>matrem,</strong></span> <span class='ocrx_word' id='word_1_643' title='bbox 2360 4697 2461 4730; x_wconf 88' lang='lat' dir='ltr'><strong>non</strong></span> <span class='ocrx_word' id='word_1_644' title='bbox 2482 4697 2513 4729; x_wconf 83' lang='lat' dir='ltr'><strong>a</strong></span> <span class='ocrx_word' id='word_1_645' title='bbox 2538 4690 2673 4730; x_wconf 78' lang='lat' dir='ltr'><strong>truce</strong></span> <span class='ocrx_word' id='word_1_646' title='bbox 2695 4680 2883 4730; x_wconf 83' lang='lat' dir='ltr'><strong>concita</strong></span> <span class='ocrx_word' id='word_1_647' title='bbox 2908 4690 3051 4729; x_wconf 79' lang='lat' dir='ltr'><strong>vento</strong></span> 
     </span>
    </p>
   </div>
   <div class='ocr_carea' id='block_1_33' title="bbox 1805 4764 2987 4993">
    <p class='ocr_par' dir='ltr' id='par_1_37' title="bbox 1805 4764 2987 4993">
     <span class='ocr_line' id='line_1_93' title="bbox 1866 4764 2986 4831; baseline -0.003 -15"><span class='ocrx_word' id='word_1_648' title='bbox 1866 4766 2008 4817; x_wconf 84' lang='lat' dir='ltr'><strong>Unda</strong></span> <span class='ocrx_word' id='word_1_649' title='bbox 2030 4764 2226 4814; x_wconf 73' lang='lat' dir='ltr'><strong>fremit?</strong></span> <span class='ocrx_word' id='word_1_650' title='bbox 2249 4772 2382 4813; x_wconf 77' lang='lat' dir='ltr'><strong>taceo</strong></span> <span class='ocrx_word' id='word_1_651' title='bbox 2404 4764 2463 4813; x_wconf 91' lang='lat' dir='ltr'><strong>de</strong></span> <span class='ocrx_word' id='word_1_652' title='bbox 2486 4773 2652 4830; x_wconf 76' lang='lat' dir='ltr'><strong>patre3</strong></span> <span class='ocrx_word' id='word_1_653' title='bbox 2678 4782 2817 4815; x_wconf 86' lang='lat' dir='ltr'><strong>nemo</strong></span> <span class='ocrx_word' id='word_1_654' title='bbox 2836 4772 2986 4831; x_wconf 76' lang='lat' dir='ltr'><strong>patet.</strong></span> 
     </span>
     <span class='ocr_line' id='line_1_94' title="bbox 1805 4844 2931 4910; baseline -0.001 -16"><span class='ocrx_word' id='word_1_655' title='bbox 1805 4844 2061 4895; x_wconf 80' lang='lat' dir='ltr'><strong>Mulciberi</strong></span> <span class='ocrx_word' id='word_1_656' title='bbox 2083 4844 2295 4893; x_wconf 78' lang='lat' dir='ltr'><strong>flammas</strong></span> <span class='ocrx_word' id='word_1_657' title='bbox 2316 4844 2424 4893; x_wconf 87' lang='lat' dir='ltr'><strong>ideo</strong></span> <span class='ocrx_word' id='word_1_658' title='bbox 2444 4861 2581 4910; x_wconf 84' lang='lat' dir='ltr'><strong>puer,</strong></span> <span class='ocrx_word' id='word_1_659' title='bbox 2603 4846 2801 4909; x_wconf 79' lang='lat' dir='ltr'><strong>aequoris</strong></span> <span class='ocrx_word' id='word_1_660' title='bbox 2824 4845 2931 4902; x_wconf 83' lang='lat' dir='ltr'><strong>iras,</strong></span> 
     </span>
     <span class='ocr_line' id='line_1_95' title="bbox 1871 4927 2987 4993; baseline 0.001 -18"><span class='ocrx_word' id='word_1_661' title='bbox 1871 4928 2039 4975; x_wconf 76' lang='lat' dir='ltr'><strong>Tincta</strong></span> <span class='ocrx_word' id='word_1_662' title='bbox 2067 4943 2237 4975; x_wconf 83' lang='lat' dir='ltr'><strong>cruore</strong></span> <span class='ocrx_word' id='word_1_663' title='bbox 2268 4927 2419 4975; x_wconf 74' lang='lat' dir='ltr'><strong>virum</strong></span> <span class='ocrx_word' id='word_1_664' title='bbox 2436 4927 2612 4993; x_wconf 80' lang='lat' dir='ltr'><strong>spicula</strong></span> <span class='ocrx_word' id='word_1_665' title='bbox 2632 4929 2801 4977; x_wconf 70' lang='lat' dir='ltr'><strong>Martis</strong></span> <span class='ocrx_word' id='word_1_666' title='bbox 2826 4928 2987 4979; x_wconf 74' lang='lat' dir='ltr'><strong>habet.</strong></span> 
     </span>
    </p>
   </div>
  </div>
 </body>
</html>
