3829 5747
457 232 573 289 ¹12

458 358 676 437 ἄρσενας
701 358 745 415 εἰ
772 355 981 415 σπεύσω
1005 353 1196 434 φιλέειν
1231 354 1387 411 ποτέ·
1408 352 1538 426 μήτε
1565 352 1809 430 τυχήσω,

539 448 663 523 μήτ’
687 446 1014 517 ἐπολισθήσω
1043 446 1268 522 μείζοσιν
1296 442 1638 520 α’μπλακίαις.

374 564 402 602 ι
454 534 639 613 Ἄρκια
669 534 958 612 θηλυτέρων
985 532 1311 606 άλιτήματα·
1345 532 1487 589 κεῖνα
1519 531 1784 607 κομίσσω,

533 622 800 701 καλλείψω
827 620 883 679 di
909 618 1051 686 νέους
1079 619 1262 699 ἄφρονι
1286 617 1626 699 Πιτταλάκῳ.

671 773 804 824 219.
837 763 1149 822 mmor
1191 763 1748 821 ΣΙΔΕΝΤΙΑΡΙΟΥ.

456 903 678 975 Δηθύνει
709 903 1056 983 Κλεόφαντις·
1082 906 1109 960 ὁ
1133 901 1186 961 δὲ
1208 902 1377 981 τρίτος
1414 902 1634 981 ἄρχεται
1654 902 1756 974 ἤδη

481 996 486 1001 ’
535 992 718 1071 λύχνος
745 991 1052 1060 ὑποκλάζειν
1078 980 1186 1063 ἦκα
1212 988 1600 1069 μαραινόμενος.

373 1120 380 1126 -
456 1080 583 1142 Αἶθε
607 1080 661 1138 δὲ
690 1080 778 1138 καὶ
799 1077 1011 1158 κραδίης
1038 1078 1230 1159 πυρσὸς
1256 1077 1606 1137 συναπέσὸετο
1633 1076 1838 1156 λύχνῳ,

541 1168 677 1247 μηδέ
704 1170 761 1245 μ’
787 1170 876 1226 ὑπ’
906 1167 1184 1247 ἀγρύπνοις
1215 1168 1369 1244 δηρὸν
1405 1165 1547 1224 ἔκαιε
1573 1167 1760 1230 πόθοις.

455 1246 518 1316 'A
550 1254 690 1314 πόσα
709 1255 808 1324 τὴν
835 1254 1116 1333 Κυθέρειαν
1149 1256 1419 1329 ἐπώμοσεν
1441 1252 1654 1331 ἕσπερος
1679 1250 1851 1323 ἥξεινί

537 1345 656 1403 ἀλλ’
673 1340 781 1402 οὔτ’
803 1340 1087 1423 ἀνθρώπων
1109 1342 1355 1419 φείδεται,
1383 1337 1500 1398 οὔτε
1539 1341 1687 1397 θεῶν.

678 1508 814 1559 280.
857 1496 1194 1556 ametor
1236 1493 1797 1554 ΣΧΟΛΑΣΤΙΚΟΥ.

459 1626 538 1699 Ἦ
559 1636 624 1718 ῥά
641 1659 702 1715 γε
719 1634 808 1695 καὶ
823 1632 886 1694 σὺ
903 1680 920 1711 ,
944 1632 1170 1695 Φίλιννα
1186 1677 1203 1705 ,
1223 1633 1390 1715 φέρεις
1408 1632 1592 1705 πόνον;
1613 1624 1650 1705 ἦ
1671 1635 1736 1711 ῥα
1753 1630 1844 1690 καὶ
1865 1628 1999 1701 αὗτὴ

539 1722 777 1799 κάμνεις,
801 1722 1038 1787 αὖαλέοις
1053 1720 1256 1797 ὄμμασι
1278 1718 1568 1796 τηκομένη;

459 1812 496 1884 ἢ
525 1811 588 1871 σὺ
615 1810 710 1884 μὲν
733 1809 892 1870 ὕπνον
915 1809 1052 1888 ἔχεις
1075 1806 1464 1887 γλυκερῶτατον
1486 1852 1502 1875 ,
1527 1805 1782 1883 ἡμετέρης
1812 1805 1866 1863 δὲ

545 1897 808 1979 φροντίδος
836 1894 954 1955 οὔτε
978 1895 1130 1973 λόγος
1153 1894 1349 1969 γίνεται
1375 1894 1482 1953 οὔτ’
1512 1892 1723 1973 ἀριθμός
1738 1918 1755 1966 ;

460 1984 718 2064 Εὗρήσεις
742 1983 809 2043 τὰ
830 1980 984 2058 ὅμοια
1002 2026 1019 2055 ,
1045 1983 1165 2055 τεὴν
1199 1980 1275 2053 δ’,
1297 1980 1557 2060 ἀμέγαρτε
1572 2021 1589 2050 ,
1616 1978 1837 2058 παρειὴν

542 2071 753 2150 ἀθρήσω
781 2074 1012 2146 θαμινοῖς
1039 2068 1260 2147 δάκρυσι
1285 2066 1622 2145 τεγγομένήν.

462 2160 667 2237 Κύπρις
695 2158 795 2236 γὰρ
841 2157 906 2215 τὰ
939 2155 1032 2234 μὲν
1063 2157 1199 2215 ἄλλα
1231 2154 1574 2231 παλίγκοτος·
1607 2153 1659 2213 ἓν
1683 2153 1742 2213 δέ
1769 2175 1820 2212 τι
1843 2152 2003 2212 καλὸν

541 2246 792 2325 ἔλλαχεν,
824 2243 1083 2323 ἐχθαίρειν
1101 2242 1192 2309 τὰς
1221 2240 1649 2320 σοὸαρευομένας.

682 2410 820 2460 281.
868 2398 1180 2457 ΠΑΥΛΟΥ
1222 2394 1790 2455 ΣΙΛΕΝΤΙΑΡΙΟΥ.

469 2540 639 2609 Χθιζά
669 2562 759 2617 μοι
787 2536 1150 2619 Ἑρμώνασσα
1178 2536 1526 2615 φιλακρήτους
1553 2536 1688 2612 μετὰ
1709 2535 1914 2612 κώμους

547 2626 839 2704 στέμμασιν
865 2624 1072 2689 αὐλείας
1099 2624 1478 2702 ἅμφιπλέκοντι
1503 2623 1656 2700 θύρας

468 2720 530 2777 ἐκ
551 2718 775 2775 κυλίκων
805 2714 1051 2794 ἐπέχευεν
1081 2713 1220 2791 ὕδωρ
1237 2735 1250 2748 ·
1276 2711 1505 2787 ἀμάθυνε
1526 2710 1580 2767 δὲ
1606 2708 1828 2788 χαίτην,

543 2804 609 2878 ἣν
638 2804 786 2881 μόλις
812 2804 863 2870 ἐς
892 2800 1104 2881 τρισσὴν
1132 2798 1393 2876 πλέξαμεν
1423 2798 1735 2879 ἀμφιλύκην.

469 2891 762 2974 Ἐφλέχθην
793 2891 836 2949 δ’
859 2888 936 2948 ἔτι
969 2892 1167 2964 μᾶλλον
1197 2888 1279 2967 ὑφ’
1305 2887 1510 2951 ὕδατος·
1532 2889 1590 2943 ἐκ
1609 2885 1708 2965 γὰρ
1733 2883 1931 2954 ἐκείνης

547 2983 759 3058 λάθριον
787 2968 898 3058 εἶχε
925 2975 1071 3044 κύλιξ
1109 2981 1212 3053 πῦρ
1236 2977 1497 3054 γλυκερῶν
1521 2974 1812 3048 στομάτων.

681 3129 815 3180 282.
858 3117 1195 3178 ΑΓΑΘΙΟΥ
1236 3109 1797 3175 ΣΧΟΛΆΣΤΙΚΟΥ.

471 3253 547 3314 Ἥ
577 3252 756 3334 ῥαδινὴ
787 3251 992 3324 Μελίτη
1017 3255 1209 3309 ταναοῦ
1238 3249 1324 3308 ἐπὶ
1351 3248 1543 3327 γήραος
1565 3251 1696 3328 οὐδῷ

551 3341 646 3411 τὴν
681 3339 786 3398 ἀπὸ
811 3343 904 3410 τῆς
931 3335 1066 3408 ἥὸης
1090 3338 1184 3394 οὐκ
1207 3334 1436 3406 ἀπέθηκε
1461 3334 1648 3414 χάριν,

473 3615 623 3680 Culpa
645 3613 706 3662 sit
731 3613 783 3662 in
810 3610 986 3661 teneris
1010 3623 1113 3658 mea
1133 3607 1394 3674 peccavisse
1417 3605 1587 3672 puellis
1608 3621 1622 3656 t

539 3697 792 3748 Pittalacus
814 3709 986 3761 pueros
1009 3691 1178 3742 stultus
1201 3689 1377 3740 habeto
1402 3689 1513 3740 sibi.
1597 3687 1604 3694 '

915 3888 944 3919 2
953 3887 1031 3934 79.
1073 3885 1225 3918 taum
1247 3883 1568 3917 susurrant.

476 4035 738 4080 Cunctator
761 4025 1088 4093 Cleophanlis.
1109 4027 1174 4074 At
1191 4023 1292 4072 baec
1317 4023 1435 4072 mihi
1460 4023 1598 4072 tertia
1613 4021 1710 4084 jam
1731 4036 1857 4069 nunc

539 4110 713 4162 Deficit
743 4110 978 4160 emoriens
1006 4107 1112 4170 igne
1143 4105 1334 4154 lucerna
1352 4121 1458 4155 suo.

476 4193 768 4259 Deficiatque
783 4193 963 4242 utinam
988 4205 1092 4238 mea
1108 4188 1202 4246 lux,
1228 4188 1402 4236 defecit
1423 4197 1474 4236 ιιι
1497 4186 1603 4246 illa,

541 4282 644 4328 Fax
659 4276 788 4340 vigili
807 4283 957 4324 torret
975 4288 1081 4338 quas
1105 4269 1221 4319 mihi
1243 4271 1382 4317 corda
1409 4269 1525 4318 face.

481 4363 690 4423 Vespere
707 4372 794 4422 per
815 4360 1064 4403 ·Venerem
1087 4353 1225 4403 toties
1245 4352 1400 4414 jurata
1425 4349 1612 4411 venire,

541 4443 658 4491 Non
680 4439 896 4490 homines
921 4437 1078 4498 flocci,
1114 4451 1210 4484 nou
1233 4433 1343 4482 iacit
1364 4433 1446 4481 ina
1465 4433 1596 4482 de'os.

926 4593 1036 4640 280.
1081 4605 1307 4638 aearum
1339 4603 1594 4637 canons.

481 4759 612 4806 'lene
636 4755 778 4803 eliam
801 4753 898 4818 jam
924 4751 1050 4816 cepit
1077 4764 1230 4807 amor,
1269 4747 1471 4811 saevique
1503 4746 1653 4794 dolon-i

548 4835 677 4886 sedit
690 4835 806 4882 edax
829 4833 978 4882 oculis
1003 4830 1214 4888 flamma,
1232 4827 1451 4876 I’hilinna
1470 4865 1484 4890 ,
1506 4827 1596 4875 tuis
1615 4830 1636 4874 Ρ

485 4925 560 4970 An
584 4917 741 4985 potius
765 4915 942 4964 dormis
953 4915 1052 4980 jam
1070 4913 1275 4969 suavius,
1299 4921 1348 4960 et
1372 4911 1460 4959 tibi
1485 4925 1608 4958 curoe

551 4999 694 5065 Nulla
711 4996 843 5048 estin
863 5004 964 5046 toto
983 5003 1172 5061 pectore
1197 5007 1310 5041 cura
1334 4993 1483 5039 meae?

1546 220 2050 282 ANTHOLOGIAE
2092 220 2495 281 PALATINAE

2082 358 2325 409 masculos
2350 358 2393 409 si
2417 370 2581 409 amare
2606 357 2813 408 studebo
2832 370 3077 421 unquam:
3102 370 3201 407 neu
3226 358 3479 422 attingam,
3522 399 3528 405 .

2134 460 2265 501 ,neve
2282 445 2493 495 incidam
2509 444 2720 509 peccatis
2742 445 3021 509 majoribus

2080 534 2341 584 Sufficiunt
2368 538 2567 597 peccata
2583 532 2999 583 cum-mulieribus
3022 534 3133 583 :illa
3154 536 3307 583 reram
3330 573 3343 594 ,

2137 622 2340 686 juvenes
2356 624 2523 671 autem
2541 621 2813 684 relinquam
2846 620 3023 670 stolido
3054 620 3302 671 Pittalaco.

2482 768 2591 814 279.
2626 765 2811 813 PAULI
2838 765 3220 814 SILENTIARII.

2082 916 2358 965 Cunctatur
2375 912 2685 977 Cleophantis
2703 952 2716 971 ,
2737 927 2795 963 ac
2810 913 3013 963 tertium
3025 902 3125 974 jam
3142 914 3289 977 coepit

2144 1000 2363 1051 inclinari
2382 1001 2547 1051 lumen
2562 1038 2576 1061 ,
2599 1000 2779 1049 sensim
2796 1004 3157 1063 consumptum.

2084 1088 2277 1139 Utinam
2300 1101 2417 1138 vero
2431 1090 2481 1137 et
2505 1086 2664 1137 cordis
2678 1086 2872 1137 flamma
2888 1102 3003 1137 cnm
3020 1087 3203 1139 lumine
3224 1090 3617 1153 exstingueretur,

2147 1188 2307 1238 neque
2336 1188 2415 1225 me
2430 1173 2733 1224 insomnibus
2754 1174 2839 1223 diu
2864 1177 3025 1224 ureret
3049 1174 3315 1225 desideriis.

2086 1260 2157 1310 Ab
2165 1300 2177 1323 ‚
2192 1261 2383 1325 quoties
2396 1260 2681 1323 cytheream
2694 1260 2933 1322 adjuravit
2943 1274 3202 1325 sevoepere
3218 1267 3593 1315 ventui-amessa
3608 1267 3621 1314 ι

2148 1349 2237 1399 sed
2256 1362 2415 1413 neque
2432 1348 2709 1399 hominibus
2732 1348 2832 1399 illa
2846 1349 3003 1413 parcit
3017 1388 3030 1411 ,
3050 1363 3209 1414 neque
3226 1350 3335 1400 diis.

2417 1510 2525 1555 280.
2561 1506 2855 1555 AGATmAE
2885 1506 3307 1556 scnomsncl.

2090 1646 2165 1693 An
2188 1646 2245 1693 tu
2263 1656 2475 1707 quoque,
2494 1643 2715 1693 Philinna
2728 1682 2740 1705 ‚
2784 1644 2996 1694 sustines
3016 1644 3263 1695 laborem?
3277 1659 3340 1695 an
3356 1645 3509 1696 etiam
3530 1646 3628 1711 ipsa

2151 1728 2341 1779 laboras
2359 1767 2371 1791 ,
2390 1728 2536 1779 siccis
2562 1730 2719 1780 oculis
2739 1730 3025 1780 tabescens?

2092 1817 2245 1866 auttu
2257 1816 2455 1879 quidem
2477 1830 2701 1866 somnum
2719 1816 2870 1866 habes
2882 1816 3220 1867 dulcissimum
3233 1854 3245 1871 .
3266 1821 3447 1869 nostras
3472 1822 3632 1871 autem

2152 1903 2485 1955 sollicitudinis
2508 1917 2665 1967 neque
2682 1904 2805 1955 ratio
2828 1907 2905 1954 est
2932 1917 3089 1967 neque
3106 1912 3375 1957 numerus?

2093 1991 2313 2041 Invenies
2334 1988 2623 2054 aliquando
2650 1990 2817 2041 eadem
2830 2030 2843 2053 ,
2862 1994 3094 2055 tuamque
3112 2029 3125 2053 ,
3154 1991 3358 2055 misera,
3384 2008 3558 2057 genam

2156 2078 2447 2142 conspiciam
2468 2077 2801 2141 frequentibus
2829 2079 3031 2129 tinctam
3052 2078 3261 2135 lacrimis
3283 2102 3296 2131 ε

2094 2167 2265 2231 Cypris
2281 2167 2407 2217 enim
2425 2166 2475 2216 in
2504 2165 2676 2217 ceteris
2701 2166 2900 2230 quidem
2922 2165 3102 2218 infesta
3125 2170 3198 2219 est
3210 2206 3224 2229 ,
3240 2169 3329 2219 sed
3343 2169 3438 2221 hoc
3454 2170 3633 2221 honum

2157 2254 2417 2305 sortita-est
2432 2292 2445 2317 ‚
2465 2257 2523 2304 ut
2547 2252 2851 2304 odio-habeat
2878 2254 3125 2318 superbas.

2489 2415 2593 2461 281.
2629 2412 2814 2460 PAULI
2854 2412 3237 2461 SILENTIARII.

2098 2549 2213 2599 Heri
2242 2549 2387 2598 in-me
2424 2549 2764 2610 Hermonassa,
2792 2552 2906 2611 post
2944 2554 3366 2602 merum-amantes
3400 2554 3639 2603 comissa-

2162 2634 2351 2685 coronis
2381 2635 2693 2684 redimentem
2724 2636 2849 2685 aulae
2872 2636 3001 2687 sores
3015 2674 3028 2695 ,
3470 2640 3645 2703 [tiones

2098 2735 2128 2772 e
2154 2722 2383 2771 calicibus
2410 2720 2643 2771 tundebat
2660 2735 2837 2785 aquam
2854 2759 2867 2783 ,
2886 2726 2936 2771 et
2956 2722 3189 2786 perdebat
3218 2727 3473 2776 caesariem

2160 2820 2309 2869 quam
2336 2818 2465 2869 aegre
2492 2805 2541 2855 in
2574 2806 2766 2856 tertiam
2795 2821 3114 2861 nemer-amus
3130 2825 3395 2876 vesperam.
3535 2815 3650 2878 [lius

2100 2898 2331 2944 Incensus
2355 2907 2469 2943 vero
2490 2907 2601 2943 sum
2618 2895 2763 2946 etiam
2783 2897 2933 2960 magis
2957 2897 3020 2947 ab
3038 2896 3137 2948 illa‘
3156 2897 3299 2960 aqud
3326 2919 3347 2952 :-
3370 2913 3490 2950 nam
3516 2915 3573 2952 ex
3592 2904 3647 2951 il-

2162 2981 2293 3031 dulci
2316 2995 2400 3031 ore
2424 2982 2673 3032 occultum
2698 2983 2816 3032 calix
2834 2983 3041 3036 habebat
3074 2986 3245 3050 igneio.

2434 3125 2540 3171 282.
2574 3124 2866 3172 AGATHLE
2899 3126 3316 3175 scnomsrlcl.

2103 3260 2305 3312 Gracilis
2320 3259 2483 3311 Melite
2504 3262 2661 3324 longae
2683 3263 2946 3313 senectutis
2971 3263 3022 3312 in
3043 3265 3207 3314 limine

2162 3364 2225 3401 ex
2236 3351 2439 3426 juventa
2460 3353 2625 3402 natam
2642 3365 2739 3401 non
2759 3351 2986 3416 deposuit
3001 3355 3203 3418 gratiam
3224 3393 3237 3414 ,

3492 3519 3636 3532 ———

2109 3606 2264 3671 [Illud
2293 3606 2415 3655 idem
2433 3606 2663 3658 invenies.
2686 3611 2754 3657 Te
2782 3623 3008 3674 namque,
3038 3609 3262 3675 superba,
3290 3611 3470 3662 videbo

2174 3699 2403 3756 perpetuo
2426 3689 2643 3756 lacrymis
2657 3692 3005 3741 commaculare
3027 3707 3184 3756 genas.

2108 3775 2239 3822 Soeva
2270 3772 2462 3837 quidem
2512 3777 2676 3823 Venus
2719 3783 2817 3835 est;
2878 3773 3131 3840 pulchrum
3176 3785 3333 3826 uuam
3376 3776 3477 3828 hoc
3509 3779 3661 3832 habet

2173 3855 2275 3903 odit
2298 3854 2517 3904 tollentes
2548 3855 2643 3904 alta
2668 3855 2958 3920 supercilia]
3460 3878 3617 3912 unum
3653 3881 3665 3914 :

2565 4017 2625 4063 28
2636 4033 2655 4064 ι
2667 4053 2679 4065 .
2722 4031 2868 4065 num
2896 4029 3215 4064 summ-nau.

2111 4179 2438 4234 Hermonassa,
2461 4189 2593 4224 mero
2616 4174 2852 4232 titubans,
2871 4173 2983 4222 dum
3005 4172 3167 4222 limina
3192 4188 3329 4223 servo

2174 4257 2324 4322 Ipsius
2340 4293 2355 4317 ‚
2378 4264 2431 4304 ct
2453 4255 2622 4304 vinctis
2636 4253 2832 4303 floribus
2855 4269 2975 4303 orno
3000 4253 3152 4314 sores;

2112 4343 2194 4389 Me
2215 4338 2386 4404 cyatho
2412 4337 2619 4403 perfudit
2640 4353 2772 4402 aquae
2792 4352 2805 4386 ε
2830 4336 3017 4386 turbata
3032 4347 3227 4403 repente
3242 4373 3257 4398 ,

2177 4421 2368 4485 Vixque
2390 4419 2485 4469 sibi
2511 4418 2635 4468 trina
2659 4417 2839 4467 reddita
2864 4417 2969 4466 luce
2994 4435 3129 4468 coma
3154 4428 3224 4467 est
3248 4434 3261 4467 ε

2115 4502 2223 4551 Plus
2238 4499 2299 4548 ab
2324 4499 2457 4562 aquis
2473 4497 2616 4555 calui,
2636 4496 2741 4562 quis
2758 4496 3005 4546 crederet?
3032 4497 3157 4546 intus
3184 4496 3393 4548 habebat

2176 4585 2292 4635 Vim
2319 4583 2520 4633 flamme
2538 4581 2739 4632 dominas
2760 4589 2912 4632 tactus
2944 4582 3007 4632 ab
3030 4597 3114 4632 ore
3135 4583 3275 4632 calix.

2541 4737 2653 4786 282.
2703 4751 2861 4783 son-n
2868 4751 2930 4783 ιιι
2973 4750 3225 4784 ean-orus.

2116 4899 2276 4951 Mollis
2294 4897 2384 4947 init
2401 4897 2568 4946 Melite
2588 4895 2706 4946 senii
2725 4896 2825 4961 jam
2848 4895 3041 4956 limina;
3070 4893 3232 4960 primae

2181 4983 2283 5032 Nec
2310 4990 2469 5030 tamen
2494 4977 2643 5029 etatis
2669 4977 2875 5046 perdidit
2898 4976 2981 5026 illa
3009 4976 3169 5026 decus.
