3829 5747
375 222 492 280 432
1510 216 1938 276 ANTHOLOGI
1968 216 2013 273 E
2058 216 2458 278 PALATINAE

381 338 670 401 illustravit,
707 354 738 389 a
762 340 1002 404 plerisque
1028 352 1116 402 pro
1145 341 1442 400 Syracusano
1469 338 1663 387 habitus
1685 341 1776 387 est.
1806 339 1919 387 Jac.
1962 340 1969 430 Ι
2010 351 2059 399 p.
2090 345 2165 396 28,
2198 345 2288 399 293
2324 340 2617 403 epitaphium
2665 341 2961 392 Bessarionis
3000 356 3030 390 a
3072 355 3151 391 me
3190 346 3475 393 correctum
3546 342 3617 389 in

1963 433 1969 513 Ι
2011 410 2188 459 Anecd.
2220 414 2241 460 t
2278 416 2341 466 V.
2370 427 2419 474 p.
2453 417 2568 471 179ς
2602 412 2720 463 Bibl.
2753 417 2835 462 Gr.
2858 416 2896 462 t.
2926 415 2966 471 1,
2988 426 3035 475 p.
3068 416 3175 461 722.
3211 413 3289 463 Sic
3310 414 3611 475 Hierony-

441 480 648 527 CXXVI.
687 482 883 527 Lemma
911 499 923 526 ε
954 480 1016 533 εἰς
1056 478 1285 527 Φιλόλαον
1326 479 1406 525 τὸν
1436 479 1724 540 Πυθαγὸριον
1775 477 1920 537 (sic).
1964 514 1967 516 .
2011 493 2120 528 mus
2145 482 2298 543 Epist.
2328 483 2423 531 Sel.
2446 498 2495 546 p.
2526 488 2616 534 490
2643 498 2654 525 =
2685 496 2873 545 corpus
2901 488 3043 533 terra
3069 486 3291 546 suscepit
3319 501 3339 534 .·
3366 488 3551 534 anim
3562 498 3613 529 υ

381 548 520 611 Diog.
560 550 693 609 vm,
724 554 800 599 84.
849 575 904 584 -—
951 556 978 597 2
1011 549 1199 609 ἀτυχεῖν
1239 546 1382 603 cod-2
1429 549 1638 599 alterum
1685 548 1821 611 Diog.
1867 575 1923 582 —
1964 545 1969 590 ἓ
2010 548 2209 599 Christo
2229 552 2432 602 reddita
2450 556 2538 602 est.
2559 552 2852 603 Prudentius
2880 554 3613 614 Cathem.10,1t:11unu‹s

381 624 427 667 4.
453 620 609 683 Diog.:
634 621 842 669 ἐτελεύτα
860 622 1088 681 νομισθεὶς
1115 619 1391 668 ἐπιτίθεσθαι
1412 622 1654 681 τυραννίδι.
2012 622 2210 682 excepit
2242 622 2399 671 arida
2424 636 2641 685 empus,-
2672 625 2869 673 Antmae
2890 626 3031 687 rapit
3058 636 3197 673 aura
3231 624 3507 685 liquor-ein

2012 690 2073 736 B.
2094 690 2226 739 ——ln
2244 689 2489 753 superiore
2500 704 2649 754 marg.
2669 704 2809 740 novae
2828 692 3013 755 paginae
3035 690 3229 740 Codicis
3244 691 3418 754 legitur
3450 714 3469 741 ε
3504 698 3611 748 ζη-

442 762 668 811 cxxvn.
691 764 888 811 Lemma
910 781 921 810 z
943 764 1006 817 εἰς
1025 762 1319 823 Ἡράκλειτον
1338 764 1414 811 τὸν
1438 763 1646 823 Ἐφέσιον
1661 763 1922 821 φιλόσοφον.
2010 775 2077 807 τει
2098 760 2160 815 εἰς
2181 762 2260 809 τὸν
2276 761 2477 824 Ἕκτορα
2502 762 2769 823 ἐπίγραμμα
2793 764 2848 811 ού
2869 762 2975 825 παρ’
3000 761 3195 823 (paullo
3221 760 3360 811 aliter
3388 776 3605 827 apogr-

381 829 523 893 Diog.
557 833 635 891 lX,
669 836 714 881 4.
736 858 796 868 -
821 838 847 881 2
887 852 908 874 ιι
937 832 1212 881 Heraclitus
1251 832 1380 881 enim
1415 835 1700 894 περιτραπεὶς
1734 836 1795 888 εἰς
1819 834 1927 881 ύδε-
2014 828 2179 890 Goth.,
2206 830 2336 891 quod
2352 833 2457 879 Jac.
2474 830 2813 893 corrigebatob
2836 834 2867 888 ἡ
2886 832 3031 894 ἀρχή)
3058 831 3246 894 Ἕκτορ’
3269 833 3423 895 ἀρήϊον
3440 835 3549 881 ἀλ)
3566 836 3608 879 '2

377 917 512 962 ρον...
553 902 792 959 ἐτελεύτα,
827 904 1052 951 narrante
1096 902 1304 964 Diogene
1329 902 1358 964 §
1396 907 1442 949 3.
1471 902 1609 952 Lusit
1637 904 1782 965 poeta
1807 902 1926 951 satis
1966 915 1970 979 Ι
2018 899 2245 959 (αἰμα1111
2270 899 2473 962 legitur)
2496 903 2617 949 κατὰ
2647 902 2824 963 χθονός.
2849 900 3143 963 (Dequibus
3162 899 3326 961 inepte
3348 907 3609 966 nugatur·

377 969 570 1020 iniicete
612 971 660 1019 in
709 972 978 1029 διαντλήσας
1014 993 1024 1019 :
1065 971 1286 1021 exhausit
1330 970 1479 1020 vitam
1499 1008 1511 1029 ‚
1551 986 1648 1021 non
1693 971 1927 1021 exhausta
1966 997 1971 1039 l
2015 969 2200 1017 Paulss.
2241 983 2292 1032 p.
2327 976 2379 1019 31
2416 973 2551 1031 seq.)
2581 977 2728 1019 κεῖται
2766 971 3018 1033 ἔμπροσθεν
3049 971 3115 1031 (i.
3150 982 3195 1019 e·
3234 970 3390 1034 infra)
3414 976 3479 1029 εἰς
3514 976 3603 1021 τὰ

379 1040 790 1102 aquaintercute3
827 1062 851 1085 ι»
882 1044 1018 1089 13.-
1047 1046 1076 1091 3
1094 1042 1358 1104 ἀρδεύσασα
1384 1054 1462 1103 ap.
1490 1042 1631 1105 Diog.
1663 1062 1685 1083 «
1717 1043 1924 1103 Respici-
1966 1053 1971 1084 ¹
2012 1038 2315 1101 ἐπιδεικτικὰ,
2338 1039 2442 1090 scil·
2470 1042 2550 1099 ΙΧ,
2580 1054 2656 1103 el>-
2690 1045 2799 1090 387.

379 1111 462 1157 tur
505 1110 732 1160 Heracliti
769 1110 832 1159 de
868 1110 1122 1159 animabus
1163 1110 1302 1160 sienis
1349 1111 1525 1173 opinio.
1555 1134 1578 1153 υ
1627 1115 1744 1161 Jac.
1801 1111 1923 1160 vide
1966 1094 1972 1164 1

377 1179 606 1231 Mullach.
639 1183 825 1244 Fragm.
853 1182 1025 1243 philos,
1043 1184 1081 1230 t.
1107 1184 1147 1241 1,
1178 1196 1226 1244 p.
1256 1186 1364 1231 325.
1966 1167 1971 1237 Ι
2074 1180 2303 1228 CXXXss.
2328 1181 2527 1228 Lemma
2562 1200 2573 1225 :
2617 1182 2682 1233 sl:
2717 1180 2796 1228 τὸν
2822 1180 2975 1229 αὐτόν.
3028 1200 3053 1223 ιι
3088 1184 3257 1245 Neque
3290 1184 3387 1233 hoe
3409 1188 3481 1233 est
3524 1184 3593 1231 in

387 1280 396 1289 .
1966 1247 1971 1331 ξ
2012 1247 2137 1297 Vitis
2157 1246 2588 1311 Philosophorum3
2617 1249 2840 1311 Diogenis
2856 1251 3035 1299 tamen.
3068 1270 3093 1293 ιι
3112 1254 3227 1302 Jac.
3244 1278 3309 1287 —
3333 1260 3361 1301 2
3392 1254 3595 1301 ἀλλ”οὐ

443 1325 700 1373 cxxvlll.
731 1326 932 1373 Lemma
970 1338 982 1365 ι
1020 1326 1083 1379 εἰς
1125 1325 1202 1373 τὸν
1237 1325 1375 1372 αὐτὸν
1417 1326 1729 1385 Ἡράκλειτον.
1771 1324 1927 1376 Assert
1965 1332 1970 1380 ε
2010 1318 2296 1379 arpeo-am,
2331 1321 2396 1367 ὢν
2431 1321 2477 1367 δὲ
2508 1321 2652 1380 γλυκὺ
2676 1320 2700 1344 *
2720 1326 2873 1381 κρῆμα
2914 1317 3035 1368 cod.
3068 1339 3093 1363 «
3128 1320 3266 1382 quod
3292 1322 3469 1370 refinxi
3500 1327 3585 1371 ut

377 1395 692 1456 Diog.1..1x‚
729 1400 781 1441 ιο
806 1397 856 1443 et
879 1393 1089 1455 nesyoh.
1109 1394 1267 1443 Miles.
1302 1408 1348 1457 ρ.
1370 1402 1420 1443 21
1451 1397 1630 1443 Meurs.
1657 1416 1679 1435 «
1717 1397 1926 1445 Heraeu-
2010 1386 2148 1449 potui
2166 1388 2459 1447 melius‚hac
2477 1390 2746 1438 sententia:
2772 1390 2925 1439 telum
2941 1388 2994 1438 id
3012 1404 3106 1439 non
3126 1404 3233 1441 esse
3253 1392 3583 1449 vulnificum.

375 1468 484 1521 tus,
509 1476 657 1525 quem
675 1462 738 1511 ob
754 1461 988 1512 doctrinae
1006 1462 1343 1515 difficultatem
1372 1464 1740 1513 tenebricosum
1767 1468 1925 1527 appel—
1965 1519 1969 1536 Ι
2012 1458 2099 1507 sed
2135 1459 2275 1520 quasi
2315 1459 2459 1509 dulce
2484 1458 2730 1523 quoddam
2761 1460 3079 1510 linimentum.
3110 1482 3135 1505 υ
3174 1466 3235 1513 Β.
3272 1463 3471 1512 Jacobs.
3502 1461 3583 1511 'in

375 1534 508 1583 labat
526 1532 787 1593 antiquitas
804 1569 817 1590 ,
853 1546 906 1581 se
937 1532 1119 1582 frustra
1155 1534 1224 1583 ait
1250 1534 1411 1583 vexari
1427 1534 1492 1583 ob
1524 1534 1800 1585 hominibus
1819 1539 1921 1585 Mu·
1964 1571 1969 1582 .
2010 1533 2134 1580 nott·
2162 1544 2300 1580 mss-²
2329 1552 2353 1573 «ι
2372 1534 2501 1581 Fort-
2519 1537 2799 1595 τιτρῶσκον,
2821 1532 2871 1579 ὃν
2895 1532 2944 1579 δὲ
2970 1532 3115 1590 γλυκὺ
3150 1537 3308 1595 κρᾶμα
3334 1534 3415 1582 vel
3444 1539 3577 1595 7,βῆ-

377 1614 544 1651 sarum
581 1600 879 1661 expertibus.
913 1600 1001 1649 His
1023 1615 1076 1651 se
1097 1616 1194 1651 non
1211 1604 1460 1665 scripsisse
1482 1602 1620 1661 dicit,
1653 1617 1746 1653 nec
1777 1604 1925 1654 libros
2012 1616 2093 1660 μα.
2127 1620 2151 1641 υ
2178 1601 2382 1650 Bothius
2420 1606 2692 1664 τιτρῶσκον,
2718 1602 2829 1649 ὄντα
2866 1601 2915 1648 δὲ
2948 1606 3104 1663 χρῆμα
3129 1603 3292 1663 γλυκύ·
3328 1602 3553 1651 addens:

375 1670 584 1721 edidisse
612 1670 697 1731 qui
741 1669 1096 1719 multitudinem
1133 1676 1383 1734 caperent.
1415 1672 1502 1721 sed
1553 1673 1921 1735 intelligentium
2014 1688 2038 1711 α
2062 1672 2179 1719 Haec
2209 1671 2501 1722 conveniunt
2525 1670 2731 1721 iambico
2756 1670 2946 1721 senario
2963 1708 2975 1731 ,
3003 1671 3162 1732 qualis
3194 1674 3369 1735 procul
3408 1672 3577 1723 dubio

377 1754 431 1789 se
459 1739 640 1787 ambire
667 1740 920 1803 suffragia.
953 1740 1116 1791 Simile
1141 1742 1263 1804 quid
1289 1743 1620 1793 Democritum
1648 1745 1824 1795 dixisse
1857 1748 1926 1795 ait
2010 1742 2085 1788 est
2106 1738 2189 1789 hic
2209 1754 2395 1791 versus.
2430 1762 2453 1783 υ

375 1816 558 1859 Seneca
577 1808 726 1871 Epist.
749 1813 780 1857 9
820 1828 833 1856 2
865 1821 1002 1858 unus
1021 1809 1155 1859 mihi
1177 1826 1273 1873 pro
1298 1814 1496 1874 populo
1517 1815 1607 1873 est,
1629 1816 1676 1862 et
1689 1814 1924 1875 populus

370 1895 472 1944 pro
501 1894 622 1929 uno.
652 1882 878 1928 ceterum
910 1880 1267 1943 epigrammatis
1293 1882 1448 1933 nostri
1481 1886 1731 1933 auctorem
1756 1884 1917 1947 ipsum
2070 1881 2319 1929 CXXXIII.
2366 1882 2564 1929 Lemma
2590 1895 2601 1922 :
2631 1883 2692 1936 εἰς
2716 1882 2979 1943 Ἀνάξαρχον
3014 1882 3093 1930 τὸν
3116 1882 3382 1945 φιλόσοφον.
3420 1885 3567 1947 Diog-

379 1949 606 2000 Heracliti
639 1961 908 1999 sermonem
936 1951 1226 2012 expressisse
1255 1952 1422 2002 nullus
1445 1952 1631 2002 dubito.
1667 1972 1691 1995 n
1718 1956 1830 2002 Jac.
1862 1979 1923 1989 —-
2010 1952 2091 2011 lx,
2112 1957 2190 2012 59,
2216 1951 2300 2013 qui
2322 1950 2384 1999 de
2406 1964 2459 2000 re
2486 1950 2798 2011 :Nicocreom
2833 1952 2980 2013 Cypri
3008 1954 3268 2014 tyrannus,
3308 1956 3570 2002 συλλαὸὼν

381 2024 400 2067 1
429 2020 471 2067 τί
489 2036 546 2079 με
563 2020 602 2068 ὦ
621 2020 748 2067 κάτω
769 2018 909 2076 Cod.;
929 2020 974 2069 τί
998 2037 1054 2081 με
1073 2022 1140 2069 ὧν
1159 2017 1289 2070 κάτω
1305 2022 1464 2085 Diog.;
1483 2023 1692 2072 correxit
1716 2023 1920 2072 Meinek.

377 2088 437 2135 ad
458 2087 712 2138 Menandr.
743 2102 798 2151 p.
830 2094 915 2139 178
941 2093 991 2139 et
1007 2090 1176 2140 Cobet.
1197 2092 1246 2140 in
1264 2093 1432 2155 Diog.,
1465 2094 1667 2142 fortasse
1691 2107 1752 2141 ex
1778 2091 1919 2141 codd.

376 2184 439 2193 —
457 2166 503 2208 2.
529 2160 570 2206 δ’
587 2158 661 2219 ἔμ’
684 2160 822 2223 Diog.
852 2159 993 2217 c0b.;
1021 2162 1072 2209 δέ
1092 2162 1140 2222 μ’
1157 2160 1321 2224 vulgo.
1350 2188 1413 2197 —
1437 2168 1484 2212 3.
1517 2183 1540 2205 «
1568 2164 1642 2218 Et<
1672 2165 1773 2224 ἐμοὶ
1799 2180 1919 2224 τρισ·

379 2229 546 2289 μύριοι.
565 2230 699 2277 Hanc
717 2228 1000 2285 sententiam
1019 2230 1186 2279 multis
1198 2231 1402 2279 tractavi
1420 2231 1482 2279 ad
1497 2231 1694 2295 Niceph.
1713 2232 1922 2282 Chumni

377 2300 466 2361 Ep.
495 2303 573 2359 49,
600 2312 650 2361 p.
671 2304 750 2349 39.
779 2318 801 2341 n
833 2302 896 2347 B.
927 2324 985 2336 -
1007 2304 1036 2349 4
1064 2300 1329 2363 Φερσεφόνῃ
1351 2301 1482 2351 Plan.
1512 2305 1564 2352 et
1593 2304 1735 2364 Diog.

2010 2020 2087 2067 τὸν
2102 2020 2367 2083 Ἀνάξαρχον
2399 2024 2477 2069 καὶ
2496 2023 2558 2077 εἰς
2585 2021 2727 2081 ὄλμον
2756 2022 2911 2083 βαλὼν
2930 2022 3137 2071 ἐκέλευσε
3158 2026 3359 2085 σιδηροῖς
3376 2024 3571 2086 ὑπέροις

2008 2088 2269 2136 τύπτεσθαι·
2298 2092 2376 2137 τὸν
2400 2090 2449 2137 δὲ
2466 2090 2521 2138 ού
2546 2090 2846 2149 φροντίσαντα
2870 2097 2950 2149 τῆς
2985 2092 3205 2155 τιμωρίας
3232 2094 3381 2141 εἰπεῖν
3410 2094 3569 2141 ἐκεῖνο

2008 2158 2064 2215 δὴ
2081 2158 2135 2205 τὸ
2154 2160 2517 2221 περιφερόμενον·
2546 2160 2743 2217 Πτίσσε,
2759 2161 2931 2209 πτίσσε
2945 2162 3023 2210 τὸν
3044 2163 3317 2224 Ἀναξάρχου
3336 2164 3561 2223 θύλακον,

2010 2227 2276 2289 Ἀνάξαρχον
2306 2230 2354 2276 δὲ
2375 2230 2430 2277 ού
2458 2229 2681 2285 πτίσσεις.
2710 2231 3017 2286 Κελεύσαντος
3044 2234 3092 2280 δὲ
3118 2238 3199 2280 τοῦ
3220 2235 3559 2295 Νικοκρέοντος

2009 2298 2087 2343 καὶ
2106 2298 2187 2354 τήν
2208 2298 2415 2357 γλῶτταν
2436 2298 2575 2347 αὐτοῦ
2595 2298 2871 2361 ἐκτμηθῆναι
2885 2336 2898 2358 ,
2924 2301 3057 2361 λόγος
3071 2302 3393 2363 ἀποτραγόντα
3418 2320 3567 2363 προσ-

2008 2366 2178 2415 πτύσαι
2228 2369 2373 2430 αὐτῷ.
2410 2393 2465 2408 -ι-
2502 2376 2543 2419 1.
2581 2373 2729 2420 Recte
2788 2370 3005 2421 distinxit
3046 2372 3261 2421 Cobetus
3305 2372 3357 2421 in
3392 2373 3563 2437 Diog..

2012 2436 2155 2497 quus
2170 2437 2285 2488 edd.
2312 2439 2538 2501 quaedam
2563 2442 2687 2489 male
2716 2440 2933 2489 πτίσσετε
2957 2442 3144 2501 μᾶλλον,
3168 2443 3232 2490 ἔτι
3257 2444 3337 2491 καὶ
3364 2446 3563 2504 μᾶλλον.

2011 2524 2036 2546 σι
2065 2508 2261 2569 Gregor.
2286 2510 2400 2557 Naz.
2423 2512 2557 2557 Orat.
2586 2511 2677 2570 111,
2704 2522 2753 2571 p.
2780 2512 2836 2558 77
2860 2523 2873 2551 z
2905 2511 2933 2557 ὁ
2950 2514 3034 2557 τοῦ
3064 2510 3333 2575 Σωκράτους
3353 2513 3565 2561 ἐπαινῶν

2009 2584 2225 2635 κωνεϊον,
2258 2578 2311 2625 τὸ
2335 2583 2417 2626 τοῦ
2454 2578 2733 2635 Ἐπικτήτου
2760 2579 2945 2638 σκέλος,
2974 2580 3055 2628 καὶ
3080 2580 3159 2629 τὸν
3188 2580 3471 2645 Ἀναξάρχου
3492 2587 3569 2633 Θύ-

2009 2649 2166 2709 λακον,
2192 2648 2257 2707 ὧν
2274 2648 2505 2709 ἀναγκαία
2536 2652 2704 2711 μᾶλλον
2740 2651 2768 2706 ἢ
2802 2649 3010 2705 ἑκούσιος
3028 2653 3057 2707 ἡ
3092 2652 3352 2712 φιλοσοφία·
3382 2652 3471 2701 ubi
3510 2668 3562 2701 v.

2008 2722 2188 2771 Billius.
2210 2721 2343 2772 Idem
2370 2723 2529 2786 Epigr.
2556 2722 2607 2771 in
2634 2722 2893 2772 Aneedotis
2923 2724 3173 2773 Muratorii
3198 2738 3245 2787 p.
3274 2732 3381 2787 180,
3412 2732 3467 2778 et
3494 2728 3563 2776 ibi

2008 2794 2185 2844 Murat.
2206 2792 2345 2843 Adde
2367 2794 2525 2842 Davis.
2544 2793 2607 2842 ad
2631 2794 2831 2843 Tuscul.
2853 2796 2918 2855 11,
2941 2800 3017 2844 21.
3050 2798 3121 2843 De
3146 2796 3432 2857 metaphora
3460 2812 3555 2847 no-

2009 2861 2154 2912 minis
2195 2864 2386 2920 θύλακος
2416 2879 2465 2913 ν.
2504 2864 2631 2913 infra
2666 2867 2767 2914 not.
2810 2863 2873 2914 ad
2912 2866 3045 2926 vlu,
3084 2879 3162 2929 ep.
3196 2872 3300 2916 166.
3332 2887 3358 2910 ω
3400 2869 3465 2916 Β.
3500 2895 3565 2904 -

2011 2937 2039 2982 3
2062 2935 2318 2990 διαστείλας
2352 2935 2380 2961 *
2404 2951 2594 2996 γενειφει
2620 2935 2771 2995 ὀλίγον
2799 2934 2919 2984 cod.
2953 2955 2976 2977 π
3005 2935 3129 2985 Edd.
3158 2940 3209 2986 et
3238 2937 3383 2986 codd.
3412 2939 3561 3003 Diog.

2009 3007 2258 3056 διαστεῖλαι
2284 3007 2437 3068 ὀλίγον
2469 3009 2527 3056 τὰ
2557 3010 2753 3070 δυσνερῆ
2771 3045 2785 3068 ,
2807 3009 2951 3058 etiam
2986 3011 3146 3070 λιγέως
3177 3013 3375 3074 δυσνεφῆ
3403 3014 3517 3062 τάδε
3536 3053 3553 3074 ,

2010 3091 2121 3140 quae
2159 3079 2319 3128 omnia
2349 3079 2694 3129 correctionem
2721 3080 2929 3142 sapiunt.
2968 3080 3119 3130 scrib.
3159 3087 3291 3132 certa
3317 3084 3558 3133 emenda-

2009 3148 2139 3198 tione
2174 3151 2253 3198 καὶ
2292 3150 2348 3198 σὲ
2384 3150 2680 3198 διαστείλασα
2712 3151 2898 3211 γνάφοις
2942 3150 3044 3198 sive
3078 3151 3281 3211 κνάροις.
3325 3152 3563 3216 [Recepit

2010 3219 2157 3268 etiam
2188 3218 2380 3279 Cobet„
2419 3218 2574 3268 ethic
2600 3219 2786 3282 Boiss.]
2812 3221 2991 3269 Notum
3022 3223 3249 3271 tormenti
3290 3235 3445 3284 genus
3493 3237 3559 3271 ex

2012 3287 2254 3338 Herodoto
2282 3292 2322 3349 1,
2357 3295 2437 3349 92,
2470 3288 2555 3337 ubi
2580 3303 2625 3337 v.
2660 3289 2950 3352 wesseling.
2978 3304 3026 3352 p.
3060 3295 3139 3350 47,
3168 3294 3221 3340 et
3251 3291 3463 3353 Hesych.
3502 3307 3553 3339 v.

2016 3360 2123 3408 Ἐπὶ
2150 3360 2331 3420 κνάφων
2350 3361 2512 3418 ἕλκων,
2534 3359 2830 3408 illustratum
2846 3359 2909 3408 ab
2931 3360 3265 3409 Hemsterhus.
3287 3375 3341 3422 p.
3370 3365 3489 3411 1360
3529 3385 3553 3404 ν

2010 3429 2123 3478 Jac.
2145 3454 2205 3463 —-
2224 3433 2249 3476 4
2278 3429 2400 3486 κακή
2432 3428 2553 3478 cod.
2580 3432 2632 3477 et
2648 3429 2757 3478 edd.
2784 3429 3025 3478 nonnullae
3044 3429 3182 3494 Diog.
3203 3431 3473 3493 Φερσεφόνη
3498 3438 3549 3485 in

2012 3497 2089 3546 ed.
2112 3497 2232 3547 Gob.

441 2445 639 2495 CXXIX.
672 2446 870 2494 Lemma
901 2465 912 2493 :
947 2447 1010 2501 εἰς
1053 2448 1240 2502 Ζήνωνα
1281 2450 1360 2496 τὸν
1393 2448 1620 2506 Ἐλεάτην.
1664 2449 1803 2511 Diog.
1838 2452 1920 2507 lx,

377 2520 454 2564 28.
486 2513 581 2570 Qui
610 2526 714 2563 rem
744 2517 908 2563 narrat
937 2513 968 2577 §
993 2522 1052 2563 26
1084 2528 1188 2577 seq.
1231 2517 1387 2565 Boiss.
1426 2518 1542 2567 citat
1584 2518 1833 2567 Davisium
1862 2519 1925 2568 ad

376 2582 474 2631 Cic.
503 2584 646 2631 Tusc.
671 2585 738 2642 ΙΙ,
759 2588 835 2632 21.
863 2609 922 2618 —
950 2590 978 2632 2
1005 2585 1182 2640 κτείνας
1211 2585 1413 2647 (deinde
1441 2588 1554 2637 duae
1580 2587 1731 2637 litera²
1751 2602 1921 2649 erasae,

376 2665 502 2713 quas
529 2652 602 2712 ἀφ’
635 2653 786 2702 fuisse
821 2652 1018 2717 conjicit
1042 2654 1222 2704 Paulss.
1249 2656 1473 2714 )ἑλκύσαι
1503 2658 1779 2713 δουλοσύνας
1808 2661 1923 2719 (su-

377 2722 621 2784 perposito
642 2723 700 2783 η)
739 2722 881 2779 Cod.;
925 2724 1133 2773 alterum
1160 2725 1294 2788 Diog.
1342 2752 1402 2762 —
1433 2730 1480 2775 3.
1525 2744 1548 2767 κ
1571 2730 1649 2775 Ἐν
1667 2728 1828 2789 ὅλμῳ,
1867 2730 1926 2776 ut

375 2796 657 2841 narraverat
696 2794 986 2858 Hermippus
1029 2807 1114 2857 ap.
1151 2795 1292 2859 Diog.
1335 2795 1366 2859 §
1391 2800 1448 2844 27
1485 2815 1496 2842 :
1539 2794 1652 2845 vide
1683 2797 1917 2859 Lozynsk.

379 2863 625 2927 Hermipp.
653 2877 704 2926 p.
729 2867 833 2912 108.
861 2885 886 2906 ι»
924 2866 981 2912 Β.

441 3012 622 3061 CXXX.
657 3014 854 3061 Lemma
884 3032 895 3059 :
926 3013 988 3067 εἰς
1025 3011 1334 3074 Πρωταγόρην
1375 3012 1392 3071 (
1404 3011 1501 3074 sic.)
1537 3014 1616 3061 τὸν
1657 3013 1917 3074 φιλόσοφον.

378 3081 514 3144 Diog.
536 3083 615 3140 ΙΧ,
640 3088 716 3141 56,
743 3080 828 3142 qui
849 3094 861 3121 t
889 3080 996 3128 ἔνιοι
1019 3081 1066 3128 δὲ
1094 3082 1214 3128 κατὰ
1231 3082 1313 3138 τὴν
1332 3082 1439 3130 ὁδὸν
1460 3084 1727 3138 τελευτῆσαι
1767 3083 1923 3140 αὐτὸν,

381 3150 618 3210 βιώσαντα
645 3151 723 3204 ἔτη
753 3150 863 3210 πρὸς
889 3151 948 3198 τὰ
962 3150 1244 3202 ἐνενήκοντα.
1275 3176 1339 3186 -
1370 3155 1390 3199 1
1415 3153 1493 3198 καὶ
1517 3153 1570 3199 σὲ
1599 3151 1740 3212 cod„
1767 3152 1922 3213 Plan„

384 3219 518 3280 Diog.
557 3223 668 3268 ante
705 3218 893 3277 Cobet„
928 3218 1015 3279 qui
1054 3221 1133 3266 καὶ
1161 3223 1276 3279 σεῦ,
1316 3222 1374 3268 ut
1408 3223 1593 3284 Menag.
1634 3229 1923 3282 correxerat,

377 3288 494 3337 item
514 3289 695 3337 Boiss.=
721 3308 743 3329 «ι
764 3291 943 3336 Forsan
956 3289 1034 3336 καὶ
1055 3291 1282 3350 σοῦ,Πρ.,
1303 3289 1451 3349 φάτιν.
1469 3289 1547 3338 Sic
1565 3289 1826 3352 Sophocles
1846 3291 1922 3351 ΑΙ.

377 3365 469 3410 998
492 3380 504 3407 :
529 3366 616 3409 σοῦ
637 3359 778 3423 βάξις,
807 3357 990 3408 scilicet
1013 3361 1115 3419 περὶ
1141 3365 1245 3407 σοῦ.
1278 3361 1336 3409 Et
1355 3363 1471 3409 sunt
1497 3361 1590 3410 alia
1607 3361 1780 3410 similia
1810 3376 1924 3423 quae

377 3431 578 3494 negligo.
609 3451 632 3472 n
665 3433 734 3481 Ea
762 3429 932 3480 citavit
967 3427 1030 3478 ad
1066 3427 1348 3478 Chumnum
1371 3432 1465 3492 Ep.
1504 3436 1583 3488 9ο,
1615 3443 1662 3493 p.
1704 3437 1787 3480 125
1816 3445 1920 3494 seq.

377 3501 542 3550 Codex
573 3504 710 3564 φασὶν
738 3504 789 3550 et
822 3503 885 3555 ὣς
907 3500 994 3562 ἄρ’.
1025 3524 1088 3535 -
1117 3503 1165 3549 3.
1193 3503 1364 3560 Φυγεῖν
1395 3499 1606 3562 explicat
1632 3502 1772 3565 Diog.
1794 3502 1824 3564 §
1843 3510 1922 3552 52.

377 3572 548 3621 Cicero
576 3575 647 3621 De
677 3573 735 3620 N.
762 3573 822 3619 D.
852 3574 891 3630 1,
911 3574 971 3620 23
1003 3589 1016 3616 :
1037 3567 1301 3619 Abderites
1328 3571 1652 3631 Protaqoras
1671 3587 1840 3635 quum.
1867 3577 1925 3621 in

373 3645 634 3707 principio
667 3643 785 3691 libri
809 3643 892 3690 sui
925 3642 998 3689 sic
1011 3643 1268 3701 posuisset
1291 3657 1310 3691 .·
1345 3642 1417 3690 De
1443 3640 1536 3691 diis
1565 3657 1724 3705 neque
1747 3647 1803 3693 ut
1829 3645 1926 3694 sint

375 3726 536 3775 neque
572 3715 631 3762 ut
664 3727 760 3762 non
790 3712 906 3770 sint,
933 3709 1088 3760 habeo
1119 3711 1310 3770 dicere,
1349 3709 1742 3763 Atheniensium
1768 3717 1923 3776 Jussu

376 3781 506 3829 urbe
536 3784 692 3844 atque
742 3795 870 3844 apro
909 3781 980 3828 est
1018 3784 1412 3844 exterminatus,
1453 3783 1672 3848 librique
1711 3787 1824 3846 ejus
1867 3789 1923 3835 tn

378 3855 618 3901 concione
634 3853 900 3902 combusti.

2068 3639 2309 3686 cxxxw.
2334 3640 2559 3686 Lemma:
2584 3640 2647 3693 εἰς
2676 3638 2865 3698 Γοργίαν
2888 3639 2967 3688 τὸν
2990 3638 3173 3702 ῥήτορα.
3200 3657 3225 3680 α
3248 3639 3353 3686 lmo
3378 3640 3460 3688 τὸν
3478 3657 3558 3686 κυ-

2010 3709 2152 3756 νικόν.
2176 3728 2200 3750 υ
2228 3709 2290 3756 Β.
2325 3733 2388 3743 -
2414 3712 2433 3755 1
2460 3711 2489 3765 ἡ
2510 3707 2675 3757 Codex
2701 3707 2827 3757 inter
2851 3720 3053 3768 versus,
3085 3711 3137 3758 et
3162 3722 3220 3758 ex
3249 3723 3347 3758 uno
3372 3711 3550 3758 Planu-

2009 3777 2212 3826 deorum
2237 3777 2453 3826 enotavit
2478 3779 2707 3836 Brunck.;
2740 3784 2927 3828 κυνικοῦ
2944 3779 3117 3836 κεφαλὴ
3142 3779 3275 3828 Plan.
3294 3805 3358 3816 —-
3382 3786 3409 3828 2
3434 3799 3461 3821 «ι
3491 3783 3557 3828 Ut

2008 3859 2214 3896 acumen
2236 3847 2432 3896 distichi
2451 3851 2581 3896 recte
2609 3847 2864 3910 percipias,
2882 3847 3166 3904 tenendum,
3198 3847 3413 3896 crebrius
3438 3861 3557 3910 spu-

2008 3920 2115 3966 tum
2140 3917 2313 3979 ejicere
2350 3929 2619 3979 nasumque
2656 3929 2913 3980 emungere
2948 3915 3192 3965 veteribus
3226 3917 3418 3979 turpius
3438 3931 3553 3966 esse

439 3989 637 4036 cxxxi.
655 3991 851 4037 Lemma
873 4009 884 4036 :
905 3991 968 4044 εἰς
993 3992 1071 4038 τὸν
1095 3993 1249 4040 αὐτὸν.
1285 4011 1308 4033 e<
1340 3992 1466 4042 Alibi
1482 4006 1577 4041 non
1605 3995 1784 4056 reperi;
1813 3995 1925 4044 Dio-
2006 3989 2169 4038 visum
2186 4001 2335 4050 quam
2355 3987 2512 4037 nobis.
2546 4007 2571 4030 ³·
2598 3989 2711 4038 Jac.
3240 3993 3245 3998 '

379 4057 511 4118 genis
540 4061 706 4106 autem
746 4071 870 4117 esse,
917 4061 973 4108 ut
1004 4059 1338 4121 praecedentia,
1389 4063 1468 4110 vix
1507 4061 1693 4113 dubito.
1737 4083 1760 4107 υ
1803 4068 1918 4114 Jac.

383 4145 406 4166 e«
439 4129 554 4176 Fere
571 4126 856 4176 crediderim
877 4141 985 4177 esse
1007 4128 1154 4182 finem
1167 4130 1292 4179 male
1311 4131 1372 4180 ab
1391 4144 1482 4180 suo
1498 4131 1636 4182 initio
1653 4133 1919 4184 divulsum.

379 4197 578 4245 Narrate
612 4197 883 4260 Protagorae
919 4200 1079 4247 morte
1110 4199 1340 4262 pergebat
1379 4205 1524 4263 poeta
1571 4223 1583 4250 2
1617 4205 1923 4266 ΙΙρωταγόρην

379 4265 512 4324 λόγος
529 4266 620 4315 ὧδε
641 4269 788 4315 Θανεῖν
809 4267 900 4328 pse·
925 4268 1040 4316 ἆλλά
1065 4269 1154 4330 γὰρ
1173 4269 1270 4318 ούτι
1287 4271 1433 4327 ἦκατο
1451 4276 1592 4332 σῶμα
1618 4279 1774 4334 γαῖαν,
1793 4275 1923 4336 ψυχὰ

381 4335 420 4382 δ’
440 4336 552 4384 ἀλτο
579 4342 752 4398 σοφοῖς.
791 4338 909 4386 Haec
937 4340 1015 4387 est
1039 4338 1170 4387 enim
1196 4337 1388 4389 Codicis
1409 4340 1665 4402 scriptura.
1699 4343 1924 4392 Jacobsio

380 4407 498 4466 φέρει
517 4418 605 4468 pro
633 4407 711 4466 φέε
735 4409 786 4456 et
805 4418 949 4457 versu
985 4415 1013 4458 2
1041 4409 1213 4458 ἕσσατο
1245 4408 1424 4470 debeo;
1454 4411 1638 4473 reliqua
1663 4411 1831 4461 reffnxi
1865 4415 1926 4462 ut

380 4473 585 4523 lectores
623 4489 719 4524 non
761 4476 1036 4527 turbentur.
1066 4477 1154 4540 [ln
1179 4479 1323 4528 notis.
1351 4492 1468 4530 mss.
1504 4482 1607 4530 Jac-
1641 4481 1925 4542 conjiciebat

380 4543 466 4600 ἧκε
484 4545 536 4591 τὸ
549 4545 671 4606 σῶμ’
695 4546 806 4593 αἶαν
819 4583 832 4604 ,
851 4547 1040 4608 reliqua
1062 4549 1120 4596 ut
1137 4546 1270 4606 olim,
1291 4550 1420 4612 ψυχὰ
1437 4549 1478 4598 δ’
1495 4549 1596 4598 ἆλτ’
1612 4551 1657 4606 ἐς
1671 4553 1923 4618 olipa-cotia]

382 4611 481 4666 Qui
502 4611 702 4661 criticus
721 4613 884 4672 suerit,
903 4619 1128 4664 notarum
1144 4614 1330 4679 spineta
1354 4616 1580 4666 lustrabit
1597 4621 1646 4666 et
1674 4617 1778 4681 ipse
1803 4631 1919 4667 con-

376 4680 512 4741 jiciet
535 4681 712 4732 melius
744 4687 795 4734 et
820 4684 1128 4748 ingeniosius.
1169 4686 1438 4737 antithesin
1457 4686 1507 4736 in
1539 4687 1794 4750 epitaphiis
1824 4688 1921 4737 sre-

382 4753 610 4812 quentem
637 4754 851 4815 corporis
871 4757 1003 4804 terra
1027 4756 1204 4818 sepulti
1229 4760 1280 4806 et
1299 4756 1471 4805 animae
1502 4757 1564 4806 ad
1582 4771 1784 4820 superos
1801 4771 1917 4806 evo·

380 4819 524 4868 lautis
550 4821 785 4883 exemplis
810 4823 1050 4874 illustravi
1071 4827 1236 4875 multis
1258 4839 1313 4876 ex
1333 4827 1437 4888 ipsa
1456 4825 1738 4890 Anthologia
1759 4828 1922 4890 petitis

379 4890 428 4937 in
448 4892 714 4940 comment.
750 4893 1052 4957 epigraphica
1076 4895 1203 4944 inter
1237 4887 1470 4945 Holstenii
1491 4897 1728 4958 Epistolas
1751 4911 1799 4958 p.
1830 4904 1919 4947 ⁴53

379 4961 430 5007 et
453 4959 501 5007 in
527 4960 685 5009 Diario
707 4962 860 5012 Class.
885 4965 923 5013 t.
945 4967 1094 5024 xvu,
1123 4979 1171 5028 p.
1193 4971 1299 5017 389.
1331 4965 1466 5016 Adde
1483 4967 1718 5017 Welcker.
1743 4968 1919 5032 Syllog.

2071 4131 2289 4179 CXXXV.
2316 4131 2513 4178 Lemma
2540 4143 2553 4170 :
2576 4131 2638 4184 εἰς
2671 4130 2979 4191 Ἱπποκράτην
3010 4129 3089 4178 τὸν
3117 4129 3269 4191 ἰατρὸν
3288 4130 3366 4177 τὸν
3388 4132 3544 4176 Κῶον.

2011 4227 2071 4238 -
2114 4207 2153 4249 1.
2188 4200 2425 4256 Θεσσαλός
2441 4236 2455 4258 ,
2480 4213 2591 4248 nam
2614 4201 2843 4262 majorem
2868 4199 2984 4248 vitae
3012 4201 3201 4262 partem
3231 4200 3553 4262 Hippocrates

2008 4272 2057 4321 in
2080 4269 2325 4320 Thessalia
2346 4272 2659 4332 transegerat,
2680 4269 2829 4318 etiam
2858 4270 3077 4331 sepultus
3098 4269 3150 4317 in
3178 4269 3426 4318 Thessalia
3441 4305 3455 4326 ,
3484 4274 3543 4317 ut

2009 4357 2153 4392 suum
2183 4341 2286 4390 scre
2314 4340 2495 4390 habere
2518 4341 2683 4390 liceret
2702 4340 2946 4390 Thessalis
2974 4361 2986 4388 :
3012 4351 3165 4401 quare
3188 4352 3285 4389 non
3316 4337 3547 4388 dubitan-

2011 4411 2129 4460 dum
2157 4411 2219 4460 de
2246 4409 2463 4472 epitheto
2478 4445 2493 4471 ,
2510 4422 2599 4458 nec
2618 4409 2941 4470 Thessalum,
2964 4408 3117 4458 filium
3142 4407 3458 4470 Hippocratis,
3482 4408 3557 4455 sic

2012 4480 2199 4530 laudari
2224 4479 2599 4530 existimandum
2619 4493 2731 4528 cum
2756 4481 3009 4542 Scaligero‚
3033 4479 3118 4542 qui
3135 4479 3478 4540 Ἱπποκράτεος,
3500 4482 3552 4526 et

2010 4551 2228 4613 Menagio
2254 4551 2318 4599 ad
2342 4551 2469 4614 Diog.
2494 4552 2549 4598 L.
2580 4553 2620 4609 Ι,
2649 4556 2726 4610 51,
2756 4550 2839 4611 qui
2866 4550 3194 4611 Ἱπποκράτους
3221 4547 3550 4610 corrigebant,

2010 4621 2302 4670 assentiente
2320 4619 2536 4669 Fabricio
2555 4619 2678 4669 Bibl.
2702 4621 2843 4668 Gr.·t.
2862 4622 2997 4680 xm,
3024 4632 3073 4681 p.
3092 4623 3183 4668 435
3210 4631 3315 4680 seq.
3336 4643 3385 4652 —
3412 4624 3441 4666 2
3458 4617 3554 4665 ἀπο

2012 4692 2158 4753 spicue.
2179 4690 2298 4740 Cod.
2321 4690 2394 4740 Ab
2410 4689 2625 4752 Apolline
2646 4689 2877 4752 originem
2891 4689 3140 4751 repetebat
3162 4686 3553 4750 Asclepiadaruin

2012 4761 2206 4810 familia.
2246 4787 2303 4796 ——
2330 4765 2359 4809 4
2396 4761 2517 4821 ἔχων
2548 4761 2718 4816 πολλὴν
2752 4760 2981 4818 Brunck.,
3018 4759 3261 4821 posterius
3294 4771 3359 4807 ex
3394 4757 3552 4812 Plau.;

2008 4833 2125 4897 τύχᾳ
2140 4835 2255 4883 ἀλλὰ
2266 4835 2404 4896 τέχνᾳ
2416 4831 2555 4892 eod„
2576 4831 2708 4893 quod
2726 4830 2919 4880 reduxit
2932 4831 3084 4880 BoiSS.
3102 4843 3189 4894 pro
3199 4829 3374 4892 τύχῃ...
3392 4827 3551 4889 τέχνῃ.

1956 2257 1971 5032 mmm

2075 4970 2319 5020 CXXXVI.
2348 4971 2547 5018 Lemma
2578 4987 2590 5017 z
2621 4969 2684 5025 εἰς
2702 4967 2927 5029 Πρίαμον.
