3829 5747
1008 74 1255 135 CAPUT
1294 75 1395 137 vl.
1440 74 1999 138 EPIGRAMMATA
2039 76 2570 138 DEDICATORIA.

264 206 481 267 πότνια
496 254 513 286 ,
536 206 619 266 καὶ
642 206 867 277 σπονδὴν
896 208 1037 281 τήνδ’
1066 210 1468 290 ὑποπυθμίδιον.

176 294 291 353 Ἦν
314 294 387 353 δέ
416 296 489 374 μέ
510 300 575 376 γ’,
592 298 661 363 ὡς
687 299 745 355 ἐκ
771 295 957 357 νούσου
981 298 1265 379 ἄνειρύσω,
1296 290 1397 359 ὦδε
1416 296 1507 358 καὶ
1532 300 1719 379 ἔχθρῆς

258 386 331 443 ἐκ
362 384 547 455 πενίης
574 381 739 464 ῥύσῃ,
770 383 883 452 δέξο
909 384 1309 466 χιμαιροθύτην.

615 554 715 603 301
734 590 747 605 .
798 545 1321 607 ΚΑΛΛΙΜΑΧΟΥ.

170 682 297 753 Τὴν
326 684 493 753 ἁλίην
524 682 787 759 Εὔδημος,
818 683 896 763 ἐφ’
914 676 977 756 ἧς
1004 684 1106 743 ἅλα
1134 684 1275 743 λιτὸν
1305 685 1533 745 ἑπέσθων

250 776 533 847 χειμῶνας
558 771 815 848 μεγάλους
843 770 1080 850 ἐξέφυγεν
1126 774 1349 846 δανέων,

170 861 305 928 (ri-{xe
340 863 484 926 θεοῖς
507 858 841 938 Σαμόθρᾳξι,
863 860 1029 938 λέγων
1062 860 1141 918 ὅτι
1161 860 1349 941 τήνδε,
1382 864 1499 920 κατ’
1530 863 1707 939 εὐχὴν,

250 972 301 1004 ω
330 948 491 1018 λαοὶ,
520 948 699 1015 σωθείς
727 948 781 1017 ἐξ
811 948 973 1024 ἁλὸς,
1012 940 1103 1007 ὧδ’
1137 948 1301 1011 ἔθετο.

667 1118 803 1168 302.
849 1108 1261 1168 AEssNlAOI'.

174 1242 419 1318 sptuytfl'
448 1244 581 1303 ὑπὲκ
607 1244 877 1318 καλύὸης,
906 1245 1103 1306 σκότιοι
1141 1246 1240 1322 μύ·
1217 1270 1293 1313 -·ς
1331 1245 1444 1305 οὔτι
1471 1248 1695 1328 πενιχρὴ

254 1336 371 1406 μῦς
401 1332 559 1404 σιπύη
590 1332 797 1412 βόσκειν
827 1324 935 1392 οἶδε
963 1333 1257 1395 Λεωνίδεω.

178 1419 469 1498 Αὖτάρκης
488 1425 517 1477 δ
540 1420 770 1500 πρέσὸυς
794 1418 935 1501 ἔχων
963 1422 1069 1480 ἅλα
1090 1422 1181 1481 καὶ
1200 1421 1291 1481 δυο
1316 1430 1510 1502 κρῖμνα
1526 1447 1540 1461 ·

253 1508 321 1565 ἐκ
348 1508 592 1587 πατέρων
622 1508 818 1581 ταύτην
857 1510 1120 1589 ᾐνέσαμεν
1162 1510 1359 1585 βιοτήν.

172 1596 270 1677 Τῷ
294 1596 357 1654 τί
376 1596 704 1673 μεταλλεῦεις
731 1604 914 1657 τοῦτον
936 1600 1126 1680 μυχὸν,
1144 1590 1189 1658 ὦ
1216 1600 1501 1679 φιλόλιχνε,

252 1684 371 1741 οὐδ’
408 1685 794 1746 ἅποδειπνιδίου
825 1688 1097 1766 γευόμενος
1124 1687 1421 1762 σκυὸάλους

176 1772 421 1830 σπεύδων
448 1775 526 1839 εἷς
562 1774 749 1840 ἄλλους
777 1773 948 1841 οἴκους
966 1774 1038 1834 ἴθι
1068 1774 1247 1853 (τάμὰ
1275 1777 1331 1835 δὲ
1356 1775 1507 1855 λιτά)
1534 1823 1550 1853 ,

252 1851 333 1917 ὧν
373 1860 475 1921 ἄπο
495 1864 799 1942 πλειοτέρην
822 1862 987 1923 οἴσεαι
1011 1864 1298 1943 ἆρμαλιήν.

640 2027 773 2079 303.
821 2020 1285 2081 ΑΡΙΣΤΩΝΟΣ.

180 2144 249 2213 Ὦ
278 2179 436 2232 μυες,
466 2156 633 2234 εἰμὲν
668 2161 752 2218 ἐπ’
782 2160 938 2242 ἄρτον
965 2160 1271 2236 ἔληλῦθατ“,
1298 2163 1349 2230 ἐς
1383 2163 1547 2243 μυχὸν
1584 2166 1740 2223 ἄλλον

202 2248 488 2349 στείχετ’
520 2250 674 2328 (ἐπεὶ
697 2251 847 2324 λιτὴν
874 2252 1111 2329 οἰκέομεν
1140 2254 1449 2336 καλύὸην),

178 2352 234 2392 οὺ
265 2337 360 2394 καὶ
382 2337 545 2397 πίονα
568 2340 721 2417 τυρὸν
750 2341 1103 2423 ἀποδρὲψεσθε
1127 2342 1217 2400 καὶ
1248 2342 1379 2415 αὔην

142 2432 151 2443 ’
258 2424 487 2501 ἰσχάδα,
522 2425 612 2485 καὶ
639 2428 847 2485 δεῖπνον
880 2429 1071 2507 συχνὸν
1100 2430 1206 2488 ἀπὸ
1232 2431 1533 2490 σκυὸάλων.

182 2512 301 2569 Εἰ
268 2514 317 2569 ο’
348 2514 402 2570 ἐν
432 2514 587 2585 ἐμαῖς
617 2513 845 2593 βίὸλοισι
872 2515 1031 2573 πάλιν
1060 2518 1367 2588 καταθήξετ’
1397 2520 1579 2577 ὀδόντα
1597 2564 1614 2590 ,

256 2596 569 2678 κλαύσεσθ’,
594 2602 688 2661 οὐκ
712 2602 902 2679 ἀγαθὸν
922 2607 1103 2680 κῶμον
1132 2605 1493 2684 ἐπερχόμενοι.

710 2771 841 2822 304.
886 2762 1199 2823 ΦΑΝΙΟΥ.

186 2895 365 2956 nutv·
393 2887 443 2956 ὦ
468 2897 777 2974 καλαμευτὰ
792 2945 811 2978 ,
842 2899 963 2958 ποτὶ
985 2900 1129 2980 ξερὸν
1158 2901 1265 2962 ἔλθ’
1288 2903 1395 2963 ἀπὸ
1416 2904 1637 2984 πέτρας,

256 2984 349 3043 καί
378 3009 449 3094 με
470 2985 597 3044 λᾶ6’
619 2985 847 3067 εὖάρχαν
874 2987 1071 3067 πρώϊον
1101 2989 1352 3067 ἐμπολέα.

186 3071 307 3132 Atre
332 3097 401 3132 συ
425 3098 460 3153 γ
461 3077 549 3132 ’ἐν
577 3097 753 3153 κυρτῳ
782 3077 1181 3156 μελανουρίδας,
1213 3077 1325 3136 αἵτε
1344 3079 1438 3136 τιν’
1462 3081 1633 3160 αγρεῖς

259 3161 526 3241 μορμύρον
536 3206 560 3270 ,
578 3160 615 3232 ἢ
634 3161 859 3240 κίχλην,
885 3162 921 3234 ἢ
937 3165 1176 3274 σπάρον,
1204 3164 1238 3235 ἢ
1271 3165 1501 3246 σμαρίδα
1520 3211 1535 3238 ,

190 3245 387 3306 nimam
420 3249 663 3316 αὖδάσεις
702 3273 767 3327 με
790 3250 877 3308 τὸν
902 3253 961 3310 οὗ
985 3252 1167 3331 κρέας,
1197 3253 1333 3311 ἀλλὰ
1363 3255 1631 3314 θάλασσαν

256 3341 527 3415 τιμῶντα,
547 3341 792 3448 ψαφαροῦ
819 3340 1118 3415 κλάσματος
1144 3343 1215 3407 εἷς
1235 3341 1464 3401 ἀπάταν.

192 3428 458 3494 Χαλκίδας
478 3427 546 3497 ἢν
572 3427 631 3496 δὲ
658 3428 817 3508 φέρῃς
835 3429 1283 3508 φιλακανθίδας,”
1248 3455 1283 3501 η
1303 3453 1418 3488 τινα
1444 3430 1685 3509 Θρίσσαν,

256 3516 490 3594 εὗοίγρει·
514 3515 714 3573 λιθίναν
748 3517 807 3574 οὗ
840 3517 942 3596 γὰρ
972 3515 1079 3595 ἔχω
1106 3517 1333 3597 φάρυγα.

755 3755 869 3801 302.
907 3769 1145 3803 nomme.

188 3877 279 3922 Hac
309 3875 489 3924 absiste
508 3893 613 3925 casa
643 3890 657 3925 t
690 3893 799 3926 nam
826 3894 973 3943 parva
996 3880 1215 3929 Leonidis
1244 3890 1315 3928 est
1336 3894 1429 3938 res,

240 3961 341 4006 Nec
369 3957 496 4006 bona
528 3959 774 4024 pascendis
800 3961 1019 4009 muribus
1035 3971 1164 4010 arcta
1183 3977 1347 4027 penus.

186 4040 369 4104 Quippe
390 4041 493 4089 seni
517 4041 631 4090 satis
648 4052 719 4090 est
744 4042 871 4107 puls,
899 4045 1034 4109 panis
1051 4080 1066 4105 ,
1096 4054 1145 4094 et
1161 4059 1437 4110 aequoreum
1466 4043 1561 4103 sal3

238 4125 355 4170 Hac
387 4121 451 4170 ab
466 4122 567 4170 avis
590 4123 661 4172 ini
686 4123 783 4172 vita
807 4125 976 4174 relicta
994 4126 1151 4191 placet
1180 4143 1193 4176 ι

186 4207 325 4253 Parve
347 4204 588 4270 ligur-iter,
613 4222 702 4255 cur
717 4205 819 4256 haec
848 4211 1116 4273 penetralia
1142 4211 1341 4272 lustras,

238 4289 297 4334 In
320 4286 499 4351 quibus
514 4301 577 4338 ex
603 4303 737 4337 coena
760 4290 884 4339 mica
914 4307 1001 4339 nec
1020 4291 1117 4340 ulla
1136 4291 1263 4340 cadit
1282 4296 1304 4340 Ρ

186 4369 349 4416 Nostra
366 4368 498 4417 vides
515 4385 621 4435 quae
633 4371 730 4420 sint
756 4387 767 4420 :
797 4372 953 4421 aliena
980 4372 1030 4420 iu
1055 4373 1219 4421 limina
1245 4373 1406 4438 migra,

237 4455 361 4500 Sunt
385 4452 471 4501 ubi
488 4469 595 4519 quae
619 4454 804 4519 possint
829 4464 875 4504 te
900 4455 1075 4504 satiare
1110 4457 1271 4521 dapes.

725 4592 841 4639 303.
885 4605 1157 4640 aurs-roms.

187 4722 223 4772 Si
248 4721 416 4788 petitis
439 4723 614 4773 victum
639 4739 797 4773 mures
833 4724 1048 4802 absistite
1076 4741 1219 4791 parce

240 4804 432 4854 Limine
454 4821 467 4855 ε
487 4815 598 4856 sunt
620 4823 727 4872 quae
760 4822 842 4856 vos
859 4822 1005 4856 aurea
1041 4815 1167 4856 tecta
1190 4817 1357 4858 vocent
1372 4847 1385 4870 ,

190 4891 314 4940 Ficus
333 4891 419 4940 ubi
452 4891 583 4942 vobis
616 4900 663 4942 et
700 4890 835 4958 copia
867 4891 1017 4940 multa
1052 4892 1201 4940 coacti

3279 83 3393 143 213

1900 220 2199 281 veneranda,
2229 222 2281 271 et
2297 220 2575 273 libationem
2597 220 2722 271 hanc
2750 222 3269 287 de-smido-guttorum.

1838 307 1888 357 Si
1907 323 2029 359 vero
2052 322 2132 359 me
2155 309 2380 373 quidem,
2406 312 2464 360 ut
2486 322 2514 360 e
2535 310 2708 360 morbo
2731 312 3010 372 retraxisti,
3039 312 3108 362 sic
3131 318 3181 363 ct
3207 312 3401 363 inimica

1900 410 1964 447 ex
1979 400 2262 461 paupertate
2279 398 2498 451 liberaris
2509 436 2522 459 ,
2544 401 2771 461 exspecta
2783 399 3395 463 capellam-mactatarum.

2344 546 2452 592 301.
2489 544 2887 591 CALLIMACHI.

1835 684 2055 736 salinum
2075 686 2326 737 Eudemus
2340 724 2354 747 ,
2379 688 2430 738 in
2447 702 2546 751 quo
2571 689 2641 738 sal
2659 692 2806 739 tenue
2829 690 3090 740 comedens

1896 773 2134 837 procellas
2165 789 2364 837 magnas
2383 776 2584 826 evitavit
2600 777 2872 827 aeris-alieni
2885 817 2898 839 ‚

1833 860 2000 925 posuit
2019 860 2114 911 diis
2139 863 2531 913 Samothracibus
2549 904 2562 925 ,
2592 864 2791 915 dicens:
2823 868 3020 917 Hancce
3037 867 3101 917 de
3125 873 3266 929 voto,

1896 964 1928 999 ο
1944 951 2134 1014 populi,
2157 955 2383 1005 servatus
2401 966 2464 1003 ex
2493 954 2594 1003 sale
2624 954 2706 1004 hic
2727 956 2907 1018 posuit.

2387 1100 2494 1144 302.
2533 1098 2835 1146 LEONIDAE.

1832 1252 2077 1317 Suffugite
2099 1267 2162 1304 ex
2199 1268 2314 1305 casa
2327 1294 2340 1315 ,
2369 1253 2663 1305 tenebricosi
2685 1268 2850 1304 mures
2877 1275 2888 1302 ι
2929 1254 3167 1304 miserum
3195 1256 3394 1307 minime

1892 1340 2032 1391 novit
2055 1354 2226 1392 mures
2247 1354 2449 1405 pascere
2471 1342 2725 1405 panarium
2751 1342 2988 1392 Leonidae.

1831 1428 2208 1481 Contentus-est
2239 1442 2386 1479 senex
2424 1428 2786 1492 quando-habet
2809 1430 2959 1479 salem
2987 1433 3037 1481 et
3071 1430 3195 1481 duos
3229 1446 3396 1495 panes<

1892 1529 1924 1565 a
1948 1516 2168 1579 patribus
2191 1515 2320 1567 hanc
2336 1516 2650 1579 probavimus
2673 1516 2840 1567 vitam.
3045 1517 3357 1581 [hordeaceos
3381 1541 3394 1567 ε

1830 1605 1935 1653 Cur
1954 1604 2104 1668 igitur
2121 1604 2629 1669 fodiens-pervestigans
2653 1606 2752 1655 tale
2775 1619 2947 1655 cavum
2964 1644 2976 1666 ,
2998 1619 3027 1654 o
3047 1606 3284 1669 ligur-itur,

1890 1694 2188 1743 actae-coenae
2204 1706 2266 1743 ne
2283 1696 2605 1757 purgamenta
2634 1692 2834 1757 quidem
2859 1696 3180 1757 gustaturus?

1828 1780 2057 1832 Festinus
2078 1780 2142 1831 ad
2159 1781 2278 1831 alias
2297 1781 2424 1831 vade
2451 1779 2626 1831 domos
2648 1783 2784 1844 (mea
2805 1782 2934 1833 euim
2958 1786 3074 1833 sunt
3098 1784 3328 1845 tenuia),

1893 1881 1952 1917 ex
1983 1867 2163 1931 quibus
2187 1866 2590 1917 abundantiorem
2612 1869 2808 1917 auferes
2827 1868 3032 1917 victum.

2369 2038 2476 2083 303.
2513 2034 2774 2083 ARISTON
2777 2036 2848 2084 IS.

1831 2176 1874 2223 0
1901 2186 2097 2235 mures,
2125 2174 2168 2224 si
2191 2174 2330 2237 panis
2363 2174 2728 2238 petendi-causa
2754 2175 2958 2226 venistis
2974 2214 2986 2238 ‚
3010 2175 3072 2225 ad
3091 2189 3211 2226 cava
3238 2176 3330 2225 alia

1887 2261 2054 2313 vadite
2073 2262 2283 2327 (quippe
2305 2265 2506 2314 tenuem
2522 2263 2805 2313 habitamus
2823 2266 3043 2326 casam),

1828 2349 1913 2401 uhi
1939 2352 1992 2401 et
2017 2350 2249 2414 pinguem
2272 2364 2473 2401 caseum
2493 2350 2738 2401 abrodetis
2760 2354 2811 2401 et
2831 2351 3011 2401 siccam

1888 2438 2066 2500 ficum,
2087 2440 2138 2489 et
2154 2451 2345 2489 coenam
2367 2439 2550 2502 largam
2575 2442 2792 2502 capietis
2808 2453 2864 2489 ex
2882 2441 3226 2503 purgamentis,

1826 2526 1877 2575 si
1904 2539 2024 2575 vero
2046 2526 2098 2575 in
2119 2526 2242 2576 meis
2257 2526 2395 2577 libris
2411 2527 2590 2577 iterum
2610 2527 2799 2577 acuetis
2819 2526 3015 2577 dentem
3031 2566 3043 2587 ,

1888 2612 2140 2677 plorabitis
2153 2652 2166 2675 ‚
2194 2614 2376 2663 malam
2394 2614 2780 2665 comissationem
2805 2614 3058 2665 obeuntes.

2394 2780 2502 2826 304.
2539 2777 2806 2825 PHANIAE.

1826 2911 1870 2958 O
1890 2908 2114 2959 littoralis
2129 2908 2363 2971 piscator,
2381 2907 2432 2957 in
2445 2907 2631 2957 siecum
2647 2907 2762 2956 veni
2783 2921 2814 2957 a
2831 2909 2966 2970 petra
2980 2944 2992 2965 ‚

1886 2995 1938 3046 et
1954 3009 2034 3046 me
2053 2995 2217 3059 accipe
2233 2995 2686 3058 bene-incipientem
2705 2995 3000 3045 matutinum
3019 2996 3305 3058 emptorem.

1824 3084 2012 3135 sivetu
2029 3084 2080 3133 in
2103 3097 2248 3133 nassa
2266 3084 2544 3133 melanuros
2559 3120 2572 3145 ‚
2595 3083 2697 3132 sive
2715 3083 2849 3146 capis
2866 3082 3078 3150 aliquem

1885 3186 2190 3237 mormyrum
2205 3210 2219 3233 ‚
2239 3173 2319 3222 vel
2337 3173 2555 3235 turdum,
2574 3173 2654 3222 vel
2671 3186 2889 3236 sparum,
2905 3172 2988 3222 vel
3001 3171 3262 3223 smaridem
3277 3212 3288 3234 ,

1824 3263 1992 3314 statim
2017 3262 2285 3326 appellabis
2309 3275 2390 3312 me
2407 3300 2419 3323 ,
2448 3263 2534 3326 qui
2563 3276 2662 3312 non
2695 3275 2896 3311 carnem
2915 3301 2928 3324 ‚
2949 3262 3036 3312 sed
3064 3276 3201 3311 mare

1883 3350 2122 3400 honorem
2141 3388 2155 3411 ‚
2177 3351 2294 3400 sicci
2313 3350 2454 3400 srusti
2473 3349 2751 3400 taedium-ut
2768 3350 2945 3400 fallam.

1823 3441 1888 3488 At
1908 3437 2154 3488 chalcidas
2179 3440 2221 3488 si
2237 3439 2336 3488 fers
2353 3438 2590 3502 spinosas,
2611 3439 2690 3488 vel
2707 3440 2922 3502 aliquam
2940 3439 3160 3500 clupeam
3177 3477 3189 3498 ,

1886 3526 2388 3592 fau-ste-piscansvale
2422 3547 2434 3576 z
2457 3526 2700 3590 lapideam
2733 3528 2862 3577 enim
2893 3539 2991 3576 non
3013 3526 3170 3575 habeo
3200 3525 3376 3588 gulam.

1889 3737 2066 3798 Laetis»,
2089 3744 2140 3787 et
2167 3755 2194 3786 e
2222 3739 2368 3786 coenis
2391 3739 2541 3787 altera
2566 3755 2696 3786 coena
2721 3739 2880 3786 datur.

1822 3823 1890 3868 At
1917 3829 2100 3869 nostras
2126 3819 2300 3868 iterum
2328 3819 2490 3884 petitis
2517 3821 2557 3867 si
2581 3820 2723 3867 dente
2745 3835 2976 3884 papyros,

1888 3902 2120 3964 Flebilis3
2149 3901 2360 3969 expletos
2380 3911 2544 3950 moesta
2563 3901 2736 3950 chorea
2766 3913 2943 3950 manet.

2416 4109 2531 4160 304.

2566 4124 2776 4155 PHANIAE.

1824 4310 1877 4353 In
1907 4315 2086 4354 terram
2114 4307 2176 4355 de
2204 4323 2326 4373 rupe
2349 4308 2457 4356 veni
2481 4307 2708 4373 piscator,
2735 4317 2784 4356 et
2810 4323 2836 4355 a
2857 4323 2932 4356 me

1888 4389 2051 4454 incipe
2073 4399 2320 4455 capturam
2346 4390 2549 4439 vendere
2572 4405 2711 4438 mane
2739 4405 2891 4448 nove,

1822 4476 1914 4523 Seu
1940 4484 2018 4524 tua
2041 4473 2136 4522 fert
2156 4471 2334 4524 fiscella
2351 4473 2526 4523 bonam
2554 4473 2848 4522 melanurida
2868 4511 2884 4536 ,
2915 4473 3014 4521 sive

1887 4559 2166 4605 Mol-moron
2180 4592 2198 4619 ,
2225 4564 2309 4606 aut
2329 4556 2512 4619 turdos,
2533 4563 2615 4604 aut
2637 4571 2829 4620 spat-ou,
2859 4563 2941 4603 aut
2966 4553 3186 4604 smarida.

1822 4641 1946 4689 Nam
1967 4655 2126 4702 mare,
2151 4655 2248 4689 non
2275 4655 2440 4690 carnes
2463 4639 2596 4688 cordi
2623 4638 2740 4688 mihi
2773 4654 2786 4687 :
2811 4638 2949 4703 piscis
2972 4654 3134 4687 amore

1887 4724 1970 4770 Me
1992 4731 2172 4788 spectas
2194 4721 2313 4771 alios
2329 4721 2380 4770 in
2397 4737 2529 4770 mare
2554 4720 2678 4770 serre
2697 4721 2846 4770 cibos,

1824 4811 1889 4856 At
1910 4807 1950 4855 si
1970 4805 2062 4855 fers
2089 4807 2304 4873 clupeam
2320 4841 2334 4863 ,
2368 4806 2444 4856 vel
2463 4822 2578 4872 quas
2595 4821 2728 4855 mare
2750 4803 2904 4869 gignit·
2924 4805 3074 4856 ericas
3088 4841 3114 4868 ι

1888 4895 2032 4954 Perge
2052 4889 2252 4954 valeque
2275 4905 2287 4939 :
2324 4889 2430 4953 gula
2461 4898 2528 4938 est
2551 4905 2646 4938 non
2669 4888 2878 4956 lapidosa
2906 4887 3038 4938 mihi.
