3829 5747
477 119 592 176 492
1582 124 2088 190 ANTHOLOGIAE
2134 129 2535 194 PALATINAE

410 260 438 299 ⁸
475 248 564 308 τὸν
587 249 760 331 τρίτον
790 251 844 309 ἐν
875 259 1144 322 πτηνοῖσιν
1170 251 1438 312 ἐπίὸλεπε·
1467 259 1558 326 τῆς
1580 255 1683 338 γὰρ
1713 257 1974 331 ἁπάντων,

557 339 764 417 δαῖμον,
796 337 932 417 ἔχεις
957 339 1134 416 ἡμέων
1157 342 1299 419 δῶρα
1321 343 1672 411 λινοστασίας.

688 494 818 544 18⁷.
848 485 1186 544 ΑΛΚΑιοΥ
1213 485 1830 568 (ΜιΤΥΛΗΝΑιοΥ).

477 621 620 684 Πανὶ
646 623 975 699 κασιγνήτων
1005 621 1118 701 ἱερὴ
1144 623 1290 703 τριὰς
1309 669 1328 696 ,
1359 625 1512 692 ἄλλος
1539 629 1631 684 ἀπ’
1655 625 1814 699 ἄλλης
1829 674 1845 700 ,

557 711 726 769 ἄνθετ’
751 711 842 768 ἀπ’
869 711 1060 782 οἷκείης
1087 711 1352 790 σύμὸολον
1378 714 1622 794 ἐργασίης
1639 759 1654 787 ,

477 799 681 880 Πίγρης
708 800 940 880 ὀρνίθων,
969 799 1131 859 ἇλίων
1158 803 1442 880 ἀπομοίρια
1469 803 1726 882 Κλείτωρ,

555 887 780 966 ἔμπαλιν
811 888 1052 948 ἷθυτόνων
1082 894 1256 966 Δᾶμις
1289 891 1392 949 ἀπὸ
1421 891 1706 952 σταλίκων.

476 975 606 1036 'Avo’
632 967 706 1034 ὧν
735 976 977 1056 εὖαγρίην
999 981 1072 1056 τῷ
1103 975 1194 1052 μὲν
1219 979 1431 1056 χθονὸς,
1462 969 1506 1058 ᾧ
1539 977 1594 1036 δὲ
1625 978 1816 1048 διδοίης

553 1063 606 1133 ἐξ
639 1063 786 1138 ἁλὸς,
809 1056 852 1144 ᾧ
872 1063 926 1122 δὲ
949 1063 1122 1140 νέμοις
1154 1064 1305 1145 ἠέρος
1326 1066 1576 1145 ὠφελίην.

709 1225 838 1276 188.
881 1216 1222 1275 ΛΕΩΝΙΔΑ
1263 1217 1781 1277 ΤΑΡΑΝΤΙΝΟΥ.

475 1356 544 1417 Ὁ
575 1355 718 1433 Κρὴς
737 1355 1054 1436 Θηρίμαχος
1080 1356 1146 1414 τὰ
1172 1356 1455 1437 λαγωὸόλα
1482 1357 1625 1419 Πανὶ
1652 1357 1870 1439 Λυκαίῳ

555 1447 722 1501 ταῦτα
749 1443 875 1521 πρὸς
897 1441 1216 1523 Ἀρκαδικοῖς
1243 1443 1502 1524 ἐκρέμασε
1533 1444 1822 1512 σκοπέλοις.

477 1525 636 1590 Ἀλλᾶ
661 1530 723 1590 σὺ
755 1532 1056 1612 Θηριμάχῳ
1085 1533 1264 1610 δώρων
1301 1533 1480 1614 χάριν,
1508 1533 1704 1614 ἀγρότα
1733 1537 1938 1613 δαῖμον,

555 1619 708 1698 χεῖρα
736 1619 1024 1686 κατιθύνοις
1045 1619 1239 1689 τοξότιν
1263 1623 1317 1680 ἐν
1340 1621 1558 1702 πολέμῳ
1577 1668 1596 1700 ,

476 1703 530 1762 ἔν
556 1729 614 1764 τε
643 1704 1000 1780 συναγκείαισι
1018 1705 1312 1786 παρίστασο
1344 1707 1574 1790 δεξιτερῇ
1599 1711 1669 1787 οἱ,

555 1797 741 1872 πρῶτα
772 1792 938 1861 διδοὺς
959 1796 1144 1873 ἄγρης,
1165 1798 1349 1875 πρῶτα
1374 1795 1464 1853 καὶ
1484 1796 1806 1857 ἀντιπάλων.

758 1944 888 1996 189.
937 1937 1278 1996 ΜΟΙΡΟΥΣ
1320 1939 1776 1999 ΒΥΖΑΝΤΙΑΣ.

475 2077 696 2159 Νύμφαι
725 2075 1070 2156 Ἀνιγριάδες,
1095 2083 1332 2154 ποταμοῦ
1360 2077 1511 2159 κόραι
1530 2122 1546 2150 ,
1589 2078 1646 2138 αἳ
1682 2081 1808 2138 τάδε
1831 2077 1987 2158 βένθη

559 2163 847 2244 ἅμὸρόσιαι
879 2163 1067 2246 ῥοδέοις
1090 2165 1320 2224 etatem
1343 2166 1529 2224 ποσσὶν
1558 2167 1639 2225 ἀεὶ
1656 2213 1672 2244 ,

475 2252 686 2332 χαίρετε
709 2253 800 2312 καὶ
835 2251 1046 2320 σώζοιτε
1077 2253 1414 2328 Κλεώνυμον,
1443 2253 1496 2320 ὃς
1516 2255 1642 2312 τάδε
1677 2253 1817 2315 καλὰ

557 2338 718 2399 εἴωθ’
743 2340 874 2399 ὑπαὶ
899 2339 1098 2400 πιτύων
1127 2339 1292 2418 ὔμμι,
1322 2343 1472 2419 θεαὶ,
1499 2341 1675 2410 ξόανα.

899 2493 923 2542 1
936 2493 1034 2544 90.
1085 2481 1444 2544 ΓΑῙΤΟΥΛΙ
1455 2485 1626 2544 ΚΟΥ.

477 2630 650 2700 Λάζεο
661 2623 973 2708 ἶτιμήεσσα
1024 2631 1312 2709 Κυθηριᾶις,
1334 2635 1648 2708 ὑμνοπόλοιο

555 2718 675 2778 λιτὰ
702 2719 815 2779 τάδ’
837 2723 896 2779 ἐκ
925 2721 1069 2777 λιτοῧ
1105 2721 1246 2797 δῶρα
1279 2717 1569 2779 Λεωνίδεω·

480 2807 709 2866 πεντάδα
737 2806 830 2877 τὴν
855 2807 1120 2887 σταφυλῆς
1144 2807 1376 2887 εὒρώγεα
1392 2851 1408 2879 ,
1433 2806 1523 2865 καὶ
1553 2805 1794 2883 μελιηδὲς

556 2895 751 2973 πρώϊον
777 2892 1041 2973 εὐφύλλων
1064 2902 1217 2954 σῦκον
1245 2897 1335 2952 ἀπ’
1369 2894 1688 2974 ἀκρεμόνων,

396 3008 422 3047 5
477 2980 568 3039 καὶ
597 2980 794 3051 ταύτην
825 2980 1086 3053 ἀπέτηλον
1117 2982 1482 3062 ἆλινήκτειραν
1507 2982 1708 3056 ἐλαίην,

555 3068 644 3127 καὶ
671 3072 908 3149 ψαιστῶν
927 3068 1098 3145 ὀλίγον
1125 3070 1334 3149 δράγμα
1364 3068 1747 3148 πενιχραλέων,

477 3154 566 3213 καὶ
596 3156 822 3233 σταγόνα
855 3158 1138 3228 σπονδῖτιν,
1160 3156 1244 3214 ἀεὶ
1275 3156 1507 3216 θυέεσσιν
1531 3158 1746 3231 ὀπηδὸν,

555 3240 648 3310 τὴν
667 3232 878 3307 κύλικος
907 3246 1040 3321 βαιῷ
1071 3241 1292 3318 πυθμένι
1315 3243 1649 3319 κευθομένην.

477 3327 547 3387 Εἰ
565 3328 628 3399 δ’,
655 3324 725 3393 ὥς
752 3332 808 3387 εὖ
830 3326 1108 3407 βαρύγυιον
1139 3330 1360 3389 ἀπώσαο
1377 3336 1580 3402 νοῦσον,
1607 3329 1841 3396 ἐλάσσεις

474 3492 664 3541 Tertius
689 3491 882 3543 alitibus
907 3494 1072 3543 redeat
1091 3495 1264 3559 gravis,
1289 3510 1319 3544 o
1339 3504 1474 3561 pater
1503 3510 1516 3545 ε
1544 3494 1675 3545 omni

543 3579 670 3627 Nam
692 3577 753 3627 de
777 3588 952 3628 venatu
971 3593 1059 3627 nos
1084 3577 1171 3627 tibi
1197 3578 1324 3627 dona
1347 3579 1531 3630 damus.

907 3707 1018 3767 187.
1050 3722 1234 3753 aarum
1259 3722 1547 3755 sannarum
1565 3742 1579 3763 .

1123 3814 1184 3863 de
1218 3813 1399 3865 eodem.

474 3925 652 3984 Penne,
676 3922 842 3972 favens
868 3922 1036 3989 pradis
1057 3921 1282 3973 fraternae
1305 3938 1504 3973 munere
1520 3924 1676 3988 trigae,

538 4008 660 4067 Qua
681 4005 771 4055 tibi
790 4006 989 4071 quisque
1015 4022 1110 4056 suae
1133 4007 1258 4055 dona
1281 4006 1363 4056 dat
1387 4008 1520 4071 artis,
1547 4006 1673 4057 habe
1702 4024 1715 4057 :

473 4090 590 4151 Quae
609 4088 778 4139 retulit
803 4089 958 4139 Clitor
979 4089 1040 4139 de
1063 4088 1288 4141 fluctibus
1303 4127 1319 4153 ‚
1341 4090 1454 4140 alite
1480 4092 1638 4156 Pigres

537 4176 581 4221 Α
599 4187 752 4237 grege.
778 4188 1001 4223 vanorum
1021 4174 1184 4224 Damis
1199 4174 1262 4224 ab
1290 4173 1489 4223 insidiis.

419 4316 432 4332 .
471 4256 546 4303 Tu
565 4252 706 4304 facito
727 4252 840 4303 felix
873 4265 1072 4323 captura
1091 4256 1154 4306 sit
1172 4257 1296 4307 aeris
1326 4256 1434 4318 isti,

537 4337 658 4395 Ille,
690 4337 801 4387 dato
817 4374 831 4397 ,
858 4346 1008 4387 terras
1025 4376 1040 4401 ‚
1065 4338 1147 4389 hic
1174 4340 1432 4407 populetur
1453 4356 1618 4406 aquas.

905 4464 1016 4513 188.
1054 4480 1283 4512 nonina
1314 4480 1598 4516 rann-run.

473 4584 693 4650 Rupibus
725 4586 974 4637 Arcadicis
999 4589 1244 4655 suspendit
1272 4590 1386 4640 Pani
1421 4594 1588 4657 Lyeaeo

538 4664 888 4719 Therimachus
913 4670 1103 4737 lepores
1125 4672 1270 4721 docta
1290 4671 1439 4722 ferire
1457 4675 1594 4740 peda.

471 4748 540 4797 At
560 4756 614 4798 tu
634 4748 952 4801 Therimacbo
969 4756 1096 4801 Deus
1119 4752 1211 4803 boc
1245 4770 1334 4819 pro
1361 4770 1557 4805 munere
1584 4756 1706 4806 dona

538 4834 596 4879 In
619 4830 750 4883 bello
771 4843 901 4884 certa
933 4836 1126 4886 mittere
1146 4837 1242 4887 tela
1269 4854 1429 4896 manu,

473 4913 814 4982 Auxiliumque
837 4916 908 4967 illi
931 4918 1113 4970 dextris
1133 4920 1430 4972 convallibus
1457 4922 1588 4973 adsta

2120 273 2321 323 tertium
2344 273 2539 338 adspice
2554 275 2681 325 inter
2698 275 2913 327 volatilia
2944 298 2956 326 ι
2980 279 3197 328 omnium
3229 279 3359 330 enim

2181 365 2403 412 nostram
2420 402 2433 424 ‚
2462 377 2493 413 o
2518 363 2727 430 daemon,
2748 363 2901 414 habes
2918 365 3379 416 tensionis-linorum
3399 367 3547 418 dona.

2480 499 2584 544 187.
2621 497 2826 545 ALcAE1
2858 497 3256 559 (MiTYLENA-:l
3270 499 3311 559 ).

2122 625 2237 676 Pani
2256 626 2461 676 fratrum
2480 638 2620 676 sacra
2644 625 2782 688 trias,
2812 626 2938 676 alius
2964 627 3026 676 ab
3052 627 3163 688 alia,

2180 713 2423 764 dedicavit
2440 713 2659 777 symbola
2682 713 2745 763 ab
2770 727 2917 777 opera
2942 719 3175 764 consueta
3204 735 3217 763 ε

2120 803 2285 866 Pigres
2311 801 2492 862 avium,
2514 801 2811 851 marinorum
2838 801 3103 865 particulas
3130 803 3299 864 Clitor,
3767 849 3768 870 Ξ

2178 903 2353 940 rursus
2377 889 2545 940 Darnis
2563 903 2593 939 a
2619 889 2743 952 palis
2770 891 3246 953 recta-seiie-positis.
3476 893 3559 956 [illi
3582 893 3659 942 des
3766 953 3768 968 ⁴

2120 981 2213 1028 Pro
2234 976 2417 1040 quibus
2436 977 2983 1027 faustam-venationem
3009 977 3129 1028 huic
3158 979 3361 1041 quidem
3390 993 3457 1029 ex
3480 981 3658 1036 tellure,
3767 973 3768 1036 ξ

2178 1077 2238 1114 ex
2262 1063 2413 1126 mari3
2442 1066 2495 1114 et
2520 1063 2669 1116 tertio
2682 1063 2873 1114 tribuas
2888 1077 3091 1114 ex-aere
3108 1065 3341 1116 fructum.

2475 1210 2580 1256 188.
2624 1206 2917 1255 1213onAE
2959 1207 3309 1256 TARENTINI.

2119 1344 2365 1397 Cretensis
2390 1343 2741 1395 Therimachus
2757 1343 2885 1407 peda
2912 1343 3029 1393 Pani
3054 1345 3230 1406 Lycaeo

2180 1431 2289 1482 haec
2316 1431 2367 1481 in
2382 1429 2629 1480 Arcadicis
2645 1429 2900 1494 suspendit
2918 1431 3147 1494 scopulis.

2119 1524 2183 1572 At
2206 1522 2283 1582 tu,
2312 1519 2515 1584 agrestis
2543 1518 2753 1579 daemon,
2773 1517 3095 1568 Therimacho
3112 1518 3356 1568 donorum
3372 1531 3523 1569 causa

2180 1621 2383 1658 manum
2399 1606 2576 1668 dirigas
2593 1606 2941 1656 arcitenentem
2959 1605 3011 1655 in
3026 1605 3173 1668 bello,

2120 1697 2170 1746 et
2186 1695 2235 1744 in
2263 1695 2469 1746 saltibus
2486 1695 2661 1744 assiste
2680 1693 2727 1743 ei
2752 1692 2950 1744 dextera
2970 1695 3064 1743 tua
3082 1731 3095 1755 ,

2180 1784 2336 1848 prima
2362 1781 2484 1832 dans
2501 1780 2832 1833 eat-venatione
2852 1819 2866 1842 ‚
2896 1781 3053 1844 prima
3070 1783 3119 1831 et
3139 1781 3447 1832 ex·inimicis.

2524 1938 2627 1982 189.
2662 1933 2897 1981 MOERUS
2924 1932 3269 1981 BYZANTIAE.

2120 2074 2353 2138 Nymphae
2382 2072 2679 2136 Anigriade5‚
2712 2073 2849 2122 fluvii
2876 2075 3055 2136 Aniqra‘
3085 2073 3281 2137 puellae,
3312 2087 3429 2136 quae
3448 2073 3663 2136 baecpro·

2182 2163 2477 2212 immortales
2503 2161 2654 2212 roseis
2678 2162 2860 2211 calcate
2877 2161 3083 2224 pedibus
3105 2175 3315 2224 semper,
3502 2161 3663 2225 [funda

2120 2253 2305 2302 salvete
2321 2253 2371 2300 et
2397 2252 2588 2300 servate
2606 2249 2943 2312 Cleonymum,
2973 2249 3059 2312 qui
3084 2249 3174 2298 bas
3193 2249 3429 2312 pulchras

2183 2338 2356 2390 statuit
2380 2337 2476 2388 sub
2495 2337 2622 2400 pinis
2640 2336 2795 2398 vobis,
2826 2335 2951 2397 deae,
2968 2336 3221 2400 imagines.

2657 2483 2763 2529 190.
2799 2479 3131 2528 GAETULicl.

2122 2627 2297 2690 Accipe
2310 2664 2323 2686 ‚
2356 2623 2632 2676 veneranda
2665 2622 2936 2686 cytherius,
2969 2621 3459 2685 hymnorum-poetas

2182 2713 2351 2765 tenuia
2374 2712 2483 2764 haec
2514 2726 2544 2762 a
2567 2712 2706 2762 tenui
2726 2711 2855 2761 dona
2878 2710 3137 2760 Leonidae:

2118 2804 2338 2867 quinque
2365 2815 2488 2851 uvas
2513 2800 2841 2860 bonis-acinis,
2872 2801 2925 2849 et
2949 2797 3399 2849 mellea-dulcaline

2183 2892 2332 2942 ficum
2350 2893 2593 2941 maturam
2625 2903 2653 2939 a
2682 2888 2867 2938 foliosis
2896 2888 3073 2947 ramis3

2120 2984 2267 3043 atque
2292 2978 2418 3027 hanc
2441 2976 2825 3041 quae-sine-foliis
2841 2973 3483 3037 in-matina-aqua-natahat
3507 2974 3665 3031 oleam,

2182 3071 2233 3118 et
2248 3067 2577 3131 placentarum
2604 3064 2837 3127 exiguum
2862 3063 3165 3125 manipulum
3192 3062 3616 3127 paupercularum,

2118 3160 2169 3207 et
2192 3158 2380 3221 guttam
2396 3152 2657 3211 libationis,
2686 3164 2879 3215 semper
2896 3149 3148 3201 sacrificiis
3176 3150 3426 3212 comitem,

2180 3243 2346 3293 calicis
2371 3242 2422 3291 in
2437 3254 2590 3305 parvo
2620 3238 2773 3289 fundo
2790 3238 3099 3288 occultatam.
3502 3236 3667 3301 [abiges

2067 3316 2079 3378 Ι
2118 3331 2332 3392 Quodsi,
2366 3331 2426 3378 ut
2468 3328 2540 3378 illi
2575 3326 3093 3390 membra-gravantem
3149 3324 3379 3389 expulisti
3422 3325 3668 3383 morbum,

2193 3494 2260 3540 Ut
2275 3488 2483 3556 spolium
2506 3487 2631 3536 vieto
2656 3484 2843 3552 primus
2866 3484 2929 3533 ab
2945 3483 3091 3533 hoste
3110 3484 3248 3534 ferat.

2580 3630 2691 3693 189.
2720 3644 2889 3676 antuus
2915 3642 3225 3676 amantea.

2121 3759 2353 3805 Formosae
2372 3753 2583 3819 Dryades
2608 3762 2733 3802 natm
2751 3752 2811 3801 de
2832 3750 3029 3802 flumine
3045 3786 3059 3809 ,
3082 3752 3214 3817 eujus

2184 3834 2407 3885 Atteritis
2434 3836 2562 3901 ripas
2584 3833 2856 3883 luxuriante
2884 3833 3025 3899 pede,

2119 3919 2412 3969 ineolumem
2440 3927 2655 3985 praestate
2675 3918 2987 3982 Cleonymon,
3012 3915 3193 3983 optima
3213 3914 3348 3964 vobis

2184 4003 2403 4053 Pinetum
2424 4017 2569 4067 supra
2596 4000 2678 4066 qui
2708 4000 2961 4050 simulacra
2990 4000 3139 4050 dedit.

2682 4146 2790 4193 190.
2833 4143 3096 4177 emmer.

2117 4265 2296 4330 Accipe
2319 4279 2425 4329 quae
2448 4262 2596 4313 mittit
2621 4261 2710 4312 tibi
2732 4262 2855 4312 dona
2881 4260 3094 4311 Leonida
3119 4268 3276 4319 vates,

2182 4346 2328 4407 Diva,
2352 4344 2648 4412 Cytheriacis
2665 4343 2960 4411 suspicienda
2981 4342 3105 4409 jugis
3133 4356 3146 4390 ε

2120 4428 2333 4479 Caeruiea
2351 4428 2399 4477 in
2429 4428 2587 4493 quinis
2603 4426 2691 4476 tibi
2719 4426 2913 4493 ponitur
2942 4442 3031 4475 uva
3058 4422 3274 4479 racemis,

2184 4514 2531 4575 Precoquaque
2554 4508 2788 4558 umbrosis
2810 4508 2925 4558 ficus
2946 4508 3009 4557 ab
3036 4506 3311 4571 arboribus,

2116 4596 2319 4658 Jamque
2347 4588 2565 4642 immersa
2587 4591 2673 4641 sali
2699 4591 2801 4641 sine
2822 4591 3028 4657 tegmine
3070 4588 3251 4640 frondis
3276 4590 3404 4640 oliva
3424 4626 3444 4651 ,

2182 4674 2393 4741 Libaque
2409 4691 2507 4725 non
2525 4674 2634 4725 ditis
2654 4674 2845 4723 victima
2858 4690 3004 4740 parva
3029 4689 3195 4722 manus
3227 4690 3239 4719 ι

2117 4761 2359 4823 Guttaque
2384 4758 2579 4807 libatrix
2598 4774 2755 4807 comes
2776 4756 3009 4806 indivulsa
3022 4772 3267 4806 sacrorum
3288 4772 3302 4806 :

2186 4846 2240 4892 ln
2267 4841 2425 4892 calicis
2446 4841 2589 4891 fundo
2613 4841 2855 4907 perbrevis
2873 4840 2955 4889 illa
2981 4840 3115 4890 latet.

2118 4925 2166 4976 Si
2188 4924 2307 4975 mibi
2331 4941 2435 4991 quae
2458 4925 2677 4976 morbum
2706 4924 2901 4992 potuisti
2925 4924 3125 4989 pellere,
3156 4922 3305 4988 pellas
