<?xml version="1.0" encoding="UTF-8"?>
<!DOCTYPE html PUBLIC "-//W3C//DTD XHTML 1.0 Transitional//EN"
    "http://www.w3.org/TR/xhtml1/DTD/xhtml1-transitional.dtd">
<html xmlns="http://www.w3.org/1999/xhtml" xml:lang="en" lang="en">
 <head>
  <title>
</title>
<meta http-equiv="Content-Type" content="text/html;charset=utf-8" />
  <meta name='ocr-system' content='tesseract 3.04.00' />
  <meta name='ocr-capabilities' content='ocr_page ocr_carea ocr_par ocr_line ocrx_word'/>
</head>
<body>
  <div class='ocr_page' id='page_1' title='image "./epigrammatumant00unkngoog/epigrammatumant00unkngoog_0516.png"; bbox 0 0 3829 5747; ppageno 0'>
   <div class='ocr_carea' id='block_1_1' title="bbox 428 129 547 188">
    <p class='ocr_par' dir='ltr' id='par_1_1' title="bbox 428 129 547 188">
     <span class='ocr_line' id='line_1_1' title="bbox 428 129 547 188; baseline 0.008 -1"><span class='ocrx_word' id='word_1_1' title='bbox 428 129 547 188; x_wconf 68' lang='lat'>480</span> 
     </span>
    </p>
   </div>
   <div class='ocr_carea' id='block_1_2' title="bbox 427 250 1994 1657">
    <p class='ocr_par' dir='ltr' id='par_1_2' title="bbox 427 250 1994 1657">
     <span class='ocr_line' id='line_1_2' title="bbox 427 250 1979 317; baseline -0.004 -11"><span class='ocrx_word' id='word_1_2' title='bbox 427 256 558 312; x_wconf 63' lang='lat' dir='ltr'>siusz</span> <span class='ocrx_word' id='word_1_3' title='bbox 577 254 818 317; x_wconf 78' lang='grc' dir='ltr'><strong>νιφομένης</strong></span> <span class='ocrx_word' id='word_1_4' title='bbox 837 251 934 313; x_wconf 91' lang='lat' dir='ltr'>(vel</span> <span class='ocrx_word' id='word_1_5' title='bbox 956 253 1092 313; x_wconf 79' lang='grc' dir='ltr'><strong>νειφ.)</strong></span> <span class='ocrx_word' id='word_1_6' title='bbox 1109 253 1302 304; x_wconf 85' lang='lat' dir='ltr'>Jacobs.</span> <span class='ocrx_word' id='word_1_7' title='bbox 1321 252 1588 314; x_wconf 84' lang='lat' dir='ltr'>(receptum</span> <span class='ocrx_word' id='word_1_8' title='bbox 1608 263 1638 299; x_wconf 90' lang='lat' dir='ltr'>a</span> <span class='ocrx_word' id='word_1_9' title='bbox 1655 250 1979 310; x_wconf 84' lang='lat' dir='ltr'>Schneidew.‚</span> 
     </span>
     <span class='ocr_line' id='line_1_3' title="bbox 429 316 1981 385; baseline -0.005 -10"><span class='ocrx_word' id='word_1_10' title='bbox 429 326 600 384; x_wconf 64' lang='lat' dir='ltr'>ticoli„</span> <span class='ocrx_word' id='word_1_11' title='bbox 639 324 846 384; x_wconf 84' lang='lat' dir='ltr'>Boiss.);</span> <span class='ocrx_word' id='word_1_12' title='bbox 866 322 1176 385; x_wconf 77' lang='grc' dir='ltr'><strong>Μολουριάδος</strong></span> <span class='ocrx_word' id='word_1_13' title='bbox 1213 319 1550 372; x_wconf 76' lang='lat' dir='ltr'>HemsterbuS.</span> <span class='ocrx_word' id='word_1_14' title='bbox 1598 319 1662 369; x_wconf 87' lang='lat' dir='ltr'>ad</span> <span class='ocrx_word' id='word_1_15' title='bbox 1694 316 1894 370; x_wconf 84' lang='lat' dir='ltr'>Lu&#39;cian.</span> <span class='ocrx_word' id='word_1_16' title='bbox 1940 322 1981 379; x_wconf 91' lang='lat'>1,</span> 
     </span>
     <span class='ocr_line' id='line_1_4' title="bbox 427 390 1985 461; baseline -0.004 -16"><span class='ocrx_word' id='word_1_17' title='bbox 427 410 478 461; x_wconf 90' lang='lat' dir='ltr'>p.</span> <span class='ocrx_word' id='word_1_18' title='bbox 502 400 606 447; x_wconf 79' lang='lat'>307.</span> <span class='ocrx_word' id='word_1_19' title='bbox 626 417 648 439; x_wconf 68' lang='lat' dir='ltr'>n</span> <span class='ocrx_word' id='word_1_20' title='bbox 678 394 833 456; x_wconf 85' lang='lat' dir='ltr'>cujus</span> <span class='ocrx_word' id='word_1_21' title='bbox 851 392 1202 443; x_wconf 76' lang='lat' dir='ltr'><strong>emendationis</strong></span> <span class='ocrx_word' id='word_1_22' title='bbox 1219 393 1474 443; x_wconf 77' lang='lat' dir='ltr'>veritatem</span> <span class='ocrx_word' id='word_1_23' title='bbox 1501 390 1680 439; x_wconf 80' lang='lat' dir='ltr'>evincit</span> <span class='ocrx_word' id='word_1_24' title='bbox 1699 390 1849 440; x_wconf 87' lang='lat' dir='ltr'>schol.</span> <span class='ocrx_word' id='word_1_25' title='bbox 1876 390 1985 440; x_wconf 87' lang='lat' dir='ltr'>Pin·</span> 
     </span>
     <span class='ocr_line' id='line_1_5' title="bbox 427 460 1984 527; baseline -0.006 -10"><span class='ocrx_word' id='word_1_26' title='bbox 427 466 536 517; x_wconf 85' lang='lat' dir='ltr'>dari</span> <span class='ocrx_word' id='word_1_27' title='bbox 560 465 733 517; x_wconf 85' lang='lat' dir='ltr'>Isthm.</span> <span class='ocrx_word' id='word_1_28' title='bbox 752 464 936 527; x_wconf 83' lang='lat' dir='ltr'><strong>proleg.</strong></span> <span class='ocrx_word' id='word_1_29' title='bbox 958 476 1006 526; x_wconf 88' lang='lat' dir='ltr'>p.</span> <span class='ocrx_word' id='word_1_30' title='bbox 1029 466 1120 514; x_wconf 84' lang='grc'>428</span> <span class='ocrx_word' id='word_1_31' title='bbox 1141 466 1296 513; x_wconf 82' lang='lat' dir='ltr'>Oxon.</span> <span class='ocrx_word' id='word_1_32' title='bbox 1325 482 1338 511; x_wconf 77' lang='lat'>2</span> <span class='ocrx_word' id='word_1_33' title='bbox 1358 462 1522 512; x_wconf 83' lang='grc' dir='ltr'><strong>Ἰνὼ...</strong></span> <span class='ocrx_word' id='word_1_34' title='bbox 1543 460 1620 508; x_wconf 78' lang='grc' dir='ltr'>διὰ</span> <span class='ocrx_word' id='word_1_35' title='bbox 1640 462 1880 523; x_wconf 82' lang='grc' dir='ltr'><strong>Γερανείας</strong></span> <span class='ocrx_word' id='word_1_36' title='bbox 1900 464 1984 508; x_wconf 78' lang='grc' dir='ltr'>τοῦ</span> 
     </span>
     <span class='ocr_line' id='line_1_6' title="bbox 428 532 1986 601; baseline -0.004 -16"><span class='ocrx_word' id='word_1_37' title='bbox 428 537 562 601; x_wconf 81' lang='grc' dir='ltr'><strong>ὄρους</strong></span> <span class='ocrx_word' id='word_1_38' title='bbox 581 542 664 585; x_wconf 81' lang='grc' dir='ltr'>τοῦ</span> <span class='ocrx_word' id='word_1_39' title='bbox 685 539 948 597; x_wconf 80' lang='grc' dir='ltr'><strong>Μεγαρικοῦ</strong></span> <span class='ocrx_word' id='word_1_40' title='bbox 969 540 1180 598; x_wconf 80' lang='grc' dir='ltr'>φυγοῦσα</span> <span class='ocrx_word' id='word_1_41' title='bbox 1193 570 1206 591; x_wconf 90' lang='grc'><strong>,</strong></span> <span class='ocrx_word' id='word_1_42' title='bbox 1222 534 1302 582; x_wconf 84' lang='grc' dir='ltr'><strong>καὶ</strong></span> <span class='ocrx_word' id='word_1_43' title='bbox 1327 537 1481 581; x_wconf 81' lang='grc' dir='ltr'>στᾶσα</span> <span class='ocrx_word' id='word_1_44' title='bbox 1499 532 1574 579; x_wconf 83' lang='grc' dir='ltr'>ἐπὶ</span> <span class='ocrx_word' id='word_1_45' title='bbox 1598 537 1678 591; x_wconf 89' lang='grc' dir='ltr'>τῆς</span> <span class='ocrx_word' id='word_1_46' title='bbox 1699 533 1986 592; x_wconf 80' lang='grc' dir='ltr'><strong>καλουμένης</strong></span> 
     </span>
     <span class='ocr_line' id='line_1_7' title="bbox 430 601 1984 669; baseline -0.005 -11"><span class='ocrx_word' id='word_1_47' title='bbox 430 611 478 657; x_wconf 86' lang='grc' dir='ltr'><strong><em>Μ</em></strong></span> <span class='ocrx_word' id='word_1_48' title='bbox 489 610 624 658; x_wconf 80' lang='grc' dir='ltr'><strong>ελου</strong></span> <span class='ocrx_word' id='word_1_49' title='bbox 637 624 663 667; x_wconf 88' lang='grc' dir='ltr'><strong>ρ</strong></span> <span class='ocrx_word' id='word_1_50' title='bbox 676 606 800 662; x_wconf 85' lang='grc' dir='ltr'><strong>ίδος</strong></span> <span class='ocrx_word' id='word_1_51' title='bbox 820 606 1028 669; x_wconf 85' lang='lat' dir='ltr'>(corrige</span> <span class='ocrx_word' id='word_1_52' title='bbox 1049 608 1165 655; x_wconf 84' lang='grc' dir='ltr'><strong>Μολ.</strong></span> <span class='ocrx_word' id='word_1_53' title='bbox 1184 620 1248 655; x_wconf 82' lang='lat' dir='ltr'>ex</span> <span class='ocrx_word' id='word_1_54' title='bbox 1263 606 1438 654; x_wconf 85' lang='lat' dir='ltr'>Tzetza</span> <span class='ocrx_word' id='word_1_55' title='bbox 1455 601 1519 652; x_wconf 86' lang='lat' dir='ltr'>ad</span> <span class='ocrx_word' id='word_1_56' title='bbox 1541 601 1779 665; x_wconf 78' lang='lat' dir='ltr'>Lycophr.</span> <span class='ocrx_word' id='word_1_57' title='bbox 1801 616 1850 649; x_wconf 82' lang='lat' dir='ltr'>v.</span> <span class='ocrx_word' id='word_1_58' title='bbox 1873 604 1984 660; x_wconf 88' lang='grc'>229)</span> 
     </span>
     <span class='ocr_line' id='line_1_8' title="bbox 429 675 1988 738; baseline -0.002 -13"><span class='ocrx_word' id='word_1_59' title='bbox 429 679 574 735; x_wconf 71' lang='grc' dir='ltr'><strong>ἥλατο</strong></span> <span class='ocrx_word' id='word_1_60' title='bbox 599 678 686 726; x_wconf 83' lang='grc' dir='ltr'>σὺν</span> <span class='ocrx_word' id='word_1_61' title='bbox 703 680 772 738; x_wconf 85' lang='grc' dir='ltr'>τῷ</span> <span class='ocrx_word' id='word_1_62' title='bbox 810 676 962 738; x_wconf 79' lang='grc' dir='ltr'><strong>βρέφει</strong></span> <span class='ocrx_word' id='word_1_63' title='bbox 983 678 1048 731; x_wconf 82' lang='grc' dir='ltr'>εἰς</span> <span class='ocrx_word' id='word_1_64' title='bbox 1073 678 1155 734; x_wconf 79' lang='grc' dir='ltr'>τήν</span> <span class='ocrx_word' id='word_1_65' title='bbox 1177 676 1484 736; x_wconf 74' lang='grc' dir='ltr'><strong>ὑποκειμένην</strong></span> <span class='ocrx_word' id='word_1_66' title='bbox 1514 675 1770 723; x_wconf 77' lang='grc' dir='ltr'><strong>θάλασσαν.</strong></span> <span class='ocrx_word' id='word_1_67' title='bbox 1802 675 1988 722; x_wconf 62' lang='lat' dir='ltr'>Praeter</span> 
     </span>
     <span class='ocr_line' id='line_1_9' title="bbox 430 742 1987 809; baseline -0.001 -14"><span class='ocrx_word' id='word_1_68' title='bbox 430 747 715 797; x_wconf 85' lang='lat' dir='ltr'>Strabonem</span> <span class='ocrx_word' id='word_1_69' title='bbox 733 783 746 806; x_wconf 88' lang='lat'><strong>‚</strong></span> <span class='ocrx_word' id='word_1_70' title='bbox 774 744 917 806; x_wconf 87' lang='lat' dir='ltr'>cujus</span> <span class='ocrx_word' id='word_1_71' title='bbox 941 746 1075 796; x_wconf 88' lang='lat' dir='ltr'>locos</span> <span class='ocrx_word' id='word_1_72' title='bbox 1103 746 1297 809; x_wconf 79' lang='lat' dir='ltr'>collegit</span> <span class='ocrx_word' id='word_1_73' title='bbox 1336 747 1545 805; x_wconf 64' lang='lat' dir='ltr'>Hemst„</span> <span class='ocrx_word' id='word_1_74' title='bbox 1579 742 1756 793; x_wconf 87' lang='lat' dir='ltr'>harum</span> <span class='ocrx_word' id='word_1_75' title='bbox 1794 745 1987 806; x_wconf 89' lang='lat' dir='ltr'>rupium</span> 
     </span>
     <span class='ocr_line' id='line_1_10' title="bbox 429 813 1985 879; baseline -0.004 -12"><span class='ocrx_word' id='word_1_76' title='bbox 429 817 583 867; x_wconf 85' lang='lat' dir='ltr'>situm</span> <span class='ocrx_word' id='word_1_77' title='bbox 615 815 874 879; x_wconf 78' lang='lat' dir='ltr'>descripsit</span> <span class='ocrx_word' id='word_1_78' title='bbox 899 816 1166 867; x_wconf 79' lang='lat' dir='ltr'>Pausanias</span> <span class='ocrx_word' id='word_1_79' title='bbox 1185 819 1235 877; x_wconf 91' lang='lat'>1,</span> <span class='ocrx_word' id='word_1_80' title='bbox 1264 819 1341 865; x_wconf 79' lang='lat'>44.</span> <span class='ocrx_word' id='word_1_81' title='bbox 1387 836 1410 859; x_wconf 77' lang='grc' dir='ltr'><strong>υ</strong></span> <span class='ocrx_word' id='word_1_82' title='bbox 1435 816 1550 863; x_wconf 84' lang='lat' dir='ltr'>Jac.</span> <span class='ocrx_word' id='word_1_83' title='bbox 1581 814 1749 877; x_wconf 83' lang='lat' dir='ltr'>Bergk.</span> <span class='ocrx_word' id='word_1_84' title='bbox 1777 813 1896 863; x_wconf 85' lang='lat' dir='ltr'>citat</span> <span class='ocrx_word' id='word_1_85' title='bbox 1926 816 1985 861; x_wconf 90' lang='grc' dir='ltr'><strong>Ο.</strong></span> 
     </span>
     <span class='ocr_line' id='line_1_11' title="bbox 431 884 1987 949; baseline -0.004 -12"><span class='ocrx_word' id='word_1_86' title='bbox 431 887 696 937; x_wconf 80' lang='lat' dir='ltr'>Miillerum</span> <span class='ocrx_word' id='word_1_87' title='bbox 733 888 862 934; x_wconf 86' lang='lat' dir='ltr'>Dor.</span> <span class='ocrx_word' id='word_1_88' title='bbox 893 887 992 935; x_wconf 83' lang='lat' dir='ltr'>vol.</span> <span class='ocrx_word' id='word_1_89' title='bbox 1031 888 1098 945; x_wconf 89' lang='lat'>11,</span> <span class='ocrx_word' id='word_1_90' title='bbox 1128 900 1175 949; x_wconf 90' lang='lat' dir='ltr'>p.</span> <span class='ocrx_word' id='word_1_91' title='bbox 1208 891 1318 946; x_wconf 81' lang='lat'><strong>432,</strong></span> <span class='ocrx_word' id='word_1_92' title='bbox 1341 884 1565 935; x_wconf 90' lang='lat' dir='ltr'>Curtium</span> <span class='ocrx_word' id='word_1_93' title='bbox 1601 885 1924 944; x_wconf 76' lang='lat' dir='ltr'><em>Peloponnes</em></span> <span class='ocrx_word' id='word_1_94' title='bbox 1944 886 1987 942; x_wconf 92' lang='lat'>1,</span> 
     </span>
     <span class='ocr_line' id='line_1_12' title="bbox 429 955 1989 1022; baseline -0.004 -14"><span class='ocrx_word' id='word_1_95' title='bbox 429 972 479 1022; x_wconf 91' lang='lat' dir='ltr'>p.</span> <span class='ocrx_word' id='word_1_96' title='bbox 510 965 588 1008; x_wconf 83' lang='lat'>26.</span> <span class='ocrx_word' id='word_1_97' title='bbox 618 984 682 993; x_wconf 90' lang='lat'><strong>—</strong></span> <span class='ocrx_word' id='word_1_98' title='bbox 698 964 744 1007; x_wconf 80' lang='lat'>5.</span> <span class='ocrx_word' id='word_1_99' title='bbox 771 976 794 999; x_wconf 74' lang='grc' dir='ltr'>«ι</span> <span class='ocrx_word' id='word_1_100' title='bbox 816 959 1002 1006; x_wconf 81' lang='lat' dir='ltr'><strong>Nomen</strong></span> <span class='ocrx_word' id='word_1_101' title='bbox 1025 956 1246 1007; x_wconf 77' lang='lat' dir='ltr'>defuncti</span> <span class='ocrx_word' id='word_1_102' title='bbox 1273 955 1407 1020; x_wconf 82' lang='lat' dir='ltr'>quod</span> <span class='ocrx_word' id='word_1_103' title='bbox 1425 968 1522 1004; x_wconf 91' lang='lat' dir='ltr'>non</span> <span class='ocrx_word' id='word_1_104' title='bbox 1541 958 1617 1005; x_wconf 87' lang='lat' dir='ltr'>est</span> <span class='ocrx_word' id='word_1_105' title='bbox 1645 966 1989 1003; x_wconf 84' lang='lat' dir='ltr'>commemora·</span> 
     </span>
     <span class='ocr_line' id='line_1_13' title="bbox 430 1022 1990 1089; baseline -0.004 -11"><span class='ocrx_word' id='word_1_106' title='bbox 430 1032 575 1088; x_wconf 88' lang='lat' dir='ltr'>tum,</span> <span class='ocrx_word' id='word_1_107' title='bbox 602 1026 867 1076; x_wconf 78' lang='lat' dir='ltr'>Franckius</span> <span class='ocrx_word' id='word_1_108' title='bbox 891 1026 942 1075; x_wconf 88' lang='lat' dir='ltr'>in</span> <span class='ocrx_word' id='word_1_109' title='bbox 971 1027 1156 1077; x_wconf 88' lang='lat' dir='ltr'>Callino</span> <span class='ocrx_word' id='word_1_110' title='bbox 1181 1039 1228 1089; x_wconf 89' lang='lat' dir='ltr'>p.</span> <span class='ocrx_word' id='word_1_111' title='bbox 1259 1030 1312 1076; x_wconf 90' lang='grc'>71</span> <span class='ocrx_word' id='word_1_112' title='bbox 1347 1038 1480 1088; x_wconf 88' lang='lat' dir='ltr'>seqq.</span> <span class='ocrx_word' id='word_1_113' title='bbox 1511 1026 1562 1075; x_wconf 89' lang='lat' dir='ltr'>et</span> <span class='ocrx_word' id='word_1_114' title='bbox 1586 1022 1990 1074; x_wconf 86' lang='lat' dir='ltr'>Schneidewinus</span> 
     </span>
     <span class='ocr_line' id='line_1_14' title="bbox 430 1094 1989 1163; baseline -0.003 -17"><span class='ocrx_word' id='word_1_115' title='bbox 430 1114 479 1163; x_wconf 91' lang='lat' dir='ltr'>p.</span> <span class='ocrx_word' id='word_1_116' title='bbox 496 1102 556 1148; x_wconf 83' lang='grc'>89</span> <span class='ocrx_word' id='word_1_117' title='bbox 568 1097 735 1163; x_wconf 71' lang='lat' dir='ltr'>elegite</span> <span class='ocrx_word' id='word_1_118' title='bbox 753 1098 1080 1163; x_wconf 78' lang='lat' dir='ltr'>fragmentum</span> <span class='ocrx_word' id='word_1_119' title='bbox 1096 1112 1204 1147; x_wconf 87' lang='lat' dir='ltr'>esse</span> <span class='ocrx_word' id='word_1_120' title='bbox 1232 1100 1457 1155; x_wconf 76' lang='lat' dir='ltr'>censent3</span> <span class='ocrx_word' id='word_1_121' title='bbox 1472 1098 1524 1146; x_wconf 85' lang='lat' dir='ltr'>at</span> <span class='ocrx_word' id='word_1_122' title='bbox 1537 1095 1780 1158; x_wconf 85' lang='lat' dir='ltr'>integrum</span> <span class='ocrx_word' id='word_1_123' title='bbox 1793 1098 1870 1144; x_wconf 87' lang='lat' dir='ltr'>est</span> <span class='ocrx_word' id='word_1_124' title='bbox 1884 1094 1989 1157; x_wconf 89' lang='lat' dir='ltr'>epi·</span> 
     </span>
     <span class='ocr_line' id='line_1_15' title="bbox 431 1164 1991 1234; baseline -0.005 -13"><span class='ocrx_word' id='word_1_125' title='bbox 431 1184 678 1234; x_wconf 76' lang='lat' dir='ltr'>gramma3</span> <span class='ocrx_word' id='word_1_126' title='bbox 699 1182 874 1219; x_wconf 87' lang='lat' dir='ltr'>nomen</span> <span class='ocrx_word' id='word_1_127' title='bbox 893 1169 1114 1219; x_wconf 75' lang='lat' dir='ltr'>defuncti</span> <span class='ocrx_word' id='word_1_128' title='bbox 1127 1208 1140 1229; x_wconf 85' lang='lat'>‚</span> <span class='ocrx_word' id='word_1_129' title='bbox 1163 1172 1218 1219; x_wconf 91' lang='lat' dir='ltr'>ut</span> <span class='ocrx_word' id='word_1_130' title='bbox 1241 1168 1425 1231; x_wconf 79' lang='lat' dir='ltr'>saepius</span> <span class='ocrx_word' id='word_1_131' title='bbox 1445 1167 1500 1217; x_wconf 83' lang='lat' dir='ltr'>tit</span> <span class='ocrx_word' id='word_1_132' title='bbox 1514 1202 1527 1226; x_wconf 87' lang='lat'>‚</span> <span class='ocrx_word' id='word_1_133' title='bbox 1551 1179 1648 1215; x_wconf 89' lang='lat' dir='ltr'>non</span> <span class='ocrx_word' id='word_1_134' title='bbox 1665 1164 1759 1215; x_wconf 86' lang='lat' dir='ltr'>fuit</span> <span class='ocrx_word' id='word_1_135' title='bbox 1776 1166 1991 1215; x_wconf 86' lang='lat' dir='ltr'>carmine</span> 
     </span>
     <span class='ocr_line' id='line_1_16' title="bbox 432 1236 1994 1304; baseline -0.004 -14"><span class='ocrx_word' id='word_1_136' title='bbox 432 1240 838 1304; x_wconf 85' lang='lat' dir='ltr'>comprehensum</span> <span class='ocrx_word' id='word_1_137' title='bbox 854 1278 866 1299; x_wconf 94' lang='lat'>‚</span> <span class='ocrx_word' id='word_1_138' title='bbox 897 1239 984 1289; x_wconf 89' lang='lat' dir='ltr'>sed</span> <span class='ocrx_word' id='word_1_139' title='bbox 1013 1242 1153 1289; x_wconf 75' lang='lat' dir='ltr'>extra</span> <span class='ocrx_word' id='word_1_140' title='bbox 1179 1253 1355 1290; x_wconf 88' lang='lat' dir='ltr'>versus</span> <span class='ocrx_word' id='word_1_141' title='bbox 1385 1237 1646 1301; x_wconf 84' lang='lat' dir='ltr'>adjectum.</span> <span class='ocrx_word' id='word_1_142' title='bbox 1668 1236 1903 1286; x_wconf 88' lang='lat' dir='ltr'>Simonidi</span> <span class='ocrx_word' id='word_1_143' title='bbox 1923 1240 1994 1291; x_wconf 84' lang='lat' dir='ltr'>ta-</span> 
     </span>
     <span class='ocr_line' id='line_1_17' title="bbox 433 1307 1993 1371; baseline -0.003 -11"><span class='ocrx_word' id='word_1_144' title='bbox 433 1325 546 1362; x_wconf 85' lang='lat' dir='ltr'>men</span> <span class='ocrx_word' id='word_1_145' title='bbox 567 1325 631 1361; x_wconf 89' lang='lat' dir='ltr'>an</span> <span class='ocrx_word' id='word_1_146' title='bbox 647 1316 779 1361; x_wconf 86' lang='lat' dir='ltr'>recte</span> <span class='ocrx_word' id='word_1_147' title='bbox 803 1310 897 1359; x_wconf 84' lang='lat' dir='ltr'>hoc</span> <span class='ocrx_word' id='word_1_148' title='bbox 918 1323 1109 1360; x_wconf 86' lang='lat' dir='ltr'>carmen</span> <span class='ocrx_word' id='word_1_149' title='bbox 1129 1310 1371 1361; x_wconf 83' lang='lat' dir='ltr'>tribuatur</span> <span class='ocrx_word' id='word_1_150' title='bbox 1387 1308 1563 1371; x_wconf 86' lang='lat' dir='ltr'>ambigi</span> <span class='ocrx_word' id='word_1_151' title='bbox 1581 1310 1740 1369; x_wconf 87' lang='lat' dir='ltr'>potest</span> <span class='ocrx_word' id='word_1_152' title='bbox 1755 1345 1768 1366; x_wconf 84' lang='lat'>‚</span> <span class='ocrx_word' id='word_1_153' title='bbox 1795 1307 1993 1355; x_wconf 90' lang='lat' dir='ltr'>minime</span> 
     </span>
     <span class='ocr_line' id='line_1_18' title="bbox 433 1377 1993 1443; baseline -0.004 -12"><span class='ocrx_word' id='word_1_154' title='bbox 433 1385 598 1431; x_wconf 87' lang='lat' dir='ltr'>tamen</span> <span class='ocrx_word' id='word_1_155' title='bbox 621 1380 895 1431; x_wconf 85' lang='lat' dir='ltr'>audiendus</span> <span class='ocrx_word' id='word_1_156' title='bbox 922 1381 1127 1430; x_wconf 77' lang='lat' dir='ltr'>Becker.</span> <span class='ocrx_word' id='word_1_157' title='bbox 1151 1400 1176 1423; x_wconf 76' lang='grc' dir='ltr'>ιι</span> <span class='ocrx_word' id='word_1_158' title='bbox 1206 1379 1390 1443; x_wconf 62' lang='lat' dir='ltr'>Bergk.</span> <span class='ocrx_word' id='word_1_159' title='bbox 1420 1379 1576 1441; x_wconf 83' lang='lat' dir='ltr'>Cujus</span> <span class='ocrx_word' id='word_1_160' title='bbox 1609 1377 1993 1440; x_wconf 83' lang='lat' dir='ltr'>disputationem</span> 
     </span>
     <span class='ocr_line' id='line_1_19' title="bbox 433 1448 1989 1516; baseline -0.003 -15"><span class='ocrx_word' id='word_1_161' title='bbox 433 1465 596 1516; x_wconf 67' lang='lat' dir='ltr'>operae</span> <span class='ocrx_word' id='word_1_162' title='bbox 621 1453 833 1516; x_wconf 87' lang='lat' dir='ltr'>pretium</span> <span class='ocrx_word' id='word_1_163' title='bbox 859 1455 936 1501; x_wconf 72' lang='lat' dir='ltr'>est</span> <span class='ocrx_word' id='word_1_164' title='bbox 960 1452 1260 1515; x_wconf 87' lang='lat' dir='ltr'>apposuisse.</span> <span class='ocrx_word' id='word_1_165' title='bbox 1287 1470 1312 1494; x_wconf 72' lang='grc' dir='ltr'>«ι</span> <span class='ocrx_word' id='word_1_166' title='bbox 1351 1453 1408 1502; x_wconf 85' lang='grc'>111</span> <span class='ocrx_word' id='word_1_167' title='bbox 1436 1448 1716 1499; x_wconf 80' lang='lat' dir='ltr'>Callimachi</span> <span class='ocrx_word' id='word_1_168' title='bbox 1750 1450 1989 1513; x_wconf 87' lang='lat' dir='ltr'>epigram·</span> 
     </span>
     <span class='ocr_line' id='line_1_20' title="bbox 434 1520 1990 1587; baseline -0.003 -14"><span class='ocrx_word' id='word_1_169' title='bbox 434 1526 565 1573; x_wconf 88' lang='lat' dir='ltr'>mate</span> <span class='ocrx_word' id='word_1_170' title='bbox 593 1524 677 1573; x_wconf 89' lang='grc'>271</span> <span class='ocrx_word' id='word_1_171' title='bbox 726 1522 874 1584; x_wconf 87' lang='lat' dir='ltr'>hujus</span> <span class='ocrx_word' id='word_1_172' title='bbox 913 1523 1084 1585; x_wconf 82' lang='lat' dir='ltr'>capitis</span> <span class='ocrx_word' id='word_1_173' title='bbox 1116 1524 1303 1587; x_wconf 89' lang='lat' dir='ltr'>primus</span> <span class='ocrx_word' id='word_1_174' title='bbox 1327 1520 1582 1571; x_wconf 83' lang='lat' dir='ltr'>Ruhnken.</span> <span class='ocrx_word' id='word_1_175' title='bbox 1612 1520 1766 1583; x_wconf 86' lang='lat' dir='ltr'>Epist.</span> <span class='ocrx_word' id='word_1_176' title='bbox 1807 1521 1917 1570; x_wconf 91' lang='lat' dir='ltr'>crit.</span> <span class='ocrx_word' id='word_1_177' title='bbox 1948 1522 1990 1581; x_wconf 88' lang='lat'>1,</span> 
     </span>
     <span class='ocr_line' id='line_1_21' title="bbox 435 1592 1346 1657; baseline -0.002 -13"><span class='ocrx_word' id='word_1_178' title='bbox 435 1608 482 1657; x_wconf 91' lang='lat' dir='ltr'>p.</span> <span class='ocrx_word' id='word_1_179' title='bbox 512 1599 593 1644; x_wconf 86' lang='lat'>121</span> <span class='ocrx_word' id='word_1_180' title='bbox 624 1593 815 1643; x_wconf 83' lang='lat' dir='ltr'>notavit</span> <span class='ocrx_word' id='word_1_181' title='bbox 839 1592 1082 1643; x_wconf 78' lang='lat' dir='ltr'>distichon</span> <span class='ocrx_word' id='word_1_182' title='bbox 1100 1594 1308 1643; x_wconf 89' lang='lat' dir='ltr'>alterum</span> <span class='ocrx_word' id='word_1_183' title='bbox 1333 1612 1346 1642; x_wconf 70' lang='grc' dir='ltr'><strong>ι</strong></span> 
     </span>
    </p>
   </div>
   <div class='ocr_carea' id='block_1_3' title="bbox 559 1722 1902 1859">
    <p class='ocr_par' dir='ltr' id='par_1_3' title="bbox 559 1722 1902 1859">
     <span class='ocr_line' id='line_1_22' title="bbox 559 1722 1902 1789; baseline -0.004 -14"><span class='ocrx_word' id='word_1_184' title='bbox 559 1730 640 1775; x_wconf 78' lang='grc' dir='ltr'>νῦν</span> <span class='ocrx_word' id='word_1_185' title='bbox 659 1722 701 1775; x_wconf 69' lang='grc' dir='ltr'>δ’</span> <span class='ocrx_word' id='word_1_186' title='bbox 721 1730 748 1777; x_wconf 80' lang='grc' dir='ltr'><strong>ὁ</strong></span> <span class='ocrx_word' id='word_1_187' title='bbox 764 1728 846 1789; x_wconf 77' lang='grc' dir='ltr'>μὲν</span> <span class='ocrx_word' id='word_1_188' title='bbox 873 1728 939 1776; x_wconf 76' lang='grc' dir='ltr'>εἶν</span> <span class='ocrx_word' id='word_1_189' title='bbox 962 1726 1038 1776; x_wconf 80' lang='grc' dir='ltr'>ἁλί</span> <span class='ocrx_word' id='word_1_190' title='bbox 1056 1744 1148 1776; x_wconf 89' lang='grc' dir='ltr'>που</span> <span class='ocrx_word' id='word_1_191' title='bbox 1165 1726 1344 1788; x_wconf 80' lang='grc' dir='ltr'><strong>φέρεται</strong></span> <span class='ocrx_word' id='word_1_192' title='bbox 1365 1725 1517 1779; x_wconf 78' lang='grc' dir='ltr'><strong>νέκυς·</strong></span> <span class='ocrx_word' id='word_1_193' title='bbox 1541 1723 1644 1772; x_wconf 78' lang='grc' dir='ltr'><strong>ἀντὶ</strong></span> <span class='ocrx_word' id='word_1_194' title='bbox 1665 1722 1704 1772; x_wconf 77' lang='grc' dir='ltr'>δ’</span> <span class='ocrx_word' id='word_1_195' title='bbox 1725 1722 1902 1771; x_wconf 73' lang='grc' dir='ltr'><strong>ἐκείνου</strong></span> 
     </span>
     <span class='ocr_line' id='line_1_23' title="bbox 621 1794 1624 1859; baseline -0.003 -14"><span class='ocrx_word' id='word_1_196' title='bbox 621 1796 800 1859; x_wconf 80' lang='grc' dir='ltr'><strong>οὕνομα</strong></span> <span class='ocrx_word' id='word_1_197' title='bbox 819 1798 898 1845; x_wconf 83' lang='grc' dir='ltr'><strong>καὶ</strong></span> <span class='ocrx_word' id='word_1_198' title='bbox 919 1798 1077 1846; x_wconf 76' lang='grc' dir='ltr'><strong>κενεὸν</strong></span> <span class='ocrx_word' id='word_1_199' title='bbox 1100 1801 1230 1857; x_wconf 86' lang='grc' dir='ltr'><strong>σῆμα</strong></span> <span class='ocrx_word' id='word_1_200' title='bbox 1267 1794 1593 1857; x_wconf 76' lang='grc' dir='ltr'><strong>παρερχόμεθα</strong></span> <span class='ocrx_word' id='word_1_201' title='bbox 1609 1830 1624 1854; x_wconf 88' lang='grc'><strong>,</strong></span> 
     </span>
    </p>
   </div>
   <div class='ocr_carea' id='block_1_4' title="bbox 437 1910 2004 2684">
    <p class='ocr_par' dir='ltr' id='par_1_4' title="bbox 437 1910 2004 2684">
     <span class='ocr_line' id='line_1_24' title="bbox 439 1910 1996 1979; baseline -0.003 -14"><span class='ocrx_word' id='word_1_202' title='bbox 439 1928 726 1979; x_wconf 80' lang='lat' dir='ltr'>expressum</span> <span class='ocrx_word' id='word_1_203' title='bbox 750 1929 860 1966; x_wconf 86' lang='lat' dir='ltr'>esse</span> <span class='ocrx_word' id='word_1_204' title='bbox 879 1930 942 1967; x_wconf 85' lang='lat' dir='ltr'>ex</span> <span class='ocrx_word' id='word_1_205' title='bbox 961 1914 1223 1965; x_wconf 84' lang='lat' dir='ltr'>Simonidis</span> <span class='ocrx_word' id='word_1_206' title='bbox 1249 1914 1384 1965; x_wconf 84' lang='lat' dir='ltr'>hisce</span> <span class='ocrx_word' id='word_1_207' title='bbox 1409 1912 1649 1963; x_wconf 86' lang='lat' dir='ltr'>versibus.</span> <span class='ocrx_word' id='word_1_208' title='bbox 1672 1910 1817 1970; x_wconf 89' lang='lat' dir='ltr'>Quod</span> <span class='ocrx_word' id='word_1_209' title='bbox 1836 1910 1996 1961; x_wconf 89' lang='lat' dir='ltr'>securi</span> 
     </span>
     <span class='ocr_line' id='line_1_25' title="bbox 438 1982 1997 2051; baseline -0.004 -14"><span class='ocrx_word' id='word_1_210' title='bbox 438 1986 739 2051; x_wconf 87' lang='lat' dir='ltr'>repetierunt</span> <span class='ocrx_word' id='word_1_211' title='bbox 769 1987 1030 2050; x_wconf 87' lang='lat' dir='ltr'>utriusque</span> <span class='ocrx_word' id='word_1_212' title='bbox 1064 1990 1224 2051; x_wconf 73' lang='lat' dir='ltr'>poetae</span> <span class='ocrx_word' id='word_1_213' title='bbox 1267 1985 1480 2035; x_wconf 77' lang='lat' dir='ltr'>editores</span> <span class='ocrx_word' id='word_1_214' title='bbox 1497 2022 1511 2041; x_wconf 88' lang='grc'><strong>,</strong></span> <span class='ocrx_word' id='word_1_215' title='bbox 1551 1997 1640 2033; x_wconf 89' lang='lat' dir='ltr'>nec</span> <span class='ocrx_word' id='word_1_216' title='bbox 1685 1997 1810 2046; x_wconf 88' lang='lat' dir='ltr'>nego</span> <span class='ocrx_word' id='word_1_217' title='bbox 1847 1982 1997 2033; x_wconf 82' lang='lat' dir='ltr'>taleni</span> 
     </span>
     <span class='ocr_line' id='line_1_26' title="bbox 437 2053 1997 2117; baseline -0.004 -10"><span class='ocrx_word' id='word_1_218' title='bbox 437 2056 758 2107; x_wconf 86' lang='lat' dir='ltr'>imitationem</span> <span class='ocrx_word' id='word_1_219' title='bbox 785 2058 835 2107; x_wconf 91' lang='lat' dir='ltr'>in</span> <span class='ocrx_word' id='word_1_220' title='bbox 865 2055 1216 2108; x_wconf 80' lang='lat' dir='ltr'>Callimachum</span> <span class='ocrx_word' id='word_1_221' title='bbox 1235 2056 1439 2112; x_wconf 68' lang='lat' dir='ltr'>caderez</span> <span class='ocrx_word' id='word_1_222' title='bbox 1463 2054 1550 2105; x_wconf 89' lang='lat' dir='ltr'>sed</span> <span class='ocrx_word' id='word_1_223' title='bbox 1586 2053 1708 2104; x_wconf 89' lang='lat' dir='ltr'>illud</span> <span class='ocrx_word' id='word_1_224' title='bbox 1730 2053 1997 2117; x_wconf 89' lang='lat' dir='ltr'>permirum</span> 
     </span>
     <span class='ocr_line' id='line_1_27' title="bbox 439 2124 1995 2191; baseline -0.004 -14"><span class='ocrx_word' id='word_1_225' title='bbox 439 2124 558 2178; x_wconf 85' lang='lat' dir='ltr'>mihi</span> <span class='ocrx_word' id='word_1_226' title='bbox 583 2140 776 2191; x_wconf 89' lang='lat' dir='ltr'>semper</span> <span class='ocrx_word' id='word_1_227' title='bbox 801 2129 962 2178; x_wconf 88' lang='lat' dir='ltr'>visum</span> <span class='ocrx_word' id='word_1_228' title='bbox 989 2130 1067 2178; x_wconf 83' lang='lat' dir='ltr'>est</span> <span class='ocrx_word' id='word_1_229' title='bbox 1083 2165 1097 2188; x_wconf 91' lang='lat'><strong>‚</strong></span> <span class='ocrx_word' id='word_1_230' title='bbox 1134 2126 1425 2175; x_wconf 82' lang='lat' dir='ltr'>imitatorem</span> <span class='ocrx_word' id='word_1_231' title='bbox 1452 2125 1534 2175; x_wconf 85' lang='lat' dir='ltr'>htc</span> <span class='ocrx_word' id='word_1_232' title='bbox 1565 2124 1806 2188; x_wconf 86' lang='lat' dir='ltr'>exemplar</span> <span class='ocrx_word' id='word_1_233' title='bbox 1831 2137 1995 2182; x_wconf 83' lang='lat' dir='ltr'>suum,</span> 
     </span>
     <span class='ocr_line' id='line_1_28' title="bbox 439 2193 1995 2262; baseline -0.004 -15"><span class='ocrx_word' id='word_1_234' title='bbox 439 2197 829 2262; x_wconf 64' lang='lat' dir='ltr'>praestantissimi</span> <span class='ocrx_word' id='word_1_235' title='bbox 851 2200 1010 2261; x_wconf 83' lang='lat' dir='ltr'>poetae</span> <span class='ocrx_word' id='word_1_236' title='bbox 1035 2196 1186 2246; x_wconf 88' lang='lat' dir='ltr'>verba</span> <span class='ocrx_word' id='word_1_237' title='bbox 1210 2208 1466 2258; x_wconf 82' lang='lat' dir='ltr'>superasse</span> <span class='ocrx_word' id='word_1_238' title='bbox 1479 2233 1494 2255; x_wconf 89' lang='lat'><strong>,</strong></span> <span class='ocrx_word' id='word_1_239' title='bbox 1519 2206 1774 2257; x_wconf 75' lang='lat' dir='ltr'>superasse</span> <span class='ocrx_word' id='word_1_240' title='bbox 1791 2193 1995 2242; x_wconf 85' lang='lat' dir='ltr'>Alexan-</span> 
     </span>
     <span class='ocr_line' id='line_1_29' title="bbox 440 2265 1997 2318; baseline -0.004 -1"><span class='ocrx_word' id='word_1_241' title='bbox 440 2267 570 2318; x_wconf 87' lang='lat' dir='ltr'>drini</span> <span class='ocrx_word' id='word_1_242' title='bbox 587 2268 682 2317; x_wconf 82' lang='lat' dir='ltr'>aevl</span> <span class='ocrx_word' id='word_1_243' title='bbox 700 2269 936 2317; x_wconf 79' lang='lat' dir='ltr'>artificem</span> <span class='ocrx_word' id='word_1_244' title='bbox 961 2267 1199 2317; x_wconf 87' lang='lat' dir='ltr'>disertum</span> <span class='ocrx_word' id='word_1_245' title='bbox 1220 2268 1270 2316; x_wconf 87' lang='lat' dir='ltr'>et</span> <span class='ocrx_word' id='word_1_246' title='bbox 1288 2265 1622 2315; x_wconf 87' lang='lat' dir='ltr'>dulcissimum</span> <span class='ocrx_word' id='word_1_247' title='bbox 1643 2266 1796 2315; x_wconf 85' lang='lat' dir='ltr'>ceum</span> <span class='ocrx_word' id='word_1_248' title='bbox 1815 2266 1997 2313; x_wconf 84' lang='lat' dir='ltr'>vatem.</span> 
     </span>
     <span class='ocr_line' id='line_1_30' title="bbox 444 2333 1999 2402; baseline -0.006 -12"><span class='ocrx_word' id='word_1_249' title='bbox 444 2343 502 2390; x_wconf 89' lang='lat' dir='ltr'>ln</span> <span class='ocrx_word' id='word_1_250' title='bbox 528 2337 804 2388; x_wconf 88' lang='lat' dir='ltr'>Simonideo</span> <span class='ocrx_word' id='word_1_251' title='bbox 821 2338 949 2389; x_wconf 89' lang='lat' dir='ltr'>enim</span> <span class='ocrx_word' id='word_1_252' title='bbox 977 2336 1320 2402; x_wconf 81' lang='lat' dir='ltr'>epigrammate</span> <span class='ocrx_word' id='word_1_253' title='bbox 1343 2335 1582 2385; x_wconf 87' lang='lat' dir='ltr'>sententia</span> <span class='ocrx_word' id='word_1_254' title='bbox 1607 2334 1821 2397; x_wconf 86' lang='lat' dir='ltr'>vulgaris</span> <span class='ocrx_word' id='word_1_255' title='bbox 1833 2333 1999 2395; x_wconf 75' lang='lat' dir='ltr'>ieiune</span> 
     </span>
     <span class='ocr_line' id='line_1_31' title="bbox 443 2404 2000 2468; baseline -0.004 -9"><span class='ocrx_word' id='word_1_256' title='bbox 443 2412 494 2461; x_wconf 83' lang='lat' dir='ltr'>et</span> <span class='ocrx_word' id='word_1_257' title='bbox 530 2408 633 2460; x_wconf 91' lang='lat' dir='ltr'>sine</span> <span class='ocrx_word' id='word_1_258' title='bbox 660 2410 762 2460; x_wconf 91' lang='lat' dir='ltr'>ullo</span> <span class='ocrx_word' id='word_1_259' title='bbox 787 2413 962 2460; x_wconf 87' lang='lat' dir='ltr'>ornatu</span> <span class='ocrx_word' id='word_1_260' title='bbox 985 2408 1236 2459; x_wconf 86' lang='lat' dir='ltr'>enuntiata</span> <span class='ocrx_word' id='word_1_261' title='bbox 1262 2412 1365 2468; x_wconf 85' lang='lat' dir='ltr'>est,</span> <span class='ocrx_word' id='word_1_262' title='bbox 1393 2406 1442 2456; x_wconf 91' lang='lat' dir='ltr'>in</span> <span class='ocrx_word' id='word_1_263' title='bbox 1482 2404 1821 2456; x_wconf 87' lang='lat' dir='ltr'>Callimacheis</span> <span class='ocrx_word' id='word_1_264' title='bbox 1850 2404 2000 2454; x_wconf 90' lang='lat' dir='ltr'>versi-</span> 
     </span>
     <span class='ocr_line' id='line_1_32' title="bbox 441 2475 2002 2545; baseline -0.005 -14"><span class='ocrx_word' id='word_1_265' title='bbox 441 2482 540 2531; x_wconf 86' lang='lat' dir='ltr'>bus</span> <span class='ocrx_word' id='word_1_266' title='bbox 557 2482 752 2545; x_wconf 84' lang='lat' dir='ltr'>elegans</span> <span class='ocrx_word' id='word_1_267' title='bbox 779 2484 831 2531; x_wconf 88' lang='lat' dir='ltr'>et</span> <span class='ocrx_word' id='word_1_268' title='bbox 852 2480 1017 2530; x_wconf 82' lang='lat' dir='ltr'>vivida</span> <span class='ocrx_word' id='word_1_269' title='bbox 1041 2478 1300 2543; x_wconf 87' lang='lat' dir='ltr'>subjicitur</span> <span class='ocrx_word' id='word_1_270' title='bbox 1321 2477 1476 2527; x_wconf 88' lang='lat' dir='ltr'>oculis</span> <span class='ocrx_word' id='word_1_271' title='bbox 1501 2489 1666 2526; x_wconf 90' lang='lat' dir='ltr'>rerum</span> <span class='ocrx_word' id='word_1_272' title='bbox 1698 2475 1854 2538; x_wconf 82' lang='lat' dir='ltr'>imago</span> <span class='ocrx_word' id='word_1_273' title='bbox 1867 2513 1880 2535; x_wconf 86' lang='lat'><strong>‚</strong></span> <span class='ocrx_word' id='word_1_274' title='bbox 1900 2488 2002 2538; x_wconf 83' lang='lat' dir='ltr'>qua</span> 
     </span>
     <span class='ocr_line' id='line_1_33' title="bbox 445 2544 2002 2614; baseline -0.003 -14"><span class='ocrx_word' id='word_1_275' title='bbox 445 2550 580 2601; x_wconf 87' lang='lat' dir='ltr'>unda</span> <span class='ocrx_word' id='word_1_276' title='bbox 606 2550 819 2600; x_wconf 86' lang='lat' dir='ltr'>labunda</span> <span class='ocrx_word' id='word_1_277' title='bbox 861 2549 1102 2614; x_wconf 84' lang='lat' dir='ltr'>Sopolidis</span> <span class='ocrx_word' id='word_1_278' title='bbox 1131 2561 1315 2612; x_wconf 90' lang='lat' dir='ltr'>corpus</span> <span class='ocrx_word' id='word_1_279' title='bbox 1359 2561 1530 2597; x_wconf 89' lang='lat' dir='ltr'>secum</span> <span class='ocrx_word' id='word_1_280' title='bbox 1573 2547 1731 2597; x_wconf 77' lang='lat' dir='ltr'>ferens</span> <span class='ocrx_word' id='word_1_281' title='bbox 1758 2545 1860 2595; x_wconf 87' lang='lat' dir='ltr'>huc</span> <span class='ocrx_word' id='word_1_282' title='bbox 1885 2544 2002 2595; x_wconf 89' lang='lat' dir='ltr'>illuc</span> 
     </span>
     <span class='ocr_line' id='line_1_34' title="bbox 440 2615 2004 2684; baseline -0.004 -13"><span class='ocrx_word' id='word_1_283' title='bbox 440 2622 620 2683; x_wconf 59' lang='lat' dir='ltr'>juctan</span> <span class='ocrx_word' id='word_1_284' title='bbox 646 2625 760 2684; x_wconf 88' lang='lat' dir='ltr'>apta</span> <span class='ocrx_word' id='word_1_285' title='bbox 785 2633 984 2683; x_wconf 84' lang='lat' dir='ltr'>quoque</span> <span class='ocrx_word' id='word_1_286' title='bbox 1017 2619 1158 2669; x_wconf 89' lang='lat' dir='ltr'>adest</span> <span class='ocrx_word' id='word_1_287' title='bbox 1186 2618 1453 2683; x_wconf 86' lang='lat' dir='ltr'>oppositio,</span> <span class='ocrx_word' id='word_1_288' title='bbox 1481 2630 1630 2680; x_wconf 89' lang='lat' dir='ltr'>quam</span> <span class='ocrx_word' id='word_1_289' title='bbox 1663 2615 1757 2665; x_wconf 87' lang='lat' dir='ltr'>sibi</span> <span class='ocrx_word' id='word_1_290' title='bbox 1790 2616 2004 2679; x_wconf 80' lang='lat' dir='ltr'>sumpsit</span> 
     </span>
    </p>
   </div>
   <div class='ocr_carea' id='block_1_5' title="bbox 353 2690 1136 2755">
    <p class='ocr_par' dir='ltr' id='par_1_5' title="bbox 353 2690 1136 2755">
     <span class='ocr_line' id='line_1_35' title="bbox 353 2690 1136 2755; baseline -0.004 -13"><span class='ocrx_word' id='word_1_291' title='bbox 353 2700 358 2703; x_wconf 84' lang='grc'><em>“</em></span> <span class='ocrx_word' id='word_1_292' title='bbox 444 2690 675 2755; x_wconf 76' lang='lat' dir='ltr'>Agathias</span> <span class='ocrx_word' id='word_1_293' title='bbox 693 2690 816 2740; x_wconf 89' lang='lat' dir='ltr'>infra</span> <span class='ocrx_word' id='word_1_294' title='bbox 839 2703 914 2754; x_wconf 90' lang='lat' dir='ltr'>ep.</span> <span class='ocrx_word' id='word_1_295' title='bbox 938 2694 1049 2749; x_wconf 85' lang='lat'><strong>589,</strong></span> <span class='ocrx_word' id='word_1_296' title='bbox 1073 2696 1099 2741; x_wconf 94' lang='grc'>7</span> <span class='ocrx_word' id='word_1_297' title='bbox 1122 2710 1136 2739; x_wconf 74' lang='lat'>2</span> 
     </span>
    </p>
   </div>
   <div class='ocr_carea' id='block_1_6' title="bbox 571 2811 1908 2948">
    <p class='ocr_par' dir='ltr' id='par_1_6' title="bbox 571 2811 1908 2948">
     <span class='ocr_line' id='line_1_36' title="bbox 571 2811 1908 2877; baseline -0.001 -16"><span class='ocrx_word' id='word_1_298' title='bbox 571 2813 650 2861; x_wconf 70' lang='lat' dir='ltr'>ml</span> <span class='ocrx_word' id='word_1_299' title='bbox 678 2812 756 2861; x_wconf 78' lang='grc' dir='ltr'>τὸν</span> <span class='ocrx_word' id='word_1_300' title='bbox 787 2812 870 2876; x_wconf 71' lang='grc' dir='ltr'>μὲν</span> <span class='ocrx_word' id='word_1_301' title='bbox 901 2812 1090 2877; x_wconf 75' lang='grc' dir='ltr'><strong>κατέχει</strong></span> <span class='ocrx_word' id='word_1_302' title='bbox 1120 2814 1306 2877; x_wconf 78' lang='grc' dir='ltr'><strong>χθόνιος</strong></span> <span class='ocrx_word' id='word_1_303' title='bbox 1335 2812 1503 2875; x_wconf 72' lang='grc' dir='ltr'><strong>τάφος·</strong></span> <span class='ocrx_word' id='word_1_304' title='bbox 1531 2812 1632 2861; x_wconf 71' lang='grc' dir='ltr'><strong>ἀντὶ</strong></span> <span class='ocrx_word' id='word_1_305' title='bbox 1659 2812 1702 2860; x_wconf 83' lang='grc' dir='ltr'>δ’</span> <span class='ocrx_word' id='word_1_306' title='bbox 1729 2811 1908 2861; x_wconf 74' lang='grc' dir='ltr'><strong>ἐκείνου</strong></span> 
     </span>
     <span class='ocr_line' id='line_1_37' title="bbox 633 2883 1738 2948; baseline 0 -15"><span class='ocrx_word' id='word_1_307' title='bbox 633 2883 814 2946; x_wconf 82' lang='grc' dir='ltr'><strong>οὔνομα</strong></span> <span class='ocrx_word' id='word_1_308' title='bbox 839 2884 920 2932; x_wconf 85' lang='grc' dir='ltr'><strong>καὶ</strong></span> <span class='ocrx_word' id='word_1_309' title='bbox 949 2883 1187 2948; x_wconf 82' lang='grc' dir='ltr'><strong>γραφίδων</strong></span> <span class='ocrx_word' id='word_1_310' title='bbox 1220 2885 1450 2948; x_wconf 76' lang='grc' dir='ltr'><strong>χρώματα</strong></span> <span class='ocrx_word' id='word_1_311' title='bbox 1469 2885 1738 2946; x_wconf 75' lang='grc' dir='ltr'><strong>δερκόμεθα.</strong></span> 
     </span>
    </p>
   </div>
   <div class='ocr_carea' id='block_1_7' title="bbox 447 3002 2006 3348">
    <p class='ocr_par' dir='ltr' id='par_1_7' title="bbox 447 3002 2006 3348">
     <span class='ocr_line' id='line_1_38' title="bbox 447 3002 2000 3066; baseline 0 -12"><span class='ocrx_word' id='word_1_312' title='bbox 447 3006 693 3054; x_wconf 80' lang='lat' dir='ltr'>Praeterea</span> <span class='ocrx_word' id='word_1_313' title='bbox 715 3002 918 3066; x_wconf 85' lang='lat' dir='ltr'>pluralis</span> <span class='ocrx_word' id='word_1_314' title='bbox 948 3003 1082 3064; x_wconf 78' lang='grc' dir='ltr'><strong>τάφοι</strong></span> <span class='ocrx_word' id='word_1_315' title='bbox 1101 3003 1386 3054; x_wconf 82' lang='lat' dir='ltr'>recentioris</span> <span class='ocrx_word' id='word_1_316' title='bbox 1409 3002 1543 3053; x_wconf 84' lang='lat' dir='ltr'>haud</span> <span class='ocrx_word' id='word_1_317' title='bbox 1569 3003 1718 3054; x_wconf 85' lang='lat' dir='ltr'>dubie</span> <span class='ocrx_word' id='word_1_318' title='bbox 1745 3017 1867 3054; x_wconf 88' lang='lat' dir='ltr'>usus</span> <span class='ocrx_word' id='word_1_319' title='bbox 1898 3006 2000 3065; x_wconf 81' lang='lat' dir='ltr'>est,</span> 
     </span>
     <span class='ocr_line' id='line_1_39' title="bbox 448 3073 2005 3138; baseline 0.001 -15"><span class='ocrx_word' id='word_1_320' title='bbox 448 3073 622 3135; x_wconf 81' lang='lat' dir='ltr'>eujus,</span> <span class='ocrx_word' id='word_1_321' title='bbox 661 3073 703 3122; x_wconf 91' lang='lat' dir='ltr'>si</span> <span class='ocrx_word' id='word_1_322' title='bbox 729 3075 862 3122; x_wconf 88' lang='lat' dir='ltr'>recte</span> <span class='ocrx_word' id='word_1_323' title='bbox 895 3073 1182 3133; x_wconf 89' lang='lat' dir='ltr'>observavi,</span> <span class='ocrx_word' id='word_1_324' title='bbox 1217 3073 1433 3136; x_wconf 87' lang='lat' dir='ltr'>primum</span> <span class='ocrx_word' id='word_1_325' title='bbox 1456 3075 1730 3137; x_wconf 88' lang='lat' dir='ltr'>exemplum</span> <span class='ocrx_word' id='word_1_326' title='bbox 1761 3077 1838 3124; x_wconf 89' lang='lat' dir='ltr'>est</span> <span class='ocrx_word' id='word_1_327' title='bbox 1871 3074 2005 3138; x_wconf 86' lang='lat' dir='ltr'>apud</span> 
     </span>
     <span class='ocr_line' id='line_1_40' title="bbox 451 3141 2006 3209; baseline 0.001 -17"><span class='ocrx_word' id='word_1_328' title='bbox 451 3141 826 3192; x_wconf 70' lang='lat' dir='ltr'>Nicandrum...</span> <span class='ocrx_word' id='word_1_329' title='bbox 855 3142 914 3191; x_wconf 89' lang='lat' dir='ltr'>In</span> <span class='ocrx_word' id='word_1_330' title='bbox 945 3141 1039 3192; x_wconf 85' lang='lat' dir='ltr'>hoc</span> <span class='ocrx_word' id='word_1_331' title='bbox 1077 3143 1424 3208; x_wconf 78' lang='lat' dir='ltr'>epigrammate</span> <span class='ocrx_word' id='word_1_332' title='bbox 1455 3143 1698 3194; x_wconf 79' lang='lat' dir='ltr'>invocatio</span> <span class='ocrx_word' id='word_1_333' title='bbox 1724 3144 1920 3209; x_wconf 89' lang='lat' dir='ltr'>rupium</span> <span class='ocrx_word' id='word_1_334' title='bbox 1954 3147 2006 3194; x_wconf 89' lang='lat' dir='ltr'>et</span> 
     </span>
     <span class='ocr_line' id='line_1_41' title="bbox 449 3211 2003 3276; baseline 0.002 -14"><span class='ocrx_word' id='word_1_335' title='bbox 449 3212 689 3262; x_wconf 88' lang='lat' dir='ltr'>montium</span> <span class='ocrx_word' id='word_1_336' title='bbox 719 3211 993 3274; x_wconf 85' lang='lat' dir='ltr'>ignotarum</span> <span class='ocrx_word' id='word_1_337' title='bbox 1009 3251 1021 3272; x_wconf 88' lang='lat'>‚</span> <span class='ocrx_word' id='word_1_338' title='bbox 1042 3225 1155 3274; x_wconf 80' lang='lat' dir='ltr'>quae</span> <span class='ocrx_word' id='word_1_339' title='bbox 1173 3213 1493 3274; x_wconf 78' lang='lat' dir='ltr'>devoventur,</span> <span class='ocrx_word' id='word_1_340' title='bbox 1523 3228 1554 3263; x_wconf 91' lang='lat' dir='ltr'>a</span> <span class='ocrx_word' id='word_1_341' title='bbox 1571 3215 1814 3264; x_wconf 87' lang='lat' dir='ltr'>Simonide</span> <span class='ocrx_word' id='word_1_342' title='bbox 1830 3215 2003 3276; x_wconf 90' lang='lat' dir='ltr'>aliena,</span> 
     </span>
     <span class='ocr_line' id='line_1_42' title="bbox 450 3279 2003 3348; baseline 0.002 -17"><span class='ocrx_word' id='word_1_343' title='bbox 450 3281 536 3331; x_wconf 89' lang='lat' dir='ltr'>sed</span> <span class='ocrx_word' id='word_1_344' title='bbox 571 3281 710 3330; x_wconf 85' lang='lat' dir='ltr'>unice</span> <span class='ocrx_word' id='word_1_345' title='bbox 742 3281 936 3344; x_wconf 81' lang='lat' dir='ltr'>propria</span> <span class='ocrx_word' id='word_1_346' title='bbox 956 3281 1152 3332; x_wconf 83' lang='lat' dir='ltr'>videtur</span> <span class='ocrx_word' id='word_1_347' title='bbox 1171 3279 1474 3333; x_wconf 78' lang='lat' dir='ltr'>Alexandrini</span> <span class='ocrx_word' id='word_1_348' title='bbox 1503 3285 1598 3332; x_wconf 83' lang='lat' dir='ltr'>aevi</span> <span class='ocrx_word' id='word_1_349' title='bbox 1615 3285 1772 3348; x_wconf 89' lang='lat' dir='ltr'>poetis</span> <span class='ocrx_word' id='word_1_350' title='bbox 1801 3285 2003 3334; x_wconf 84' lang='lat' dir='ltr'>horum-</span> 
     </span>
    </p>
   </div>
   <div class='ocr_carea' id='block_1_8' title="bbox 448 3350 2006 3484">
    <p class='ocr_par' dir='ltr' id='par_1_8' title="bbox 448 3350 2006 3484">
     <span class='ocr_line' id='line_1_43' title="bbox 448 3350 2006 3415; baseline 0.003 -15"><span class='ocrx_word' id='word_1_351' title='bbox 448 3365 549 3415; x_wconf 87' lang='lat' dir='ltr'>que</span> <span class='ocrx_word' id='word_1_352' title='bbox 577 3350 782 3414; x_wconf 85' lang='lat' dir='ltr'>principi</span> <span class='ocrx_word' id='word_1_353' title='bbox 820 3350 1118 3402; x_wconf 79' lang='lat' dir='ltr'>Callimacho</span> <span class='ocrx_word' id='word_1_354' title='bbox 1124 3373 1252 3403; x_wconf 68' lang='grc'><strong>......</strong></span> <span class='ocrx_word' id='word_1_355' title='bbox 1295 3352 1414 3404; x_wconf 89' lang='lat' dir='ltr'>lnde</span> <span class='ocrx_word' id='word_1_356' title='bbox 1455 3351 1770 3405; x_wconf 81' lang='lat' dir='ltr'>Callimachi</span> <span class='ocrx_word' id='word_1_357' title='bbox 1809 3367 2006 3406; x_wconf 80' lang='lat' dir='ltr'>cannen</span> 
     </span>
     <span class='ocr_line' id='line_1_44' title="bbox 450 3417 1042 3484; baseline 0 -13"><span class='ocrx_word' id='word_1_358' title='bbox 450 3421 708 3471; x_wconf 83' lang='lat' dir='ltr'>concinnat</span> <span class='ocrx_word' id='word_1_359' title='bbox 722 3417 1006 3484; x_wconf 87' lang='lat' dir='ltr'>hujusmodi</span> <span class='ocrx_word' id='word_1_360' title='bbox 1030 3443 1042 3471; x_wconf 90' lang='lat'>:</span> 
     </span>
    </p>
   </div>
   <div class='ocr_carea' id='block_1_9' title="bbox 577 3535 2009 4096">
    <p class='ocr_par' dir='ltr' id='par_1_9' title="bbox 577 3535 2009 4096">
     <span class='ocr_line' id='line_1_45' title="bbox 577 3535 1748 3606; baseline 0.003 -16"><span class='ocrx_word' id='word_1_361' title='bbox 577 3535 736 3602; x_wconf 84' lang='grc' dir='ltr'><strong>Ἠερίη</strong></span> <span class='ocrx_word' id='word_1_362' title='bbox 761 3541 992 3604; x_wconf 73' lang='grc' dir='ltr'><strong>Γεράνεια,</strong></span> <span class='ocrx_word' id='word_1_363' title='bbox 1013 3542 1158 3590; x_wconf 79' lang='grc' dir='ltr'><strong>κακὸν</strong></span> <span class='ocrx_word' id='word_1_364' title='bbox 1189 3543 1329 3598; x_wconf 81' lang='grc' dir='ltr'><strong>λέπας</strong></span> <span class='ocrx_word' id='word_1_365' title='bbox 1342 3581 1356 3602; x_wconf 96' lang='grc'><strong>,</strong></span> <span class='ocrx_word' id='word_1_366' title='bbox 1379 3543 1550 3606; x_wconf 79' lang='grc' dir='ltr'><strong>ὤφελες</strong></span> <span class='ocrx_word' id='word_1_367' title='bbox 1565 3539 1748 3606; x_wconf 83' lang='grc' dir='ltr'><strong>Ἴστρον</strong></span> 
     </span>
     <span class='ocr_line' id='line_1_46' title="bbox 633 3611 1747 3674; baseline 0.002 -16"><span class='ocrx_word' id='word_1_368' title='bbox 633 3613 744 3669; x_wconf 80' lang='grc' dir='ltr'><strong>τῆλε</strong></span> <span class='ocrx_word' id='word_1_369' title='bbox 769 3611 849 3658; x_wconf 85' lang='grc' dir='ltr'><strong>καὶ</strong></span> <span class='ocrx_word' id='word_1_370' title='bbox 880 3611 928 3659; x_wconf 77' lang='grc' dir='ltr'>ἐν</span> <span class='ocrx_word' id='word_1_371' title='bbox 955 3613 1169 3660; x_wconf 77' lang='grc' dir='ltr'><strong>Σκυθέων</strong></span> <span class='ocrx_word' id='word_1_372' title='bbox 1195 3615 1370 3673; x_wconf 82' lang='grc' dir='ltr'><strong>μακρὸν</strong></span> <span class='ocrx_word' id='word_1_373' title='bbox 1394 3614 1508 3674; x_wconf 82' lang='grc' dir='ltr'><strong>ὁρᾶν</strong></span> <span class='ocrx_word' id='word_1_374' title='bbox 1538 3613 1714 3662; x_wconf 76' lang='grc' dir='ltr'><strong>Τάναϊν</strong></span> <span class='ocrx_word' id='word_1_375' title='bbox 1733 3649 1747 3673; x_wconf 90' lang='grc'><strong>,</strong></span> 
     </span>
     <span class='ocr_line' id='line_1_47' title="bbox 578 3681 1780 3747; baseline 0.004 -19"><span class='ocrx_word' id='word_1_376' title='bbox 578 3681 694 3747; x_wconf 82' lang='grc' dir='ltr'><strong>μηδὲ</strong></span> <span class='ocrx_word' id='word_1_377' title='bbox 720 3681 862 3736; x_wconf 75' lang='grc' dir='ltr'><strong>πέλας</strong></span> <span class='ocrx_word' id='word_1_378' title='bbox 881 3681 1025 3730; x_wconf 83' lang='grc' dir='ltr'><strong>ναίειν</strong></span> <span class='ocrx_word' id='word_1_379' title='bbox 1045 3683 1348 3744; x_wconf 83' lang='grc' dir='ltr'><strong>Σκειρωνικὸν</strong></span> <span class='ocrx_word' id='word_1_380' title='bbox 1379 3683 1522 3744; x_wconf 74' lang='grc' dir='ltr'><strong>οἶδμα</strong></span> <span class='ocrx_word' id='word_1_381' title='bbox 1545 3683 1780 3740; x_wconf 81' lang='grc' dir='ltr'>θαλάσσης</span> 
     </span>
     <span class='ocr_line' id='line_1_48' title="bbox 639 3751 1574 3816; baseline 0.001 -17"><span class='ocrx_word' id='word_1_382' title='bbox 639 3753 790 3810; x_wconf 74' lang='grc' dir='ltr'><strong>ἄγκεα</strong></span> <span class='ocrx_word' id='word_1_383' title='bbox 813 3753 1055 3812; x_wconf 66' lang='grc' dir='ltr'><strong>νιφομένης</strong></span> <span class='ocrx_word' id='word_1_384' title='bbox 1091 3751 1204 3814; x_wconf 79' lang='grc' dir='ltr'><strong>ἀμφὶ</strong></span> <span class='ocrx_word' id='word_1_385' title='bbox 1233 3755 1546 3816; x_wconf 71' lang='grc' dir='ltr'><strong>Μολουριάδος</strong></span> <span class='ocrx_word' id='word_1_386' title='bbox 1561 3765 1574 3778; x_wconf 87' lang='grc'><em>·</em></span> 
     </span>
     <span class='ocr_line' id='line_1_49' title="bbox 579 3820 1792 3886; baseline 0.002 -18"><span class='ocrx_word' id='word_1_387' title='bbox 579 3820 726 3880; x_wconf 62' lang='grc' dir='ltr'><strong>ὤφελε</strong></span> <span class='ocrx_word' id='word_1_388' title='bbox 753 3821 864 3882; x_wconf 76' lang='grc' dir='ltr'><strong>μηδ’</strong></span> <span class='ocrx_word' id='word_1_389' title='bbox 889 3821 1099 3881; x_wconf 80' lang='grc' dir='ltr'><strong>ἐγένοντο</strong></span> <span class='ocrx_word' id='word_1_390' title='bbox 1117 3823 1223 3870; x_wconf 78' lang='grc' dir='ltr'><strong>θοαὶ</strong></span> <span class='ocrx_word' id='word_1_391' title='bbox 1247 3824 1344 3878; x_wconf 84' lang='grc' dir='ltr'><strong>νέες</strong></span> <span class='ocrx_word' id='word_1_392' title='bbox 1365 3836 1377 3847; x_wconf 88' lang='grc'><em>·</em></span> <span class='ocrx_word' id='word_1_393' title='bbox 1400 3823 1457 3872; x_wconf 77' lang='grc' dir='ltr'>οὐ</span> <span class='ocrx_word' id='word_1_394' title='bbox 1474 3823 1564 3886; x_wconf 80' lang='grc' dir='ltr'>γὰρ</span> <span class='ocrx_word' id='word_1_395' title='bbox 1583 3824 1638 3872; x_wconf 83' lang='grc' dir='ltr'>ἂν</span> <span class='ocrx_word' id='word_1_396' title='bbox 1659 3824 1792 3884; x_wconf 82' lang='grc' dir='ltr'><strong>ἡμεῖς</strong></span> 
     </span>
     <span class='ocr_line' id='line_1_50' title="bbox 639 3891 1622 3954; baseline 0 -14"><span class='ocrx_word' id='word_1_397' title='bbox 639 3892 786 3940; x_wconf 80' lang='grc' dir='ltr'><strong>παῖδα</strong></span> <span class='ocrx_word' id='word_1_398' title='bbox 811 3891 1082 3940; x_wconf 78' lang='grc' dir='ltr'><strong>Διοκλείδου</strong></span> <span class='ocrx_word' id='word_1_399' title='bbox 1107 3893 1321 3940; x_wconf 78' lang='grc' dir='ltr'><strong>Σώπολιν</strong></span> <span class='ocrx_word' id='word_1_400' title='bbox 1341 3893 1588 3954; x_wconf 73' lang='grc' dir='ltr'><strong>ἑστίνομεν</strong></span> <span class='ocrx_word' id='word_1_401' title='bbox 1607 3905 1622 3918; x_wconf 87' lang='grc'><em>·</em></span> 
     </span>
     <span class='ocr_line' id='line_1_51' title="bbox 577 3961 2009 4024; baseline 0.002 -14"><span class='ocrx_word' id='word_1_402' title='bbox 577 3965 658 4010; x_wconf 82' lang='grc' dir='ltr'>νῦν</span> <span class='ocrx_word' id='word_1_403' title='bbox 687 3962 729 4009; x_wconf 82' lang='grc' dir='ltr'>δ’</span> <span class='ocrx_word' id='word_1_404' title='bbox 761 3963 789 4010; x_wconf 84' lang='grc' dir='ltr'>ὁ</span> <span class='ocrx_word' id='word_1_405' title='bbox 815 3964 898 4022; x_wconf 72' lang='grc' dir='ltr'>μὲν</span> <span class='ocrx_word' id='word_1_406' title='bbox 930 3963 996 4010; x_wconf 80' lang='grc' dir='ltr'>εἰν</span> <span class='ocrx_word' id='word_1_407' title='bbox 1024 3962 1101 4009; x_wconf 71' lang='grc' dir='ltr'><strong>ἁλί</strong></span> <span class='ocrx_word' id='word_1_408' title='bbox 1129 3977 1222 4010; x_wconf 83' lang='grc' dir='ltr'>που</span> <span class='ocrx_word' id='word_1_409' title='bbox 1241 3964 1422 4024; x_wconf 71' lang='grc' dir='ltr'><strong>φέρεται</strong></span> <span class='ocrx_word' id='word_1_410' title='bbox 1453 3964 1612 4020; x_wconf 83' lang='grc' dir='ltr'><strong>νέκυς·</strong></span> <span class='ocrx_word' id='word_1_411' title='bbox 1645 3963 1745 4011; x_wconf 76' lang='grc' dir='ltr'><strong>ἀντὶ</strong></span> <span class='ocrx_word' id='word_1_412' title='bbox 1765 3961 1804 4012; x_wconf 78' lang='grc' dir='ltr'>δ’</span> <span class='ocrx_word' id='word_1_413' title='bbox 1830 3964 2009 4013; x_wconf 80' lang='grc' dir='ltr'><strong>ἐκείνου</strong></span> 
     </span>
     <span class='ocr_line' id='line_1_52' title="bbox 641 4031 1624 4096; baseline 0.002 -17"><span class='ocrx_word' id='word_1_414' title='bbox 641 4032 819 4092; x_wconf 82' lang='grc' dir='ltr'><strong>οὔνομα</strong></span> <span class='ocrx_word' id='word_1_415' title='bbox 845 4033 924 4080; x_wconf 81' lang='grc' dir='ltr'><strong>καὶ</strong></span> <span class='ocrx_word' id='word_1_416' title='bbox 949 4032 1105 4081; x_wconf 79' lang='grc' dir='ltr'><strong>κενεὸν</strong></span> <span class='ocrx_word' id='word_1_417' title='bbox 1130 4037 1260 4094; x_wconf 74' lang='grc' dir='ltr'><strong>σῆμα</strong></span> <span class='ocrx_word' id='word_1_418' title='bbox 1282 4031 1624 4096; x_wconf 74' lang='grc' dir='ltr'><strong>παρερχόμεθα.</strong></span> 
     </span>
    </p>
   </div>
   <div class='ocr_carea' id='block_1_10' title="bbox 459 4169 2013 4371">
    <p class='ocr_par' dir='ltr' id='par_1_10' title="bbox 459 4169 2013 4371">
     <span class='ocr_line' id='line_1_53' title="bbox 521 4169 2010 4235; baseline 0.002 -15"><span class='ocrx_word' id='word_1_419' title='bbox 521 4169 800 4220; x_wconf 82' lang='lat' dir='ltr'>CDXGVH.</span> <span class='ocrx_word' id='word_1_420' title='bbox 838 4171 1076 4219; x_wconf 82' lang='lat' dir='ltr'>Lemma:</span> <span class='ocrx_word' id='word_1_421' title='bbox 1111 4171 1174 4227; x_wconf 89' lang='grc' dir='ltr'>εἰς</span> <span class='ocrx_word' id='word_1_422' title='bbox 1197 4172 1354 4221; x_wconf 82' lang='grc' dir='ltr'><strong>Λύκον</strong></span> <span class='ocrx_word' id='word_1_423' title='bbox 1387 4173 1487 4220; x_wconf 72' lang='grc' dir='ltr'><strong>υἱὸν</strong></span> <span class='ocrx_word' id='word_1_424' title='bbox 1517 4173 1775 4235; x_wconf 80' lang='grc' dir='ltr'><strong>Θυμώδους</strong></span> <span class='ocrx_word' id='word_1_425' title='bbox 1804 4175 2010 4235; x_wconf 78' lang='grc' dir='ltr'><strong>ναυαγή-</strong></span> 
     </span>
     <span class='ocr_line' id='line_1_54' title="bbox 459 4240 2012 4304; baseline 0.003 -15"><span class='ocrx_word' id='word_1_426' title='bbox 459 4257 624 4290; x_wconf 69' lang='grc' dir='ltr'><strong>σαντα.</strong></span> <span class='ocrx_word' id='word_1_427' title='bbox 648 4265 710 4276; x_wconf 83' lang='grc'>-</span> <span class='ocrx_word' id='word_1_428' title='bbox 745 4245 784 4288; x_wconf 89' lang='grc'>1.</span> <span class='ocrx_word' id='word_1_429' title='bbox 811 4241 904 4290; x_wconf 79' lang='grc' dir='ltr'>Καί</span> <span class='ocrx_word' id='word_1_430' title='bbox 929 4257 1046 4289; x_wconf 78' lang='grc' dir='ltr'><strong>ποτε</strong></span> <span class='ocrx_word' id='word_1_431' title='bbox 1074 4240 1289 4290; x_wconf 86' lang='lat' dir='ltr'>indicare</span> <span class='ocrx_word' id='word_1_432' title='bbox 1315 4241 1510 4290; x_wconf 80' lang='lat' dir='ltr'>videtur</span> <span class='ocrx_word' id='word_1_433' title='bbox 1540 4242 1635 4291; x_wconf 87' lang='lat' dir='ltr'>hoc</span> <span class='ocrx_word' id='word_1_434' title='bbox 1666 4243 1785 4304; x_wconf 83' lang='lat' dir='ltr'>Lyci</span> <span class='ocrx_word' id='word_1_435' title='bbox 1816 4248 2012 4294; x_wconf 82' lang='lat' dir='ltr'>cenota-</span> 
     </span>
     <span class='ocr_line' id='line_1_55' title="bbox 459 4307 2013 4371; baseline 0.004 -15"><span class='ocrx_word' id='word_1_436' title='bbox 459 4307 629 4371; x_wconf 85' lang='lat' dir='ltr'>phium</span> <span class='ocrx_word' id='word_1_437' title='bbox 676 4309 943 4360; x_wconf 85' lang='lat' dir='ltr'>accessisse</span> <span class='ocrx_word' id='word_1_438' title='bbox 1001 4309 1108 4360; x_wconf 89' lang='lat' dir='ltr'>aliis</span> <span class='ocrx_word' id='word_1_439' title='bbox 1157 4311 1328 4360; x_wconf 90' lang='lat' dir='ltr'>eodem</span> <span class='ocrx_word' id='word_1_440' title='bbox 1368 4311 1416 4360; x_wconf 88' lang='lat' dir='ltr'>in</span> <span class='ocrx_word' id='word_1_441' title='bbox 1466 4312 1574 4361; x_wconf 87' lang='lat' dir='ltr'>loco</span> <span class='ocrx_word' id='word_1_442' title='bbox 1627 4313 1902 4362; x_wconf 83' lang='lat' dir='ltr'>exstructis.</span> <span class='ocrx_word' id='word_1_443' title='bbox 1954 4345 2013 4356; x_wconf 90' lang='lat'>—</span> 
     </span>
    </p>
   </div>
   <div class='ocr_carea' id='block_1_11' title="bbox 460 4347 2058 4444">
    <p class='ocr_par' dir='ltr' id='par_1_11' title="bbox 460 4347 2058 4444">
     <span class='ocr_line' id='line_1_56' title="bbox 460 4347 2058 4444; baseline 0.003 -16"><span class='ocrx_word' id='word_1_444' title='bbox 460 4385 507 4429; x_wconf 86' lang='grc'><strong>3.</strong></span> <span class='ocrx_word' id='word_1_445' title='bbox 538 4397 561 4420; x_wconf 74' lang='grc' dir='ltr'><strong><em>κ</em></strong></span> <span class='ocrx_word' id='word_1_446' title='bbox 584 4380 810 4429; x_wconf 84' lang='lat' dir='ltr'>Fortasse</span> <span class='ocrx_word' id='word_1_447' title='bbox 832 4379 1086 4443; x_wconf 87' lang='lat' dir='ltr'>legendum</span> <span class='ocrx_word' id='word_1_448' title='bbox 1133 4381 1237 4430; x_wconf 79' lang='grc' dir='ltr'><strong>οὐδὲ</strong></span> <span class='ocrx_word' id='word_1_449' title='bbox 1275 4399 1302 4429; x_wconf 84' lang='grc' dir='ltr'><strong>τ</strong></span> <span class='ocrx_word' id='word_1_450' title='bbox 1319 4381 1602 4444; x_wconf 81' lang='grc' dir='ltr'><strong>ἁχ’ὀθνείην</strong></span> <span class='ocrx_word' id='word_1_451' title='bbox 1624 4386 1717 4433; x_wconf 86' lang='lat' dir='ltr'>etc.</span> <span class='ocrx_word' id='word_1_452' title='bbox 1743 4384 2015 4436; x_wconf 70' lang='lat' dir='ltr'>Verisimile</span> <span class='ocrx_word' id='word_1_453' title='bbox 2052 4347 2058 4432; x_wconf 82' lang='grc' dir='ltr'>Ι</span> 
     </span>
    </p>
   </div>
   <div class='ocr_carea' id='block_1_12' title="bbox 460 4447 2016 4936">
    <p class='ocr_par' dir='ltr' id='par_1_12' title="bbox 460 4447 2016 4936">
     <span class='ocr_line' id='line_1_57' title="bbox 461 4447 2013 4514; baseline 0.004 -17"><span class='ocrx_word' id='word_1_454' title='bbox 461 4450 566 4499; x_wconf 89' lang='lat' dir='ltr'>erat</span> <span class='ocrx_word' id='word_1_455' title='bbox 600 4447 740 4498; x_wconf 89' lang='lat' dir='ltr'>illum</span> <span class='ocrx_word' id='word_1_456' title='bbox 774 4449 1073 4513; x_wconf 88' lang='lat' dir='ltr'>insepultum</span> <span class='ocrx_word' id='word_1_457' title='bbox 1119 4451 1294 4500; x_wconf 85' lang='lat' dir='ltr'>alicubi</span> <span class='ocrx_word' id='word_1_458' title='bbox 1322 4451 1511 4514; x_wconf 84' lang='lat' dir='ltr'>jacere,</span> <span class='ocrx_word' id='word_1_459' title='bbox 1543 4455 1733 4503; x_wconf 88' lang='lat' dir='ltr'>certum</span> <span class='ocrx_word' id='word_1_460' title='bbox 1762 4465 1858 4502; x_wconf 87' lang='lat' dir='ltr'>non</span> <span class='ocrx_word' id='word_1_461' title='bbox 1891 4459 2013 4504; x_wconf 82' lang='lat' dir='ltr'>erat.</span> 
     </span>
     <span class='ocr_line' id='line_1_58' title="bbox 463 4517 2016 4586; baseline 0.005 -20"><span class='ocrx_word' id='word_1_462' title='bbox 463 4520 623 4574; x_wconf 85' lang='lat' dir='ltr'>Quare</span> <span class='ocrx_word' id='word_1_463' title='bbox 650 4532 698 4568; x_wconf 86' lang='lat' dir='ltr'>v.</span> <span class='ocrx_word' id='word_1_464' title='bbox 728 4527 755 4570; x_wconf 90' lang='lat'><strong>5</strong></span> <span class='ocrx_word' id='word_1_465' title='bbox 781 4521 904 4569; x_wconf 68' lang='lat' dir='ltr'>:tvo’</span> <span class='ocrx_word' id='word_1_466' title='bbox 931 4521 1012 4581; x_wconf 83' lang='grc' dir='ltr'><strong>ὅγε</strong></span> <span class='ocrx_word' id='word_1_467' title='bbox 1035 4539 1114 4570; x_wconf 85' lang='grc' dir='ltr'>πο</span> <span class='ocrx_word' id='word_1_468' title='bbox 1133 4538 1221 4570; x_wconf 84' lang='grc' dir='ltr'><strong>υ...</strong></span> <span class='ocrx_word' id='word_1_469' title='bbox 1257 4523 1422 4584; x_wconf 88' lang='lat' dir='ltr'>(Cum</span> <span class='ocrx_word' id='word_1_470' title='bbox 1447 4517 1762 4572; x_wconf 81' lang='lat' dir='ltr'>Boissonadio</span> <span class='ocrx_word' id='word_1_471' title='bbox 1803 4523 2016 4586; x_wconf 85' lang='lat' dir='ltr'>recipere</span> 
     </span>
     <span class='ocr_line' id='line_1_59' title="bbox 460 4590 2011 4655; baseline 0.005 -19"><span class='ocrx_word' id='word_1_472' title='bbox 460 4590 573 4652; x_wconf 76' lang='grc' dir='ltr'>τάχ’</span> <span class='ocrx_word' id='word_1_473' title='bbox 590 4603 684 4640; x_wconf 91' lang='lat' dir='ltr'>non</span> <span class='ocrx_word' id='word_1_474' title='bbox 702 4605 813 4641; x_wconf 89' lang='lat' dir='ltr'>sum</span> <span class='ocrx_word' id='word_1_475' title='bbox 839 4599 1041 4648; x_wconf 84' lang='lat' dir='ltr'>ausus.)</span> <span class='ocrx_word' id='word_1_476' title='bbox 1067 4619 1129 4628; x_wconf 91' lang='lat'>-</span> <span class='ocrx_word' id='word_1_477' title='bbox 1154 4597 1183 4641; x_wconf 77' lang='lat'>4</span> <span class='ocrx_word' id='word_1_478' title='bbox 1210 4594 1310 4649; x_wconf 83' lang='grc' dir='ltr'><strong>νιὰς</strong></span> <span class='ocrx_word' id='word_1_479' title='bbox 1334 4596 1364 4652; x_wconf 82' lang='grc' dir='ltr'>ἢ</span> <span class='ocrx_word' id='word_1_480' title='bbox 1385 4591 1524 4650; x_wconf 86' lang='lat' dir='ltr'>Cod.‚</span> <span class='ocrx_word' id='word_1_481' title='bbox 1545 4605 1694 4655; x_wconf 85' lang='lat' dir='ltr'>super</span> <span class='ocrx_word' id='word_1_482' title='bbox 1712 4611 1755 4640; x_wconf 81' lang='grc' dir='ltr'>νι</span> <span class='ocrx_word' id='word_1_483' title='bbox 1785 4593 1947 4655; x_wconf 82' lang='lat' dir='ltr'>posito</span> <span class='ocrx_word' id='word_1_484' title='bbox 1965 4611 2011 4648; x_wconf 85' lang='grc' dir='ltr'><strong>η.</strong></span> 
     </span>
     <span class='ocr_line' id='line_1_60' title="bbox 464 4659 2015 4725; baseline 0.003 -18"><span class='ocrx_word' id='word_1_485' title='bbox 464 4659 603 4709; x_wconf 86' lang='lat' dir='ltr'>Unde</span> <span class='ocrx_word' id='word_1_486' title='bbox 627 4661 901 4710; x_wconf 84' lang='lat' dir='ltr'>Brunckius</span> <span class='ocrx_word' id='word_1_487' title='bbox 923 4663 1052 4720; x_wconf 80' lang='grc' dir='ltr'><strong>νηῑὰς</strong></span> <span class='ocrx_word' id='word_1_488' title='bbox 1071 4699 1086 4723; x_wconf 90' lang='grc'><strong>,</strong></span> <span class='ocrx_word' id='word_1_489' title='bbox 1106 4662 1168 4712; x_wconf 88' lang='lat' dir='ltr'>de</span> <span class='ocrx_word' id='word_1_490' title='bbox 1196 4663 1360 4712; x_wconf 86' lang='lat' dir='ltr'>littore</span> <span class='ocrx_word' id='word_1_491' title='bbox 1382 4663 1726 4725; x_wconf 88' lang='lat' dir='ltr'>interpretatus</span> <span class='ocrx_word' id='word_1_492' title='bbox 1745 4663 1832 4711; x_wconf 89' lang='lat' dir='ltr'>ubi</span> <span class='ocrx_word' id='word_1_493' title='bbox 1863 4675 2015 4712; x_wconf 87' lang='lat' dir='ltr'>naves</span> 
     </span>
     <span class='ocr_line' id='line_1_61' title="bbox 465 4729 2016 4796; baseline 0.004 -20"><span class='ocrx_word' id='word_1_494' title='bbox 465 4729 722 4779; x_wconf 80' lang='lat' dir='ltr'>stationem</span> <span class='ocrx_word' id='word_1_495' title='bbox 741 4730 936 4781; x_wconf 85' lang='lat' dir='ltr'>habent.</span> <span class='ocrx_word' id='word_1_496' title='bbox 959 4734 1021 4781; x_wconf 72' lang='lat' dir='ltr'>At</span> <span class='ocrx_word' id='word_1_497' title='bbox 1035 4731 1131 4782; x_wconf 88' lang='lat' dir='ltr'>hoc</span> <span class='ocrx_word' id='word_1_498' title='bbox 1157 4745 1302 4782; x_wconf 81' lang='lat' dir='ltr'>sensu</span> <span class='ocrx_word' id='word_1_499' title='bbox 1326 4735 1454 4791; x_wconf 77' lang='grc' dir='ltr'><strong>νηῑὰς</strong></span> <span class='ocrx_word' id='word_1_500' title='bbox 1480 4743 1573 4782; x_wconf 82' lang='grc'>11011</span> <span class='ocrx_word' id='word_1_501' title='bbox 1600 4735 1897 4796; x_wconf 60' lang='lat' dir='ltr'>usurpatum</span> <span class='ocrx_word' id='word_1_502' title='bbox 1925 4746 2016 4782; x_wconf 89' lang='lat' dir='ltr'>nec</span> 
     </span>
     <span class='ocr_line' id='line_1_62' title="bbox 466 4799 2015 4866; baseline 0.004 -18"><span class='ocrx_word' id='word_1_503' title='bbox 466 4799 642 4848; x_wconf 84' lang='lat' dir='ltr'>littoris</span> <span class='ocrx_word' id='word_1_504' title='bbox 671 4800 732 4849; x_wconf 86' lang='lat' dir='ltr'>ab</span> <span class='ocrx_word' id='word_1_505' title='bbox 759 4800 1036 4851; x_wconf 85' lang='lat' dir='ltr'>hominibus</span> <span class='ocrx_word' id='word_1_506' title='bbox 1061 4801 1366 4866; x_wconf 86' lang='lat' dir='ltr'>navibusque</span> <span class='ocrx_word' id='word_1_507' title='bbox 1393 4803 1686 4866; x_wconf 86' lang='lat' dir='ltr'>frequentati</span> <span class='ocrx_word' id='word_1_508' title='bbox 1721 4817 2015 4854; x_wconf 88' lang='lat' dir='ltr'>commemo·</span> 
     </span>
     <span class='ocr_line' id='line_1_63' title="bbox 467 4868 2016 4936; baseline 0.005 -20"><span class='ocrx_word' id='word_1_509' title='bbox 467 4869 592 4917; x_wconf 87' lang='lat' dir='ltr'>ratio</span> <span class='ocrx_word' id='word_1_510' title='bbox 617 4868 666 4918; x_wconf 88' lang='lat' dir='ltr'>h.</span> <span class='ocrx_word' id='word_1_511' title='bbox 701 4870 736 4919; x_wconf 92' lang='lat' dir='ltr'>l.</span> <span class='ocrx_word' id='word_1_512' title='bbox 775 4872 892 4921; x_wconf 87' lang='lat' dir='ltr'>satis</span> <span class='ocrx_word' id='word_1_513' title='bbox 912 4875 1026 4935; x_wconf 84' lang='lat' dir='ltr'>apta</span> <span class='ocrx_word' id='word_1_514' title='bbox 1046 4872 1262 4922; x_wconf 82' lang='lat' dir='ltr'>videtur.</span> <span class='ocrx_word' id='word_1_515' title='bbox 1292 4893 1316 4916; x_wconf 84' lang='lat'>»</span> <span class='ocrx_word' id='word_1_516' title='bbox 1350 4875 1465 4922; x_wconf 81' lang='lat' dir='ltr'>Jac.</span> <span class='ocrx_word' id='word_1_517' title='bbox 1497 4874 1594 4931; x_wconf 91' lang='lat' dir='ltr'>Qui</span> <span class='ocrx_word' id='word_1_518' title='bbox 1626 4875 1832 4936; x_wconf 84' lang='lat' dir='ltr'>conjecit</span> <span class='ocrx_word' id='word_1_519' title='bbox 1851 4877 1880 4932; x_wconf 78' lang='grc' dir='ltr'>ἢ</span> <span class='ocrx_word' id='word_1_520' title='bbox 1913 4891 2016 4923; x_wconf 78' lang='grc' dir='ltr'><strong>σπι·</strong></span> 
     </span>
    </p>
   </div>
   <div class='ocr_carea' id='block_1_13' title="bbox 2018 256 2029 566">
    <p class='ocr_par' dir='ltr' id='par_1_13' title="bbox 2018 256 2029 566">
     <span class='ocr_line' id='line_1_64' title="bbox 2018 256 2029 566; baseline 0 5181"><span class='ocrx_word' id='word_1_521' title='bbox 2018 256 2029 566; x_wconf 95' lang='lat' dir='ltr'> </span> 
     </span>
    </p>
   </div>
   <div class='ocr_carea' id='block_1_14' title="bbox 2028 1057 2035 1367">
    <p class='ocr_par' dir='ltr' id='par_1_14' title="bbox 2028 1057 2035 1367">
     <span class='ocr_line' id='line_1_65' title="bbox 2028 1057 2035 1367; baseline 0 4380"><span class='ocrx_word' id='word_1_522' title='bbox 2028 1057 2035 1367; x_wconf 95' lang='lat' dir='ltr'> </span> 
     </span>
    </p>
   </div>
   <div class='ocr_carea' id='block_1_15' title="bbox 2053 4769 2061 4936">
    <p class='ocr_par' dir='ltr' id='par_1_15' title="bbox 2053 4769 2061 4936">
     <span class='ocr_line' id='line_1_66' title="bbox 2053 4769 2061 4936; baseline 0 811"><span class='ocrx_word' id='word_1_523' title='bbox 2053 4769 2061 4936; x_wconf 95' lang='lat' dir='ltr'> </span> 
     </span>
    </p>
   </div>
   <div class='ocr_carea' id='block_1_16' title="bbox 1549 119 2497 185">
    <p class='ocr_par' dir='ltr' id='par_1_16' title="bbox 1549 119 2497 185">
     <span class='ocr_line' id='line_1_67' title="bbox 1549 119 2497 185; baseline 0.006 -6"><span class='ocrx_word' id='word_1_524' title='bbox 1549 120 2053 183; x_wconf 78' lang='lat' dir='ltr'>ANTHOLOGIAE</span> <span class='ocrx_word' id='word_1_525' title='bbox 2096 119 2497 185; x_wconf 81' lang='lat' dir='ltr'>PALATINAE</span> 
     </span>
    </p>
   </div>
   <div class='ocr_carea' id='block_1_17' title="bbox 2069 248 3687 955">
    <p class='ocr_par' dir='ltr' id='par_1_17' title="bbox 2069 248 3687 955">
     <span class='ocr_line' id='line_1_68' title="bbox 2070 248 3673 317; baseline 0.001 -15"><span class='ocrx_word' id='word_1_526' title='bbox 2070 264 2126 316; x_wconf 89' lang='lat' dir='ltr'>p.</span> <span class='ocrx_word' id='word_1_527' title='bbox 2157 258 2240 305; x_wconf 80' lang='grc'>194</span> <span class='ocrx_word' id='word_1_528' title='bbox 2261 256 2423 314; x_wconf 82' lang='grc' dir='ltr'><strong>θινιὰς,</strong></span> <span class='ocrx_word' id='word_1_529' title='bbox 2448 256 2526 305; x_wconf 87' lang='lat' dir='ltr'>vel</span> <span class='ocrx_word' id='word_1_530' title='bbox 2544 256 2679 317; x_wconf 83' lang='grc' dir='ltr'><strong>γηῑὰς</strong></span> <span class='ocrx_word' id='word_1_531' title='bbox 2695 294 2709 317; x_wconf 93' lang='grc'><strong>,</strong></span> <span class='ocrx_word' id='word_1_532' title='bbox 2732 257 2982 307; x_wconf 82' lang='lat' dir='ltr'>Heckerus</span> <span class='ocrx_word' id='word_1_533' title='bbox 3000 260 3030 315; x_wconf 78' lang='grc' dir='ltr'><strong>ἦ</strong></span> <span class='ocrx_word' id='word_1_534' title='bbox 3045 254 3138 315; x_wconf 79' lang='grc' dir='ltr'><strong>Ἰὰς</strong></span> <span class='ocrx_word' id='word_1_535' title='bbox 3160 260 3253 317; x_wconf 78' lang='grc' dir='ltr'><strong>ἢ...</strong></span> <span class='ocrx_word' id='word_1_536' title='bbox 3278 254 3459 308; x_wconf 79' lang='lat' dir='ltr'>Verum</span> <span class='ocrx_word' id='word_1_537' title='bbox 3482 248 3673 307; x_wconf 74' lang='lat' dir='ltr'>haud</span> 
     </span>
     <span class='ocr_line' id='line_1_69' title="bbox 2069 323 3685 391; baseline 0.001 -19"><span class='ocrx_word' id='word_1_538' title='bbox 2069 323 2221 374; x_wconf 88' lang='lat' dir='ltr'>dubie</span> <span class='ocrx_word' id='word_1_539' title='bbox 2252 325 2377 376; x_wconf 85' lang='lat' dir='ltr'>vidit</span> <span class='ocrx_word' id='word_1_540' title='bbox 2412 328 2636 389; x_wconf 87' lang='lat' dir='ltr'>Ungerus</span> <span class='ocrx_word' id='word_1_541' title='bbox 2662 326 2811 378; x_wconf 76' lang='lat' dir='ltr'>stud.</span> <span class='ocrx_word' id='word_1_542' title='bbox 2852 330 2957 389; x_wconf 88' lang='grc' dir='ltr'>ΧΠ,</span> <span class='ocrx_word' id='word_1_543' title='bbox 2984 328 3190 385; x_wconf 82' lang='grc' dir='ltr'><strong>Θυνιὰς,</strong></span> <span class='ocrx_word' id='word_1_544' title='bbox 3217 328 3452 391; x_wconf 65' lang='lat' dir='ltr'>Bithynia</span> <span class='ocrx_word' id='word_1_545' title='bbox 3486 328 3685 377; x_wconf 72' lang='lat' dir='ltr'>littus</span> 
     </span>
     <span class='ocr_line' id='line_1_70' title="bbox 2070 394 3677 461; baseline -0.001 -19"><span class='ocrx_word' id='word_1_546' title='bbox 2070 394 2332 458; x_wconf 86' lang='lat' dir='ltr'>naufragiis</span> <span class='ocrx_word' id='word_1_547' title='bbox 2357 397 2592 445; x_wconf 88' lang='lat' dir='ltr'>famosum</span> <span class='ocrx_word' id='word_1_548' title='bbox 2611 432 2626 456; x_wconf 87' lang='lat'>,</span> <span class='ocrx_word' id='word_1_549' title='bbox 2643 395 2710 446; x_wconf 88' lang='lat' dir='ltr'>de</span> <span class='ocrx_word' id='word_1_550' title='bbox 2726 410 2827 459; x_wconf 86' lang='lat' dir='ltr'>quo</span> <span class='ocrx_word' id='word_1_551' title='bbox 2846 397 2942 461; x_wconf 85' lang='lat' dir='ltr'>legi</span> <span class='ocrx_word' id='word_1_552' title='bbox 2965 396 3106 459; x_wconf 73' lang='lat' dir='ltr'>iubet</span> <span class='ocrx_word' id='word_1_553' title='bbox 3130 398 3270 447; x_wconf 81' lang='lat' dir='ltr'>Ponti</span> <span class='ocrx_word' id='word_1_554' title='bbox 3304 398 3467 448; x_wconf 83' lang='lat' dir='ltr'>Euxini</span> <span class='ocrx_word' id='word_1_555' title='bbox 3492 394 3677 445; x_wconf 82' lang='lat' dir='ltr'>Peri·</span> 
     </span>
     <span class='ocr_line' id='line_1_71' title="bbox 2070 465 3681 530; baseline 0.001 -18"><span class='ocrx_word' id='word_1_556' title='bbox 2070 465 2206 527; x_wconf 91' lang='lat' dir='ltr'>plum</span> <span class='ocrx_word' id='word_1_557' title='bbox 2243 480 2289 529; x_wconf 88' lang='lat' dir='ltr'>p.</span> <span class='ocrx_word' id='word_1_558' title='bbox 2328 470 2412 516; x_wconf 81' lang='grc'>163</span> <span class='ocrx_word' id='word_1_559' title='bbox 2437 479 2560 528; x_wconf 63' lang='lat' dir='ltr'>seq„</span> <span class='ocrx_word' id='word_1_560' title='bbox 2581 467 2799 530; x_wconf 81' lang='lat' dir='ltr'>xenoph.</span> <span class='ocrx_word' id='word_1_561' title='bbox 2822 468 2973 517; x_wconf 82' lang='lat' dir='ltr'>Anah.</span> <span class='ocrx_word' id='word_1_562' title='bbox 3002 470 3116 528; x_wconf 87' lang='lat' dir='ltr'>vll,</span> <span class='ocrx_word' id='word_1_563' title='bbox 3151 475 3199 526; x_wconf 85' lang='lat'>5,</span> <span class='ocrx_word' id='word_1_564' title='bbox 3229 472 3303 527; x_wconf 90' lang='grc'>12,</span> <span class='ocrx_word' id='word_1_565' title='bbox 3327 468 3481 517; x_wconf 82' lang='lat' dir='ltr'>strab.</span> <span class='ocrx_word' id='word_1_566' title='bbox 3524 468 3681 521; x_wconf 68' lang='lat' dir='ltr'>vll.</span> 
     </span>
     <span class='ocr_line' id='line_1_72' title="bbox 2070 536 3677 601; baseline -0.001 -16"><span class='ocrx_word' id='word_1_567' title='bbox 2070 550 2117 598; x_wconf 89' lang='lat' dir='ltr'>p.</span> <span class='ocrx_word' id='word_1_568' title='bbox 2145 542 2254 596; x_wconf 86' lang='grc'>319,</span> <span class='ocrx_word' id='word_1_569' title='bbox 2276 537 2337 586; x_wconf 90' lang='lat' dir='ltr'>al.</span> <span class='ocrx_word' id='word_1_570' title='bbox 2361 537 2548 587; x_wconf 89' lang='lat' dir='ltr'>Deinde</span> <span class='ocrx_word' id='word_1_571' title='bbox 2566 540 2833 587; x_wconf 81' lang='grc' dir='ltr'><strong>Ποντιάδων</strong></span> <span class='ocrx_word' id='word_1_572' title='bbox 2852 538 3017 589; x_wconf 88' lang='lat' dir='ltr'>scribit</span> <span class='ocrx_word' id='word_1_573' title='bbox 3038 552 3151 588; x_wconf 90' lang='lat' dir='ltr'>cum</span> <span class='ocrx_word' id='word_1_574' title='bbox 3170 537 3457 588; x_wconf 86' lang='lat' dir='ltr'>Ruhnkenio</span> <span class='ocrx_word' id='word_1_575' title='bbox 3472 536 3677 601; x_wconf 77' lang='lat' dir='ltr'>Epist.</span> 
     </span>
     <span class='ocr_line' id='line_1_73' title="bbox 2072 606 3683 674; baseline 0.003 -19"><span class='ocrx_word' id='word_1_576' title='bbox 2072 607 2180 656; x_wconf 87' lang='lat' dir='ltr'>crit.</span> <span class='ocrx_word' id='word_1_577' title='bbox 2205 622 2252 671; x_wconf 88' lang='lat' dir='ltr'>p.</span> <span class='ocrx_word' id='word_1_578' title='bbox 2290 612 2370 657; x_wconf 86' lang='grc'>121</span> <span class='ocrx_word' id='word_1_579' title='bbox 2394 648 2406 667; x_wconf 93' lang='grc'><strong>,</strong></span> <span class='ocrx_word' id='word_1_580' title='bbox 2427 606 2491 657; x_wconf 90' lang='lat' dir='ltr'>de</span> <span class='ocrx_word' id='word_1_581' title='bbox 2520 608 2659 659; x_wconf 86' lang='lat' dir='ltr'>Ponti</span> <span class='ocrx_word' id='word_1_582' title='bbox 2683 608 2875 658; x_wconf 86' lang='lat' dir='ltr'>insulis.</span> <span class='ocrx_word' id='word_1_583' title='bbox 2900 612 2957 659; x_wconf 87' lang='lat' dir='ltr'>In</span> <span class='ocrx_word' id='word_1_584' title='bbox 2987 610 3158 659; x_wconf 80' lang='lat' dir='ltr'>eadem</span> <span class='ocrx_word' id='word_1_585' title='bbox 3186 624 3395 674; x_wconf 87' lang='lat' dir='ltr'>prorsus</span> <span class='ocrx_word' id='word_1_586' title='bbox 3412 612 3683 671; x_wconf 72' lang='lat' dir='ltr'>tempore</span> 
     </span>
     <span class='ocr_line' id='line_1_74' title="bbox 2072 675 3685 744; baseline 0 -19"><span class='ocrx_word' id='word_1_587' title='bbox 2072 675 2245 725; x_wconf 89' lang='lat' dir='ltr'>eodem</span> <span class='ocrx_word' id='word_1_588' title='bbox 2262 675 2433 727; x_wconf 85' lang='lat' dir='ltr'>incidit</span> <span class='ocrx_word' id='word_1_589' title='bbox 2446 676 2715 726; x_wconf 84' lang='lat' dir='ltr'>Lobecldus</span> <span class='ocrx_word' id='word_1_590' title='bbox 2738 678 2983 743; x_wconf 82' lang='lat' dir='ltr'>Patholog.</span> <span class='ocrx_word' id='word_1_591' title='bbox 3004 680 3187 743; x_wconf 84' lang='lat' dir='ltr'>proleg.</span> <span class='ocrx_word' id='word_1_592' title='bbox 3216 693 3267 744; x_wconf 89' lang='lat' dir='ltr'>p.</span> <span class='ocrx_word' id='word_1_593' title='bbox 3298 683 3405 730; x_wconf 78' lang='grc'><strong>524.</strong></span> <span class='ocrx_word' id='word_1_594' title='bbox 3418 707 3479 715; x_wconf 94' lang='grc'><strong>-</strong></span> <span class='ocrx_word' id='word_1_595' title='bbox 3498 686 3537 729; x_wconf 82' lang='lat'>5</span> <span class='ocrx_word' id='word_1_596' title='bbox 3556 684 3685 725; x_wconf 71' lang='grc' dir='ltr'><strong>«κοῦ</strong></span> 
     </span>
     <span class='ocr_line' id='line_1_75' title="bbox 2074 744 3687 811; baseline 0.002 -17"><span class='ocrx_word' id='word_1_597' title='bbox 2074 744 2195 795; x_wconf 87' lang='lat' dir='ltr'>Cod.</span> <span class='ocrx_word' id='word_1_598' title='bbox 2226 746 2379 807; x_wconf 74' lang='lat' dir='ltr'>Cuius</span> <span class='ocrx_word' id='word_1_599' title='bbox 2414 746 2465 795; x_wconf 91' lang='lat' dir='ltr'>in</span> <span class='ocrx_word' id='word_1_600' title='bbox 2506 760 2659 811; x_wconf 84' lang='lat' dir='ltr'>marg.</span> <span class='ocrx_word' id='word_1_601' title='bbox 2696 748 2935 811; x_wconf 88' lang='lat' dir='ltr'>scriptum</span> <span class='ocrx_word' id='word_1_602' title='bbox 2971 770 2983 797; x_wconf 73' lang='grc' dir='ltr'><strong>ε</strong></span> <span class='ocrx_word' id='word_1_603' title='bbox 3019 752 3105 804; x_wconf 82' lang='grc' dir='ltr'><strong>ἔως</strong></span> <span class='ocrx_word' id='word_1_604' title='bbox 3138 751 3231 799; x_wconf 82' lang='grc' dir='ltr'>ὦδε</span> <span class='ocrx_word' id='word_1_605' title='bbox 3268 751 3553 808; x_wconf 62' lang='grc' dir='ltr'><strong>ἀντεὸλήῆη-</strong></span> <span class='ocrx_word' id='word_1_606' title='bbox 3602 774 3687 783; x_wconf 85' lang='lat'>—·</span> 
     </span>
     <span class='ocr_line' id='line_1_76' title="bbox 2074 815 3685 883; baseline 0 -18"><span class='ocrx_word' id='word_1_607' title='bbox 2074 824 2119 865; x_wconf 83' lang='lat'>6.</span> <span class='ocrx_word' id='word_1_608' title='bbox 2148 815 2255 866; x_wconf 82' lang='grc' dir='ltr'>Ἐπ’</span> <span class='ocrx_word' id='word_1_609' title='bbox 2274 818 2460 873; x_wconf 73' lang='grc' dir='ltr'><strong>ἀξείνου</strong></span> <span class='ocrx_word' id='word_1_610' title='bbox 2486 816 2548 867; x_wconf 87' lang='lat' dir='ltr'>ad</span> <span class='ocrx_word' id='word_1_611' title='bbox 2578 818 2687 867; x_wconf 76' lang='lat' dir='ltr'>loca</span> <span class='ocrx_word' id='word_1_612' title='bbox 2714 817 2765 866; x_wconf 90' lang='lat' dir='ltr'>in</span> <span class='ocrx_word' id='word_1_613' title='bbox 2784 832 2929 869; x_wconf 87' lang='lat' dir='ltr'>versu</span> <span class='ocrx_word' id='word_1_614' title='bbox 2947 823 2976 868; x_wconf 83' lang='lat'><strong>4</strong></span> <span class='ocrx_word' id='word_1_615' title='bbox 2996 824 3375 869; x_wconf 81' lang='lat' dir='ltr'>commemorata</span> <span class='ocrx_word' id='word_1_616' title='bbox 3395 820 3685 883; x_wconf 66' lang='lat' dir='ltr'>respicere</span> 
     </span>
     <span class='ocr_line' id='line_1_77' title="bbox 2074 886 3477 955; baseline 0.003 -20"><span class='ocrx_word' id='word_1_617' title='bbox 2074 886 2282 949; x_wconf 85' lang='lat' dir='ltr'>ejusque</span> <span class='ocrx_word' id='word_1_618' title='bbox 2303 888 2655 939; x_wconf 84' lang='lat' dir='ltr'>correctionem</span> <span class='ocrx_word' id='word_1_619' title='bbox 2672 888 2961 939; x_wconf 82' lang='lat' dir='ltr'>confirmare</span> <span class='ocrx_word' id='word_1_620' title='bbox 2986 889 3217 941; x_wconf 79' lang='lat' dir='ltr'>observat</span> <span class='ocrx_word' id='word_1_621' title='bbox 3242 893 3477 955; x_wconf 83' lang='lat' dir='ltr'>Ungerus.</span> 
     </span>
    </p>
   </div>
   <div class='ocr_carea' id='block_1_18' title="bbox 2078 1024 3681 1365">
    <p class='ocr_par' dir='ltr' id='par_1_18' title="bbox 2078 1024 3681 1365">
     <span class='ocr_line' id='line_1_78' title="bbox 2136 1024 3681 1088; baseline 0.001 -17"><span class='ocrx_word' id='word_1_622' title='bbox 2136 1024 2439 1073; x_wconf 80' lang='lat' dir='ltr'>cnxcvnl.</span> <span class='ocrx_word' id='word_1_623' title='bbox 2475 1026 2676 1074; x_wconf 80' lang='lat' dir='ltr'>Lemma</span> <span class='ocrx_word' id='word_1_624' title='bbox 2715 1046 2727 1073; x_wconf 74' lang='grc' dir='ltr'><strong>ι</strong></span> <span class='ocrx_word' id='word_1_625' title='bbox 2768 1027 2831 1082; x_wconf 86' lang='grc' dir='ltr'>εἰς</span> <span class='ocrx_word' id='word_1_626' title='bbox 2861 1025 3047 1088; x_wconf 79' lang='grc' dir='ltr'><strong>Δάμιδα</strong></span> <span class='ocrx_word' id='word_1_627' title='bbox 3084 1029 3164 1076; x_wconf 86' lang='grc' dir='ltr'>τὸν</span> <span class='ocrx_word' id='word_1_628' title='bbox 3198 1029 3399 1084; x_wconf 79' lang='grc' dir='ltr'><strong>Νησαὲα</strong></span> <span class='ocrx_word' id='word_1_629' title='bbox 3432 1027 3681 1087; x_wconf 76' lang='grc' dir='ltr'><strong>ναυηγὸ·.ι</strong></span> 
     </span>
     <span class='ocr_line' id='line_1_79' title="bbox 2078 1092 3677 1159; baseline 0.002 -18"><span class='ocrx_word' id='word_1_630' title='bbox 2078 1092 2162 1151; x_wconf 89' lang='lat' dir='ltr'>(et</span> <span class='ocrx_word' id='word_1_631' title='bbox 2192 1105 2223 1141; x_wconf 89' lang='lat' dir='ltr'>a</span> <span class='ocrx_word' id='word_1_632' title='bbox 2248 1096 2521 1143; x_wconf 87' lang='lat' dir='ltr'>correctore</span> <span class='ocrx_word' id='word_1_633' title='bbox 2542 1093 2763 1144; x_wconf 87' lang='lat' dir='ltr'>additum</span> <span class='ocrx_word' id='word_1_634' title='bbox 2788 1114 2800 1143; x_wconf 90' lang='lat'>:</span> <span class='ocrx_word' id='word_1_635' title='bbox 2822 1096 2838 1155; x_wconf 93' lang='lat'>)</span> <span class='ocrx_word' id='word_1_636' title='bbox 2864 1096 2957 1143; x_wconf 82' lang='grc' dir='ltr'>ὑπὸ</span> <span class='ocrx_word' id='word_1_637' title='bbox 2975 1097 3153 1159; x_wconf 83' lang='grc' dir='ltr'><strong>ψύχους</strong></span> <span class='ocrx_word' id='word_1_638' title='bbox 3185 1098 3543 1153; x_wconf 70' lang='grc' dir='ltr'><strong>τελευτήσαντα.</strong></span> <span class='ocrx_word' id='word_1_639' title='bbox 3594 1120 3677 1131; x_wconf 85' lang='lat'>—-·</span> 
     </span>
     <span class='ocr_line' id='line_1_80' title="bbox 2084 1164 3679 1230; baseline 0.002 -19"><span class='ocrx_word' id='word_1_640' title='bbox 2084 1167 2102 1211; x_wconf 88' lang='lat'>1</span> <span class='ocrx_word' id='word_1_641' title='bbox 2138 1164 2272 1227; x_wconf 80' lang='grc' dir='ltr'><strong>δάμις</strong></span> <span class='ocrx_word' id='word_1_642' title='bbox 2296 1166 2321 1213; x_wconf 81' lang='grc' dir='ltr'>ὁ</span> <span class='ocrx_word' id='word_1_643' title='bbox 2348 1166 2546 1222; x_wconf 79' lang='grc' dir='ltr'><strong>νησαεὺς</strong></span> <span class='ocrx_word' id='word_1_644' title='bbox 2580 1165 2723 1225; x_wconf 83' lang='lat' dir='ltr'>cod.;</span> <span class='ocrx_word' id='word_1_645' title='bbox 2761 1168 2975 1223; x_wconf 79' lang='grc' dir='ltr'><strong>νησαιεὺς</strong></span> <span class='ocrx_word' id='word_1_646' title='bbox 3001 1166 3219 1230; x_wconf 81' lang='lat' dir='ltr'>optimus</span> <span class='ocrx_word' id='word_1_647' title='bbox 3252 1165 3633 1230; x_wconf 82' lang='lat' dir='ltr'>planudeomm</span> <span class='ocrx_word' id='word_1_648' title='bbox 3662 1202 3679 1222; x_wconf 90' lang='grc'><strong>,</strong></span> 
     </span>
     <span class='ocr_line' id='line_1_81' title="bbox 2078 1234 3679 1299; baseline 0.001 -16"><span class='ocrx_word' id='word_1_649' title='bbox 2078 1234 2229 1284; x_wconf 78' lang='lat' dir='ltr'>ceteri</span> <span class='ocrx_word' id='word_1_650' title='bbox 2283 1236 2509 1295; x_wconf 80' lang='grc' dir='ltr'><strong>Νικαεὺς,</strong></span> <span class='ocrx_word' id='word_1_651' title='bbox 2546 1236 2663 1285; x_wconf 80' lang='lat' dir='ltr'>eod.</span> <span class='ocrx_word' id='word_1_652' title='bbox 2718 1239 2857 1285; x_wconf 81' lang='lat' dir='ltr'>Lasc.</span> <span class='ocrx_word' id='word_1_653' title='bbox 2907 1238 3154 1298; x_wconf 73' lang='grc' dir='ltr'><strong>Νικαιεὺς,</strong></span> <span class='ocrx_word' id='word_1_654' title='bbox 3212 1247 3360 1299; x_wconf 81' lang='lat' dir='ltr'>quem</span> <span class='ocrx_word' id='word_1_655' title='bbox 3410 1238 3679 1299; x_wconf 71' lang='lat' dir='ltr'>sequitur</span> 
     </span>
     <span class='ocr_line' id='line_1_82' title="bbox 2080 1304 3675 1365; baseline 0.003 -14"><span class='ocrx_word' id='word_1_656' title='bbox 2080 1304 2305 1365; x_wconf 61' lang='lat' dir='ltr'>Brundi„</span> <span class='ocrx_word' id='word_1_657' title='bbox 2327 1308 2539 1361; x_wconf 78' lang='grc' dir='ltr'><strong>Νυσαεὺς</strong></span> <span class='ocrx_word' id='word_1_658' title='bbox 2555 1306 2829 1363; x_wconf 85' lang='lat' dir='ltr'>Jacobsius‚</span> <span class='ocrx_word' id='word_1_659' title='bbox 2854 1310 3079 1361; x_wconf 75' lang='grc' dir='ltr'><strong>Νυσαιεὺς</strong></span> <span class='ocrx_word' id='word_1_660' title='bbox 3100 1306 3302 1357; x_wconf 83' lang='lat' dir='ltr'>Meinek.</span> <span class='ocrx_word' id='word_1_661' title='bbox 3323 1307 3389 1358; x_wconf 92' lang='lat' dir='ltr'>ob</span> <span class='ocrx_word' id='word_1_662' title='bbox 3402 1312 3675 1357; x_wconf 87' lang='lat' dir='ltr'>metrum-</span> 
     </span>
    </p>
   </div>
   <div class='ocr_carea' id='block_1_19' title="bbox 2030 1370 3673 1457">
    <p class='ocr_par' dir='ltr' id='par_1_19' title="bbox 2030 1370 3673 1457">
     <span class='ocr_line' id='line_1_83' title="bbox 2030 1370 3673 1457; baseline 0.001 -33"><span class='ocrx_word' id='word_1_663' title='bbox 2030 1370 2037 1457; x_wconf 56' lang='lat' dir='ltr'>l</span> <span class='ocrx_word' id='word_1_664' title='bbox 2078 1400 2141 1410; x_wconf 90' lang='lat'>—-</span> <span class='ocrx_word' id='word_1_665' title='bbox 2176 1380 2204 1425; x_wconf 88' lang='grc'>3</span> <span class='ocrx_word' id='word_1_666' title='bbox 2223 1377 2411 1439; x_wconf 77' lang='grc' dir='ltr'><strong>φορτίδα</strong></span> <span class='ocrx_word' id='word_1_667' title='bbox 2434 1376 2701 1440; x_wconf 85' lang='lat' dir='ltr'>legebatur,</span> <span class='ocrx_word' id='word_1_668' title='bbox 2727 1376 2788 1426; x_wconf 91' lang='lat' dir='ltr'>de</span> <span class='ocrx_word' id='word_1_669' title='bbox 2807 1390 2903 1439; x_wconf 86' lang='lat' dir='ltr'>quo</span> <span class='ocrx_word' id='word_1_670' title='bbox 2922 1376 3191 1427; x_wconf 85' lang='lat' dir='ltr'>rectissime</span> <span class='ocrx_word' id='word_1_671' title='bbox 3208 1377 3414 1427; x_wconf 80' lang='lat' dir='ltr'>Meinek.</span> <span class='ocrx_word' id='word_1_672' title='bbox 3432 1391 3484 1441; x_wconf 90' lang='lat' dir='ltr'>p.</span> <span class='ocrx_word' id='word_1_673' title='bbox 3510 1382 3621 1427; x_wconf 84' lang='grc'>213</span> <span class='ocrx_word' id='word_1_674' title='bbox 3658 1398 3673 1425; x_wconf 89' lang='lat'>:</span> 
     </span>
    </p>
   </div>
   <div class='ocr_carea' id='block_1_20' title="bbox 2079 1446 3675 2636">
    <p class='ocr_par' dir='ltr' id='par_1_20' title="bbox 2079 1446 3675 2636">
     <span class='ocr_line' id='line_1_84' title="bbox 2084 1446 3675 1511; baseline 0 -16"><span class='ocrx_word' id='word_1_675' title='bbox 2084 1466 2107 1489; x_wconf 74' lang='lat' dir='ltr'>a</span> <span class='ocrx_word' id='word_1_676' title='bbox 2142 1446 2305 1496; x_wconf 88' lang='lat' dir='ltr'>Minus</span> <span class='ocrx_word' id='word_1_677' title='bbox 2329 1446 2585 1497; x_wconf 90' lang='lat' dir='ltr'>commode</span> <span class='ocrx_word' id='word_1_678' title='bbox 2610 1450 2754 1511; x_wconf 88' lang='lat' dir='ltr'>poeta</span> <span class='ocrx_word' id='word_1_679' title='bbox 2784 1459 2961 1496; x_wconf 80' lang='lat' dir='ltr'>navem</span> <span class='ocrx_word' id='word_1_680' title='bbox 2992 1460 3140 1509; x_wconf 86' lang='lat' dir='ltr'>quam</span> <span class='ocrx_word' id='word_1_681' title='bbox 3170 1447 3316 1497; x_wconf 92' lang='lat' dir='ltr'>modo</span> <span class='ocrx_word' id='word_1_682' title='bbox 3348 1450 3493 1511; x_wconf 81' lang='grc' dir='ltr'><strong>ἑλαχὺ</strong></span> <span class='ocrx_word' id='word_1_683' title='bbox 3524 1449 3675 1497; x_wconf 73' lang='grc' dir='ltr'>σιά-</span> 
     </span>
     <span class='ocr_line' id='line_1_85' title="bbox 2080 1518 3675 1581; baseline -0.001 -14"><span class='ocrx_word' id='word_1_684' title='bbox 2080 1536 2159 1577; x_wconf 76' lang='grc' dir='ltr'>φος</span> <span class='ocrx_word' id='word_1_685' title='bbox 2182 1518 2389 1579; x_wconf 83' lang='lat' dir='ltr'>dixerat,</span> <span class='ocrx_word' id='word_1_686' title='bbox 2410 1532 2541 1568; x_wconf 90' lang='lat' dir='ltr'>nunc</span> <span class='ocrx_word' id='word_1_687' title='bbox 2557 1518 2769 1581; x_wconf 85' lang='lat' dir='ltr'>appellat</span> <span class='ocrx_word' id='word_1_688' title='bbox 2781 1519 2969 1580; x_wconf 84' lang='grc' dir='ltr'><strong>φορτίόα</strong></span> <span class='ocrx_word' id='word_1_689' title='bbox 2986 1556 2999 1577; x_wconf 96' lang='grc'><strong>,</strong></span> <span class='ocrx_word' id='word_1_690' title='bbox 3020 1518 3053 1566; x_wconf 92' lang='lat' dir='ltr'>i.</span> <span class='ocrx_word' id='word_1_691' title='bbox 3076 1530 3119 1566; x_wconf 93' lang='lat' dir='ltr'>e.</span> <span class='ocrx_word' id='word_1_692' title='bbox 3144 1518 3415 1567; x_wconf 85' lang='lat' dir='ltr'>onerariam</span> <span class='ocrx_word' id='word_1_693' title='bbox 3432 1518 3675 1581; x_wconf 81' lang='lat' dir='ltr'>ingentis</span> 
     </span>
     <span class='ocr_line' id='line_1_86' title="bbox 2080 1588 3669 1653; baseline -0.002 -15"><span class='ocrx_word' id='word_1_694' title='bbox 2080 1588 2443 1653; x_wconf 85' lang='lat' dir='ltr'>magnitudinis.</span> <span class='ocrx_word' id='word_1_695' title='bbox 2474 1591 2549 1639; x_wconf 87' lang='lat' dir='ltr'>lta</span> <span class='ocrx_word' id='word_1_696' title='bbox 2570 1589 2673 1652; x_wconf 88' lang='lat' dir='ltr'>ipse</span> <span class='ocrx_word' id='word_1_697' title='bbox 2694 1589 2945 1651; x_wconf 78' lang='lat' dir='ltr'>Antipater</span> <span class='ocrx_word' id='word_1_698' title='bbox 2963 1601 3111 1650; x_wconf 88' lang='lat' dir='ltr'>supra</span> <span class='ocrx_word' id='word_1_699' title='bbox 3134 1602 3209 1650; x_wconf 89' lang='lat' dir='ltr'>ep.</span> <span class='ocrx_word' id='word_1_700' title='bbox 3237 1592 3325 1639; x_wconf 84' lang='grc'>287</span> <span class='ocrx_word' id='word_1_701' title='bbox 3355 1589 3431 1637; x_wconf 76' lang='grc' dir='ltr'>ἐπὶ</span> <span class='ocrx_word' id='word_1_702' title='bbox 3464 1589 3669 1650; x_wconf 68' lang='grc' dir='ltr'><strong>φορ-τίει</strong></span> 
     </span>
     <span class='ocr_line' id='line_1_87' title="bbox 2079 1658 3673 1723; baseline 0 -16"><span class='ocrx_word' id='word_1_703' title='bbox 2079 1662 2155 1717; x_wconf 73' lang='grc' dir='ltr'>νηῒ</span> <span class='ocrx_word' id='word_1_704' title='bbox 2188 1660 2391 1723; x_wconf 70' lang='grc' dir='ltr'><strong>ἔμπορον</strong></span> <span class='ocrx_word' id='word_1_705' title='bbox 2424 1660 2624 1723; x_wconf 79' lang='lat' dir='ltr'>opponit</span> <span class='ocrx_word' id='word_1_706' title='bbox 2650 1660 2806 1719; x_wconf 80' lang='grc' dir='ltr'><strong>ὀλίγης</strong></span> <span class='ocrx_word' id='word_1_707' title='bbox 2831 1658 3034 1719; x_wconf 83' lang='grc' dir='ltr'><strong>ναυτίλῳ</strong></span> <span class='ocrx_word' id='word_1_708' title='bbox 3057 1658 3267 1720; x_wconf 78' lang='grc' dir='ltr'><strong>εἰρεσίης.</strong></span> <span class='ocrx_word' id='word_1_709' title='bbox 3290 1658 3457 1707; x_wconf 80' lang='lat' dir='ltr'>Malim</span> <span class='ocrx_word' id='word_1_710' title='bbox 3494 1658 3673 1721; x_wconf 80' lang='lat' dir='ltr'>igitur</span> 
     </span>
     <span class='ocr_line' id='line_1_88' title="bbox 2080 1729 3671 1793; baseline 0 -14"><span class='ocrx_word' id='word_1_711' title='bbox 2080 1731 2271 1793; x_wconf 80' lang='grc' dir='ltr'><strong>φορτία,</strong></span> <span class='ocrx_word' id='word_1_712' title='bbox 2303 1732 2362 1781; x_wconf 80' lang='lat' dir='ltr'>ut</span> <span class='ocrx_word' id='word_1_713' title='bbox 2387 1730 2557 1779; x_wconf 81' lang='lat' dir='ltr'>Darnis</span> <span class='ocrx_word' id='word_1_714' title='bbox 2594 1742 2781 1779; x_wconf 86' lang='lat' dir='ltr'>merces</span> <span class='ocrx_word' id='word_1_715' title='bbox 2805 1733 2855 1778; x_wconf 90' lang='lat' dir='ltr'>et</span> <span class='ocrx_word' id='word_1_716' title='bbox 2890 1731 3115 1777; x_wconf 78' lang='lat' dir='ltr'>vectores</span> <span class='ocrx_word' id='word_1_717' title='bbox 3152 1729 3314 1777; x_wconf 87' lang='lat' dir='ltr'>salvos</span> <span class='ocrx_word' id='word_1_718' title='bbox 3352 1730 3671 1792; x_wconf 72' lang='lat' dir='ltr'>praestitisse</span> 
     </span>
     <span class='ocr_line' id='line_1_89' title="bbox 2080 1798 3663 1863; baseline 0.001 -16"><span class='ocrx_word' id='word_1_719' title='bbox 2080 1798 2289 1848; x_wconf 86' lang='lat' dir='ltr'>dicatur.</span> <span class='ocrx_word' id='word_1_720' title='bbox 2317 1818 2341 1843; x_wconf 81' lang='lat'>»</span> <span class='ocrx_word' id='word_1_721' title='bbox 2376 1805 2445 1847; x_wconf 79' lang='lat' dir='ltr'>Ac</span> <span class='ocrx_word' id='word_1_722' title='bbox 2464 1798 2679 1849; x_wconf 83' lang='lat' dir='ltr'>reddidit</span> <span class='ocrx_word' id='word_1_723' title='bbox 2702 1800 2805 1863; x_wconf 85' lang='lat' dir='ltr'>jam</span> <span class='ocrx_word' id='word_1_724' title='bbox 2839 1798 3055 1848; x_wconf 88' lang='lat' dir='ltr'>Grotius.</span> <span class='ocrx_word' id='word_1_725' title='bbox 3090 1826 3153 1835; x_wconf 94' lang='lat'><strong>—</strong></span> <span class='ocrx_word' id='word_1_726' title='bbox 3176 1808 3204 1849; x_wconf 86' lang='lat'><strong>5</strong></span> <span class='ocrx_word' id='word_1_727' title='bbox 3240 1800 3461 1859; x_wconf 74' lang='grc' dir='ltr'><strong>ἀσκηθεὶς</strong></span> <span class='ocrx_word' id='word_1_728' title='bbox 3496 1801 3663 1855; x_wconf 76' lang='lat' dir='ltr'>eod..</span> 
     </span>
     <span class='ocr_line' id='line_1_90' title="bbox 2084 1870 3669 1933; baseline 0.001 -16"><span class='ocrx_word' id='word_1_729' title='bbox 2084 1883 2209 1918; x_wconf 91' lang='lat' dir='ltr'>corr.</span> <span class='ocrx_word' id='word_1_730' title='bbox 2238 1870 2541 1933; x_wconf 59' lang='lat' dir='ltr'>Stephanum</span> <span class='ocrx_word' id='word_1_731' title='bbox 2564 1872 2769 1929; x_wconf 74' lang='grc' dir='ltr'><strong>ἀσκηθὴς</strong></span> <span class='ocrx_word' id='word_1_732' title='bbox 2792 1872 2925 1920; x_wconf 85' lang='lat' dir='ltr'>Plan.</span> <span class='ocrx_word' id='word_1_733' title='bbox 2954 1890 2977 1913; x_wconf 75' lang='grc' dir='ltr'><strong>α</strong></span> <span class='ocrx_word' id='word_1_734' title='bbox 3003 1870 3184 1933; x_wconf 81' lang='lat' dir='ltr'>lnjuria</span> <span class='ocrx_word' id='word_1_735' title='bbox 3212 1870 3445 1929; x_wconf 79' lang='lat' dir='ltr'>sortasse.</span> <span class='ocrx_word' id='word_1_736' title='bbox 3475 1873 3529 1919; x_wconf 88' lang='lat' dir='ltr'>at</span> <span class='ocrx_word' id='word_1_737' title='bbox 3550 1870 3669 1919; x_wconf 73' lang='lat' dir='ltr'>hae-</span> 
     </span>
     <span class='ocr_line' id='line_1_91' title="bbox 2084 1940 3665 2005; baseline -0.001 -16"><span class='ocrx_word' id='word_1_738' title='bbox 2084 1953 2167 1989; x_wconf 89' lang='lat' dir='ltr'>reo</span> <span class='ocrx_word' id='word_1_739' title='bbox 2188 1943 2353 1991; x_wconf 85' lang='lat' dir='ltr'>tamen</span> <span class='ocrx_word' id='word_1_740' title='bbox 2375 1941 2425 1989; x_wconf 90' lang='lat' dir='ltr'>in</span> <span class='ocrx_word' id='word_1_741' title='bbox 2448 1940 2609 1989; x_wconf 90' lang='lat' dir='ltr'>verbis</span> <span class='ocrx_word' id='word_1_742' title='bbox 2641 1942 2716 1990; x_wconf 71' lang='grc' dir='ltr'><strong>επὶ</strong></span> <span class='ocrx_word' id='word_1_743' title='bbox 2748 1944 2960 2005; x_wconf 82' lang='grc' dir='ltr'><strong>πέτραις,</strong></span> <span class='ocrx_word' id='word_1_744' title='bbox 2983 1940 3165 2003; x_wconf 86' lang='lat' dir='ltr'>quibus</span> <span class='ocrx_word' id='word_1_745' title='bbox 3198 1940 3313 1990; x_wconf 72' lang='lat' dir='ltr'>vide</span> <span class='ocrx_word' id='word_1_746' title='bbox 3338 1954 3400 1989; x_wconf 86' lang='lat' dir='ltr'>an</span> <span class='ocrx_word' id='word_1_747' title='bbox 3430 1942 3511 1989; x_wconf 78' lang='grc' dir='ltr'>ἐπὶ</span> <span class='ocrx_word' id='word_1_748' title='bbox 3548 1941 3665 1989; x_wconf 77' lang='lat' dir='ltr'>llei-</span> 
     </span>
     <span class='ocr_line' id='line_1_92' title="bbox 2082 2010 3663 2075; baseline 0.001 -18"><span class='ocrx_word' id='word_1_749' title='bbox 2082 2026 2208 2073; x_wconf 66' lang='grc' dir='ltr'><strong>τροις</strong></span> <span class='ocrx_word' id='word_1_750' title='bbox 2245 2010 2641 2061; x_wconf 86' lang='lat' dir='ltr'>substituendum</span> <span class='ocrx_word' id='word_1_751' title='bbox 2679 2012 2763 2061; x_wconf 87' lang='lat' dir='ltr'>sit.</span> <span class='ocrx_word' id='word_1_752' title='bbox 2806 2014 3187 2075; x_wconf 81' lang='lat' dir='ltr'>Peloponnesum</span> <span class='ocrx_word' id='word_1_753' title='bbox 3218 2013 3345 2061; x_wconf 90' lang='lat' dir='ltr'>enim</span> <span class='ocrx_word' id='word_1_754' title='bbox 3384 2024 3541 2074; x_wconf 86' lang='lat' dir='ltr'>quum</span> <span class='ocrx_word' id='word_1_755' title='bbox 3584 2024 3663 2059; x_wconf 83' lang='lat' dir='ltr'>ex</span> 
     </span>
     <span class='ocr_line' id='line_1_93' title="bbox 2084 2079 3665 2143; baseline 0 -16"><span class='ocrx_word' id='word_1_756' title='bbox 2084 2079 2219 2129; x_wconf 82' lang='lat' dir='ltr'>Ionio</span> <span class='ocrx_word' id='word_1_757' title='bbox 2242 2079 2361 2128; x_wconf 88' lang='lat' dir='ltr'>mari</span> <span class='ocrx_word' id='word_1_758' title='bbox 2394 2084 2546 2129; x_wconf 89' lang='lat' dir='ltr'>nauta</span> <span class='ocrx_word' id='word_1_759' title='bbox 2570 2084 2783 2143; x_wconf 76' lang='lat' dir='ltr'>peteret,</span> <span class='ocrx_word' id='word_1_760' title='bbox 2804 2096 2899 2130; x_wconf 90' lang='lat' dir='ltr'>non</span> <span class='ocrx_word' id='word_1_761' title='bbox 2919 2079 3233 2143; x_wconf 84' lang='lat' dir='ltr'>improbabile</span> <span class='ocrx_word' id='word_1_762' title='bbox 3266 2080 3414 2129; x_wconf 87' lang='lat' dir='ltr'>estin</span> <span class='ocrx_word' id='word_1_763' title='bbox 3440 2082 3665 2128; x_wconf 81' lang='lat' dir='ltr'>Patren-</span> 
     </span>
     <span class='ocr_line' id='line_1_94' title="bbox 2084 2150 3663 2213; baseline 0 -16"><span class='ocrx_word' id='word_1_764' title='bbox 2084 2162 2187 2198; x_wconf 89' lang='lat' dir='ltr'>sem</span> <span class='ocrx_word' id='word_1_765' title='bbox 2214 2152 2409 2211; x_wconf 89' lang='lat' dir='ltr'>portum</span> <span class='ocrx_word' id='word_1_766' title='bbox 2442 2150 2659 2201; x_wconf 86' lang='lat' dir='ltr'>delatum</span> <span class='ocrx_word' id='word_1_767' title='bbox 2687 2164 2811 2201; x_wconf 82' lang='lat' dir='ltr'>esse.</span> <span class='ocrx_word' id='word_1_768' title='bbox 2848 2173 2872 2195; x_wconf 76' lang='grc' dir='ltr'>ι»</span> <span class='ocrx_word' id='word_1_769' title='bbox 2893 2150 3116 2201; x_wconf 67' lang='grc' dir='ltr'>11Ιεὶ11811.</span> <span class='ocrx_word' id='word_1_770' title='bbox 3156 2176 3214 2187; x_wconf 89' lang='grc'><strong>-</strong></span> <span class='ocrx_word' id='word_1_771' title='bbox 3244 2158 3275 2200; x_wconf 81' lang='lat'><strong>6</strong></span> <span class='ocrx_word' id='word_1_772' title='bbox 3299 2154 3469 2213; x_wconf 80' lang='grc' dir='ltr'><strong>ψυχῶν</strong></span> <span class='ocrx_word' id='word_1_773' title='bbox 3496 2150 3663 2207; x_wconf 84' lang='lat' dir='ltr'>Cod.‚</span> 
     </span>
     <span class='ocr_line' id='line_1_95' title="bbox 2084 2221 3659 2284; baseline 0.001 -16"><span class='ocrx_word' id='word_1_774' title='bbox 2084 2236 2110 2281; x_wconf 91' lang='grc' dir='ltr'><strong>ρ</strong></span> <span class='ocrx_word' id='word_1_775' title='bbox 2138 2221 2463 2283; x_wconf 88' lang='lat' dir='ltr'>superposito.</span> <span class='ocrx_word' id='word_1_776' title='bbox 2487 2246 2548 2259; x_wconf 93' lang='lat'>-—</span> <span class='ocrx_word' id='word_1_777' title='bbox 2565 2226 2592 2273; x_wconf 86' lang='lat'><strong>7</strong></span> <span class='ocrx_word' id='word_1_778' title='bbox 2628 2224 2774 2284; x_wconf 80' lang='grc' dir='ltr'><strong>ἡμέας</strong></span> <span class='ocrx_word' id='word_1_779' title='bbox 2802 2225 2829 2271; x_wconf 88' lang='grc' dir='ltr'>ὁ</span> <span class='ocrx_word' id='word_1_780' title='bbox 2866 2221 3008 2282; x_wconf 88' lang='lat' dir='ltr'>Cod.;</span> <span class='ocrx_word' id='word_1_781' title='bbox 3034 2222 3065 2280; x_wconf 81' lang='grc' dir='ltr'>ἦ</span> <span class='ocrx_word' id='word_1_782' title='bbox 3090 2222 3237 2283; x_wconf 77' lang='grc' dir='ltr'><strong>μύσας</strong></span> <span class='ocrx_word' id='word_1_783' title='bbox 3266 2222 3293 2269; x_wconf 83' lang='grc' dir='ltr'><strong>ὀ</strong></span> <span class='ocrx_word' id='word_1_784' title='bbox 3336 2222 3489 2277; x_wconf 60' lang='lat' dir='ltr'>Plan„</span> <span class='ocrx_word' id='word_1_785' title='bbox 3516 2234 3659 2269; x_wconf 81' lang='lat' dir='ltr'>corr.</span> 
     </span>
     <span class='ocr_line' id='line_1_96' title="bbox 2085 2290 3663 2353; baseline -0.001 -13"><span class='ocrx_word' id='word_1_786' title='bbox 2085 2290 2335 2340; x_wconf 81' lang='lat' dir='ltr'>Brodaeus.</span> <span class='ocrx_word' id='word_1_787' title='bbox 2368 2312 2391 2334; x_wconf 73' lang='grc' dir='ltr'>«ι</span> <span class='ocrx_word' id='word_1_788' title='bbox 2410 2293 2652 2353; x_wconf 83' lang='grc' dir='ltr'><strong>Ἦμύσας,</strong></span> <span class='ocrx_word' id='word_1_789' title='bbox 2680 2292 3015 2352; x_wconf 75' lang='lat' dir='ltr'>obdormienS,</span> <span class='ocrx_word' id='word_1_790' title='bbox 3050 2292 3229 2353; x_wconf 75' lang='lat' dir='ltr'>capite,</span> <span class='ocrx_word' id='word_1_791' title='bbox 3264 2295 3322 2342; x_wconf 89' lang='lat' dir='ltr'>ut</span> <span class='ocrx_word' id='word_1_792' title='bbox 3346 2292 3663 2339; x_wconf 78' lang='lat' dir='ltr'>dormientes</span> 
     </span>
     <span class='ocr_line' id='line_1_97' title="bbox 2086 2361 3659 2421; baseline 0.001 -11"><span class='ocrx_word' id='word_1_793' title='bbox 2086 2361 2266 2421; x_wconf 85' lang='lat' dir='ltr'>solent,</span> <span class='ocrx_word' id='word_1_794' title='bbox 2308 2361 2522 2411; x_wconf 85' lang='lat' dir='ltr'>demisso</span> <span class='ocrx_word' id='word_1_795' title='bbox 2560 2364 2611 2412; x_wconf 88' lang='lat' dir='ltr'>et</span> <span class='ocrx_word' id='word_1_796' title='bbox 2655 2362 2901 2413; x_wconf 85' lang='lat' dir='ltr'>inclinato.</span> <span class='ocrx_word' id='word_1_797' title='bbox 2946 2364 3087 2410; x_wconf 87' lang='lat' dir='ltr'>conf.</span> <span class='ocrx_word' id='word_1_798' title='bbox 3128 2364 3269 2411; x_wconf 82' lang='lat' dir='ltr'>Hom.</span> <span class='ocrx_word' id='word_1_799' title='bbox 3310 2362 3368 2412; x_wconf 88' lang='lat' dir='ltr'>ll.</span> <span class='ocrx_word' id='word_1_800' title='bbox 3418 2366 3478 2421; x_wconf 89' lang='grc' dir='ltr'>Τ,</span> <span class='ocrx_word' id='word_1_801' title='bbox 3518 2366 3615 2410; x_wconf 77' lang='grc'>404</span> <span class='ocrx_word' id='word_1_802' title='bbox 3642 2376 3659 2411; x_wconf 83' lang='grc'>;</span> 
     </span>
     <span class='ocr_line' id='line_1_98' title="bbox 2087 2430 3661 2493; baseline 0 -14"><span class='ocrx_word' id='word_1_803' title='bbox 2087 2431 2241 2493; x_wconf 80' lang='lat' dir='ltr'>Apoll.</span> <span class='ocrx_word' id='word_1_804' title='bbox 2271 2431 2363 2480; x_wconf 85' lang='lat' dir='ltr'>Rh.</span> <span class='ocrx_word' id='word_1_805' title='bbox 2394 2434 2462 2493; x_wconf 89' lang='grc' dir='ltr'>ΙΙ,</span> <span class='ocrx_word' id='word_1_806' title='bbox 2488 2435 2597 2483; x_wconf 82' lang='grc'>581.</span> <span class='ocrx_word' id='word_1_807' title='bbox 2632 2453 2655 2475; x_wconf 74' lang='lat' dir='ltr'>u</span> <span class='ocrx_word' id='word_1_808' title='bbox 2694 2436 2808 2483; x_wconf 84' lang='lat' dir='ltr'>Jac.</span> <span class='ocrx_word' id='word_1_809' title='bbox 2844 2458 2905 2467; x_wconf 80' lang='lat'>—</span> <span class='ocrx_word' id='word_1_810' title='bbox 2936 2436 2965 2481; x_wconf 84' lang='lat'><strong>8</strong></span> <span class='ocrx_word' id='word_1_811' title='bbox 2992 2432 3091 2487; x_wconf 82' lang='grc' dir='ltr'><strong>ἔδυς</strong></span> <span class='ocrx_word' id='word_1_812' title='bbox 3134 2432 3253 2480; x_wconf 86' lang='lat' dir='ltr'>Cod.</span> <span class='ocrx_word' id='word_1_813' title='bbox 3288 2437 3338 2482; x_wconf 88' lang='lat' dir='ltr'>et</span> <span class='ocrx_word' id='word_1_814' title='bbox 3366 2432 3525 2489; x_wconf 62' lang='lat' dir='ltr'>Plan„</span> <span class='ocrx_word' id='word_1_815' title='bbox 3560 2430 3661 2479; x_wconf 85' lang='lat' dir='ltr'>sed</span> 
     </span>
     <span class='ocr_line' id='line_1_99' title="bbox 2087 2501 3663 2565; baseline 0 -16"><span class='ocrx_word' id='word_1_816' title='bbox 2087 2502 2165 2550; x_wconf 76' lang='grc' dir='ltr'><strong>ἔδυ</strong></span> <span class='ocrx_word' id='word_1_817' title='bbox 2196 2501 2247 2550; x_wconf 90' lang='lat' dir='ltr'>in</span> <span class='ocrx_word' id='word_1_818' title='bbox 2273 2501 2383 2551; x_wconf 85' lang='lat' dir='ltr'>Aldi</span> <span class='ocrx_word' id='word_1_819' title='bbox 2423 2502 2639 2565; x_wconf 87' lang='lat' dir='ltr'>quodam</span> <span class='ocrx_word' id='word_1_820' title='bbox 2665 2502 2849 2552; x_wconf 90' lang='lat' dir='ltr'>codice.</span> <span class='ocrx_word' id='word_1_821' title='bbox 2870 2501 2996 2552; x_wconf 85' lang='lat' dir='ltr'>Illud</span> <span class='ocrx_word' id='word_1_822' title='bbox 3031 2502 3228 2552; x_wconf 85' lang='lat' dir='ltr'>Grotius</span> <span class='ocrx_word' id='word_1_823' title='bbox 3264 2506 3537 2564; x_wconf 84' lang='lat' dir='ltr'>utcumque</span> <span class='ocrx_word' id='word_1_824' title='bbox 3568 2515 3663 2549; x_wconf 70' lang='lat' dir='ltr'>ex-</span> 
     </span>
     <span class='ocr_line' id='line_1_100' title="bbox 2085 2572 2642 2636; baseline 0.007 -16"><span class='ocrx_word' id='word_1_825' title='bbox 2085 2572 2289 2636; x_wconf 84' lang='lat' dir='ltr'>pressit,</span> <span class='ocrx_word' id='word_1_826' title='bbox 2313 2574 2542 2624; x_wconf 88' lang='lat' dir='ltr'>omittens</span> <span class='ocrx_word' id='word_1_827' title='bbox 2559 2575 2642 2624; x_wconf 79' lang='grc' dir='ltr'><strong>ἰδέ.</strong></span> 
     </span>
    </p>
   </div>
   <div class='ocr_carea' id='block_1_21' title="bbox 2089 2701 3663 2908">
    <p class='ocr_par' dir='ltr' id='par_1_21' title="bbox 2089 2701 3663 2908">
     <span class='ocr_line' id='line_1_101' title="bbox 2152 2701 3663 2763; baseline -0.004 -10"><span class='ocrx_word' id='word_1_828' title='bbox 2152 2705 2396 2753; x_wconf 80' lang='lat' dir='ltr'>CDxclx.</span> <span class='ocrx_word' id='word_1_829' title='bbox 2439 2706 2641 2753; x_wconf 82' lang='lat' dir='ltr'>Lemma</span> <span class='ocrx_word' id='word_1_830' title='bbox 2684 2704 2781 2759; x_wconf 72' lang='grc' dir='ltr'><strong>ιεὶς</strong></span> <span class='ocrx_word' id='word_1_831' title='bbox 2812 2702 3063 2763; x_wconf 75' lang='grc' dir='ltr'><strong>Ἀρίστωνα</strong></span> <span class='ocrx_word' id='word_1_832' title='bbox 3090 2701 3171 2750; x_wconf 76' lang='grc' dir='ltr'>τὸν</span> <span class='ocrx_word' id='word_1_833' title='bbox 3216 2704 3473 2762; x_wconf 75' lang='grc' dir='ltr'><strong>Κυρηναῖον</strong></span> <span class='ocrx_word' id='word_1_834' title='bbox 3513 2716 3663 2755; x_wconf 62' lang='grc' dir='ltr'><strong>ναυη-</strong></span> 
     </span>
     <span class='ocr_line' id='line_1_102' title="bbox 2089 2771 3657 2837; baseline -0.004 -13"><span class='ocrx_word' id='word_1_835' title='bbox 2089 2775 2189 2837; x_wconf 82' lang='grc' dir='ltr'>γόν.</span> <span class='ocrx_word' id='word_1_836' title='bbox 2214 2776 2441 2824; x_wconf 81' lang='lat' dir='ltr'>Mortuus</span> <span class='ocrx_word' id='word_1_837' title='bbox 2469 2774 2707 2837; x_wconf 82' lang='lat' dir='ltr'>loquitur.</span> <span class='ocrx_word' id='word_1_838' title='bbox 2735 2796 2785 2808; x_wconf 90' lang='lat'>-</span> <span class='ocrx_word' id='word_1_839' title='bbox 2817 2779 2844 2822; x_wconf 83' lang='lat'>2</span> <span class='ocrx_word' id='word_1_840' title='bbox 2864 2775 2993 2835; x_wconf 78' lang='grc' dir='ltr'><strong>ὔμμε</strong></span> <span class='ocrx_word' id='word_1_841' title='bbox 3023 2772 3166 2831; x_wconf 62' lang='lat' dir='ltr'>cod„</span> <span class='ocrx_word' id='word_1_842' title='bbox 3200 2771 3408 2820; x_wconf 81' lang='lat' dir='ltr'>alterum</span> <span class='ocrx_word' id='word_1_843' title='bbox 3424 2771 3565 2819; x_wconf 85' lang='lat' dir='ltr'>Plan.</span> <span class='ocrx_word' id='word_1_844' title='bbox 3588 2796 3657 2805; x_wconf 87' lang='lat'>—</span> 
     </span>
     <span class='ocr_line' id='line_1_103' title="bbox 2090 2843 2657 2908; baseline -0.002 -14"><span class='ocrx_word' id='word_1_845' title='bbox 2090 2848 2118 2894; x_wconf 89' lang='grc'><strong>3</strong></span> <span class='ocrx_word' id='word_1_846' title='bbox 2148 2846 2305 2896; x_wconf 86' lang='grc' dir='ltr'><strong>Μὲωνι</strong></span> <span class='ocrx_word' id='word_1_847' title='bbox 2329 2843 2471 2905; x_wconf 62' lang='lat' dir='ltr'>cod„</span> <span class='ocrx_word' id='word_1_848' title='bbox 2497 2844 2657 2908; x_wconf 85' lang='lat' dir='ltr'>lapsu.</span> 
     </span>
    </p>
   </div>
   <div class='ocr_carea' id='block_1_22' title="bbox 2089 2977 3657 3257">
    <p class='ocr_par' dir='ltr' id='par_1_22' title="bbox 2089 2977 3657 3257">
     <span class='ocr_line' id='line_1_104' title="bbox 2152 2977 3655 3041; baseline -0.003 -11"><span class='ocrx_word' id='word_1_849' title='bbox 2152 2983 2209 3030; x_wconf 89' lang='lat' dir='ltr'>D.</span> <span class='ocrx_word' id='word_1_850' title='bbox 2240 2985 2439 3032; x_wconf 81' lang='lat' dir='ltr'>Lemma</span> <span class='ocrx_word' id='word_1_851' title='bbox 2466 2993 2479 3023; x_wconf 65' lang='grc' dir='ltr'><strong><em>τ</em></strong></span> <span class='ocrx_word' id='word_1_852' title='bbox 2512 2982 2575 3036; x_wconf 83' lang='grc' dir='ltr'>εἰς</span> <span class='ocrx_word' id='word_1_853' title='bbox 2596 2981 2804 3028; x_wconf 80' lang='grc' dir='ltr'><strong>Εὔιππον</strong></span> <span class='ocrx_word' id='word_1_854' title='bbox 2830 2981 3032 3038; x_wconf 79' lang='grc' dir='ltr'><strong>ναυηγὸν</strong></span> <span class='ocrx_word' id='word_1_855' title='bbox 3050 3016 3063 3036; x_wconf 94' lang='grc'><strong>,</strong></span> <span class='ocrx_word' id='word_1_856' title='bbox 3086 2981 3186 3028; x_wconf 70' lang='grc' dir='ltr'><strong>υἱὸν</strong></span> <span class='ocrx_word' id='word_1_857' title='bbox 3204 2977 3545 3041; x_wconf 78' lang='grc' dir='ltr'><strong>Μελησαγὸρου</strong></span> <span class='ocrx_word' id='word_1_858' title='bbox 3568 2979 3655 3026; x_wconf 76' lang='grc' dir='ltr'>τὸν</span> 
     </span>
     <span class='ocr_line' id='line_1_105' title="bbox 2089 3047 3657 3113; baseline -0.003 -13"><span class='ocrx_word' id='word_1_859' title='bbox 2089 3053 2219 3100; x_wconf 85' lang='grc' dir='ltr'><strong>Χῖον.</strong></span> <span class='ocrx_word' id='word_1_860' title='bbox 2242 3077 2303 3088; x_wconf 86' lang='grc'>--</span> <span class='ocrx_word' id='word_1_861' title='bbox 2327 3057 2344 3101; x_wconf 86' lang='grc'>1</span> <span class='ocrx_word' id='word_1_862' title='bbox 2382 3053 2514 3101; x_wconf 76' lang='grc' dir='ltr'><strong>εἷπον</strong></span> <span class='ocrx_word' id='word_1_863' title='bbox 2540 3049 2769 3113; x_wconf 82' lang='lat' dir='ltr'>quoedam</span> <span class='ocrx_word' id='word_1_864' title='bbox 2803 3049 3093 3113; x_wconf 66' lang='lat' dir='ltr'>planudeaei</span> <span class='ocrx_word' id='word_1_865' title='bbox 3126 3050 3256 3098; x_wconf 75' lang='grc' dir='ltr'><strong>εἰπὸν</strong></span> <span class='ocrx_word' id='word_1_866' title='bbox 3287 3047 3408 3098; x_wconf 86' lang='lat' dir='ltr'>cod.</span> <span class='ocrx_word' id='word_1_867' title='bbox 3440 3073 3505 3084; x_wconf 90' lang='lat'>—</span> <span class='ocrx_word' id='word_1_868' title='bbox 3542 3056 3569 3094; x_wconf 68' lang='lat'>4</span> <span class='ocrx_word' id='word_1_869' title='bbox 3598 3050 3657 3096; x_wconf 70' lang='grc' dir='ltr'><strong>εὖ</strong></span> 
     </span>
     <span class='ocr_line' id='line_1_106' title="bbox 2089 3118 3653 3182; baseline -0.001 -12"><span class='ocrx_word' id='word_1_870' title='bbox 2089 3123 2237 3171; x_wconf 67' lang='lat' dir='ltr'>tuneo</span> <span class='ocrx_word' id='word_1_871' title='bbox 2274 3121 2392 3172; x_wconf 89' lang='lat' dir='ltr'>Cod.</span> <span class='ocrx_word' id='word_1_872' title='bbox 2429 3121 2551 3170; x_wconf 80' lang='grc' dir='ltr'><strong>Αὐτὸ</strong></span> <span class='ocrx_word' id='word_1_873' title='bbox 2578 3123 2758 3182; x_wconf 87' lang='grc' dir='ltr'><strong>ὄνομα,</strong></span> <span class='ocrx_word' id='word_1_874' title='bbox 2782 3119 2901 3169; x_wconf 85' lang='lat' dir='ltr'>nihil</span> <span class='ocrx_word' id='word_1_875' title='bbox 2922 3118 3015 3169; x_wconf 90' lang='lat' dir='ltr'>nisi</span> <span class='ocrx_word' id='word_1_876' title='bbox 3046 3133 3247 3180; x_wconf 87' lang='lat' dir='ltr'>nomen,</span> <span class='ocrx_word' id='word_1_877' title='bbox 3282 3119 3425 3182; x_wconf 91' lang='lat' dir='ltr'>cippo</span> <span class='ocrx_word' id='word_1_878' title='bbox 3458 3119 3653 3168; x_wconf 66' lang='lat' dir='ltr'>inscub</span> 
     </span>
     <span class='ocr_line' id='line_1_107' title="bbox 2091 3197 2245 3257; baseline -0.013 -14"><span class='ocrx_word' id='word_1_879' title='bbox 2091 3197 2245 3257; x_wconf 87' lang='lat' dir='ltr'>ptum.</span> 
     </span>
    </p>
   </div>
   <div class='ocr_carea' id='block_1_23' title="bbox 2092 3327 3658 3955">
    <p class='ocr_par' dir='ltr' id='par_1_23' title="bbox 2092 3327 3658 3955">
     <span class='ocr_line' id='line_1_108' title="bbox 2156 3327 3658 3391; baseline -0.003 -11"><span class='ocrx_word' id='word_1_880' title='bbox 2156 3334 2241 3381; x_wconf 89' lang='lat' dir='ltr'>DI.</span> <span class='ocrx_word' id='word_1_881' title='bbox 2261 3333 2459 3380; x_wconf 80' lang='lat' dir='ltr'>Lemma</span> <span class='ocrx_word' id='word_1_882' title='bbox 2480 3349 2493 3378; x_wconf 91' lang='lat'>·.</span> <span class='ocrx_word' id='word_1_883' title='bbox 2512 3333 2575 3387; x_wconf 74' lang='grc' dir='ltr'>εἰς</span> <span class='ocrx_word' id='word_1_884' title='bbox 2602 3327 2766 3380; x_wconf 78' lang='grc' dir='ltr'><strong>Φιλλὶν</strong></span> <span class='ocrx_word' id='word_1_885' title='bbox 2788 3330 2903 3390; x_wconf 80' lang='lat' dir='ltr'>(sic)</span> <span class='ocrx_word' id='word_1_886' title='bbox 2926 3329 3255 3391; x_wconf 73' lang='grc' dir='ltr'><strong>ναυαγῆσαντα</strong></span> <span class='ocrx_word' id='word_1_887' title='bbox 3278 3329 3326 3377; x_wconf 77' lang='grc' dir='ltr'>ἐν</span> <span class='ocrx_word' id='word_1_888' title='bbox 3356 3329 3546 3390; x_wconf 66' lang='grc' dir='ltr'><strong>Λέσβῳ.</strong></span> <span class='ocrx_word' id='word_1_889' title='bbox 3590 3329 3658 3377; x_wconf 74' lang='lat' dir='ltr'>Et</span> 
     </span>
     <span class='ocr_line' id='line_1_109' title="bbox 2092 3399 3653 3465; baseline -0.004 -13"><span class='ocrx_word' id='word_1_890' title='bbox 2092 3415 2234 3453; x_wconf 77' lang='lat' dir='ltr'>novae</span> <span class='ocrx_word' id='word_1_891' title='bbox 2249 3401 2436 3465; x_wconf 81' lang='lat' dir='ltr'>paginae</span> <span class='ocrx_word' id='word_1_892' title='bbox 2457 3401 2594 3450; x_wconf 85' lang='lat' dir='ltr'>initio</span> <span class='ocrx_word' id='word_1_893' title='bbox 2617 3421 2629 3448; x_wconf 75' lang='grc' dir='ltr'><strong>ι</strong></span> <span class='ocrx_word' id='word_1_894' title='bbox 2648 3401 2781 3456; x_wconf 83' lang='grc' dir='ltr'><strong>οὗτος</strong></span> <span class='ocrx_word' id='word_1_895' title='bbox 2799 3402 2827 3449; x_wconf 84' lang='grc' dir='ltr'>ὁ</span> <span class='ocrx_word' id='word_1_896' title='bbox 2841 3402 3002 3455; x_wconf 71' lang='grc' dir='ltr'><strong>Φιλὶὶς</strong></span> <span class='ocrx_word' id='word_1_897' title='bbox 3020 3400 3068 3449; x_wconf 75' lang='grc' dir='ltr'>ἐν</span> <span class='ocrx_word' id='word_1_898' title='bbox 3089 3401 3323 3461; x_wconf 81' lang='grc' dir='ltr'><strong>Μιτυλήνῃ</strong></span> <span class='ocrx_word' id='word_1_899' title='bbox 3343 3399 3653 3458; x_wconf 78' lang='grc' dir='ltr'><strong>ἐναυάγησεν.</strong></span> 
     </span>
     <span class='ocr_line' id='line_1_110' title="bbox 2094 3467 3655 3531; baseline -0.004 -10"><span class='ocrx_word' id='word_1_900' title='bbox 2094 3498 2154 3509; x_wconf 78' lang='lat'>-—</span> <span class='ocrx_word' id='word_1_901' title='bbox 2181 3477 2199 3521; x_wconf 88' lang='lat'>1</span> <span class='ocrx_word' id='word_1_902' title='bbox 2228 3471 2524 3528; x_wconf 77' lang='grc' dir='ltr'><strong>ἐξεκύλισσαν</strong></span> <span class='ocrx_word' id='word_1_903' title='bbox 2544 3469 2663 3520; x_wconf 87' lang='lat' dir='ltr'>cod.</span> <span class='ocrx_word' id='word_1_904' title='bbox 2687 3496 2752 3507; x_wconf 88' lang='lat'>—</span> <span class='ocrx_word' id='word_1_905' title='bbox 2788 3477 2815 3520; x_wconf 83' lang='lat'><strong>2</strong></span> <span class='ocrx_word' id='word_1_906' title='bbox 2835 3471 2955 3531; x_wconf 82' lang='grc' dir='ltr'><strong>φιλλὶ</strong></span> <span class='ocrx_word' id='word_1_907' title='bbox 2974 3469 3093 3519; x_wconf 86' lang='lat' dir='ltr'>cod.</span> <span class='ocrx_word' id='word_1_908' title='bbox 3122 3471 3175 3519; x_wconf 83' lang='lat' dir='ltr'>et</span> <span class='ocrx_word' id='word_1_909' title='bbox 3192 3471 3347 3529; x_wconf 64' lang='lat' dir='ltr'>Pium,</span> <span class='ocrx_word' id='word_1_910' title='bbox 3367 3481 3491 3517; x_wconf 82' lang='lat' dir='ltr'>oorr.</span> <span class='ocrx_word' id='word_1_911' title='bbox 3524 3467 3655 3517; x_wconf 78' lang='lat' dir='ltr'>Mei-</span> 
     </span>
     <span class='ocr_line' id='line_1_111' title="bbox 2094 3539 3657 3606; baseline -0.003 -14"><span class='ocrx_word' id='word_1_912' title='bbox 2094 3543 2202 3593; x_wconf 83' lang='lat' dir='ltr'>nek.</span> <span class='ocrx_word' id='word_1_913' title='bbox 2237 3556 2286 3606; x_wconf 88' lang='lat' dir='ltr'>p.</span> <span class='ocrx_word' id='word_1_914' title='bbox 2327 3547 2430 3592; x_wconf 81' lang='lat'>135.</span> <span class='ocrx_word' id='word_1_915' title='bbox 2465 3541 2770 3604; x_wconf 83' lang='lat' dir='ltr'>Sequebatur</span> <span class='ocrx_word' id='word_1_916' title='bbox 2790 3542 3097 3602; x_wconf 75' lang='grc' dir='ltr'><strong>πολυκλαύτῳ</strong></span> <span class='ocrx_word' id='word_1_917' title='bbox 3114 3577 3127 3598; x_wconf 89' lang='grc'><strong>,</strong></span> <span class='ocrx_word' id='word_1_918' title='bbox 3152 3539 3215 3589; x_wconf 90' lang='lat' dir='ltr'>de</span> <span class='ocrx_word' id='word_1_919' title='bbox 3240 3553 3339 3602; x_wconf 90' lang='lat' dir='ltr'>quo</span> <span class='ocrx_word' id='word_1_920' title='bbox 3364 3541 3496 3588; x_wconf 87' lang='lat' dir='ltr'>recte</span> <span class='ocrx_word' id='word_1_921' title='bbox 3526 3541 3657 3588; x_wconf 80' lang='lat' dir='ltr'>ilec-</span> 
     </span>
     <span class='ocr_line' id='line_1_112' title="bbox 2095 3609 3657 3675; baseline -0.003 -13"><span class='ocrx_word' id='word_1_922' title='bbox 2095 3615 2240 3664; x_wconf 86' lang='lat' dir='ltr'>kerus</span> <span class='ocrx_word' id='word_1_923' title='bbox 2267 3633 2279 3662; x_wconf 89' lang='lat'>:</span> <span class='ocrx_word' id='word_1_924' title='bbox 2301 3633 2327 3655; x_wconf 76' lang='grc' dir='ltr'>κ</span> <span class='ocrx_word' id='word_1_925' title='bbox 2352 3614 2490 3663; x_wconf 87' lang='lat' dir='ltr'>Litus</span> <span class='ocrx_word' id='word_1_926' title='bbox 2509 3613 2559 3661; x_wconf 88' lang='lat' dir='ltr'>in</span> <span class='ocrx_word' id='word_1_927' title='bbox 2583 3611 2719 3675; x_wconf 91' lang='lat' dir='ltr'>quod</span> <span class='ocrx_word' id='word_1_928' title='bbox 2750 3611 3012 3675; x_wconf 87' lang='lat' dir='ltr'>naufragus</span> <span class='ocrx_word' id='word_1_929' title='bbox 3037 3611 3223 3674; x_wconf 84' lang='lat' dir='ltr'>ejectus</span> <span class='ocrx_word' id='word_1_930' title='bbox 3248 3613 3353 3659; x_wconf 86' lang='lat' dir='ltr'>erat</span> <span class='ocrx_word' id='word_1_931' title='bbox 3376 3609 3473 3658; x_wconf 85' lang='lat' dir='ltr'>dici</span> <span class='ocrx_word' id='word_1_932' title='bbox 3504 3611 3657 3658; x_wconf 80' lang='grc' dir='ltr'><strong>πολύ-</strong></span> 
     </span>
     <span class='ocr_line' id='line_1_113' title="bbox 2096 3680 3649 3747; baseline -0.003 -14"><span class='ocrx_word' id='word_1_933' title='bbox 2096 3687 2295 3734; x_wconf 78' lang='grc' dir='ltr'><strong>κλαυτον</strong></span> <span class='ocrx_word' id='word_1_934' title='bbox 2313 3724 2326 3744; x_wconf 93' lang='grc'><strong>,</strong></span> <span class='ocrx_word' id='word_1_935' title='bbox 2371 3698 2471 3747; x_wconf 89' lang='lat' dir='ltr'>quo</span> <span class='ocrx_word' id='word_1_936' title='bbox 2520 3682 2761 3746; x_wconf 82' lang='lat' dir='ltr'>adjectivo</span> <span class='ocrx_word' id='word_1_937' title='bbox 2807 3683 3029 3746; x_wconf 82' lang='lat' dir='ltr'>sepulcra</span> <span class='ocrx_word' id='word_1_938' title='bbox 3072 3681 3169 3730; x_wconf 81' lang='lat' dir='ltr'>dici</span> <span class='ocrx_word' id='word_1_939' title='bbox 3222 3681 3379 3730; x_wconf 87' lang='lat' dir='ltr'>solent</span> <span class='ocrx_word' id='word_1_940' title='bbox 3394 3718 3407 3740; x_wconf 83' lang='lat'>,</span> <span class='ocrx_word' id='word_1_941' title='bbox 3446 3680 3649 3728; x_wconf 74' lang='lat' dir='ltr'>mir-mn.</span> 
     </span>
     <span class='ocr_line' id='line_1_114' title="bbox 2094 3749 3656 3815; baseline -0.004 -11"><span class='ocrx_word' id='word_1_942' title='bbox 2094 3755 2409 3805; x_wconf 84' lang='lat' dir='ltr'>scribendum</span> <span class='ocrx_word' id='word_1_943' title='bbox 2440 3754 2764 3815; x_wconf 81' lang='grc' dir='ltr'><strong>πολυκλύστῳ.</strong></span> <span class='ocrx_word' id='word_1_944' title='bbox 2789 3773 2813 3796; x_wconf 73' lang='grc' dir='ltr'>ι»</span> <span class='ocrx_word' id='word_1_945' title='bbox 2834 3778 2897 3787; x_wconf 93' lang='lat'>—-</span> <span class='ocrx_word' id='word_1_946' title='bbox 2914 3757 2963 3804; x_wconf 82' lang='lat'>3.</span> <span class='ocrx_word' id='word_1_947' title='bbox 2977 3751 3163 3802; x_wconf 84' lang='lat' dir='ltr'>Lesbus</span> <span class='ocrx_word' id='word_1_948' title='bbox 3198 3751 3345 3800; x_wconf 87' lang='lat' dir='ltr'>etiam</span> <span class='ocrx_word' id='word_1_949' title='bbox 3378 3749 3656 3799; x_wconf 79' lang='lat' dir='ltr'>Bennesia-</span> 
     </span>
     <span class='ocr_line' id='line_1_115' title="bbox 2096 3817 3656 3888; baseline -0.005 -14"><span class='ocrx_word' id='word_1_950' title='bbox 2096 3826 2223 3876; x_wconf 79' lang='lat' dir='ltr'>nacti</span> <span class='ocrx_word' id='word_1_951' title='bbox 2244 3827 2371 3888; x_wconf 79' lang='lat' dir='ltr'>Eleg.</span> <span class='ocrx_word' id='word_1_952' title='bbox 2401 3829 2459 3876; x_wconf 73' lang='lat'>54</span> <span class='ocrx_word' id='word_1_953' title='bbox 2478 3823 2608 3872; x_wconf 85' lang='lat' dir='ltr'>dicta</span> <span class='ocrx_word' id='word_1_954' title='bbox 2636 3823 2797 3886; x_wconf 78' lang='grc' dir='ltr'><strong>οίνηρὴ</strong></span> <span class='ocrx_word' id='word_1_955' title='bbox 2816 3823 2867 3872; x_wconf 81' lang='lat' dir='ltr'>et</span> <span class='ocrx_word' id='word_1_956' title='bbox 2883 3823 3071 3878; x_wconf 79' lang='grc' dir='ltr'><strong>εὖοινος.</strong></span> <span class='ocrx_word' id='word_1_957' title='bbox 3093 3821 3331 3881; x_wconf 78' lang='grc' dir='ltr'><strong>Αἰγίλιπος</strong></span> <span class='ocrx_word' id='word_1_958' title='bbox 3348 3823 3515 3881; x_wconf 83' lang='grc' dir='ltr'><strong>πέτρου</strong></span> <span class='ocrx_word' id='word_1_959' title='bbox 3530 3857 3547 3881; x_wconf 85' lang='grc'><strong>,</strong></span> <span class='ocrx_word' id='word_1_960' title='bbox 3566 3817 3656 3866; x_wconf 86' lang='lat' dir='ltr'>ho·</span> 
     </span>
     <span class='ocr_line' id='line_1_116' title="bbox 2095 3896 2567 3955; baseline 0 -11"><span class='ocrx_word' id='word_1_961' title='bbox 2095 3896 2334 3946; x_wconf 86' lang='lat' dir='ltr'>mericum</span> <span class='ocrx_word' id='word_1_962' title='bbox 2354 3897 2411 3945; x_wconf 90' lang='lat' dir='ltr'>ll.</span> <span class='ocrx_word' id='word_1_963' title='bbox 2434 3897 2494 3955; x_wconf 85' lang='lat' dir='ltr'>n,</span> <span class='ocrx_word' id='word_1_964' title='bbox 2522 3898 2567 3944; x_wconf 78' lang='lat'>4.</span> 
     </span>
    </p>
   </div>
   <div class='ocr_carea' id='block_1_24' title="bbox 2098 4031 3657 4942">
    <p class='ocr_par' dir='ltr' id='par_1_24' title="bbox 2098 4031 3657 4942">
     <span class='ocr_line' id='line_1_117' title="bbox 2162 4031 3655 4094; baseline -0.006 -8"><span class='ocrx_word' id='word_1_965' title='bbox 2162 4038 2264 4086; x_wconf 89' lang='lat' dir='ltr'>DII.</span> <span class='ocrx_word' id='word_1_966' title='bbox 2292 4039 2489 4085; x_wconf 81' lang='lat' dir='ltr'>Lemma</span> <span class='ocrx_word' id='word_1_967' title='bbox 2512 4037 2605 4090; x_wconf 76' lang='grc' dir='ltr'><strong>ιεῖς</strong></span> <span class='ocrx_word' id='word_1_968' title='bbox 2630 4035 2811 4086; x_wconf 75' lang='grc' dir='ltr'><strong>Βίτωνα</strong></span> <span class='ocrx_word' id='word_1_969' title='bbox 2826 4033 2907 4082; x_wconf 84' lang='grc' dir='ltr'>τὸν</span> <span class='ocrx_word' id='word_1_970' title='bbox 2931 4033 3270 4094; x_wconf 65' lang='grc' dir='ltr'><strong>Ἀμφιπολίτην.</strong></span> <span class='ocrx_word' id='word_1_971' title='bbox 3285 4035 3405 4079; x_wconf 84' lang='grc'>-1,</span> <span class='ocrx_word' id='word_1_972' title='bbox 3429 4031 3620 4079; x_wconf 84' lang='lat' dir='ltr'>Torona</span> <span class='ocrx_word' id='word_1_973' title='bbox 3638 4067 3655 4090; x_wconf 90' lang='lat'><em>‚</em></span> 
     </span>
     <span class='ocr_line' id='line_1_118' title="bbox 2098 4101 3655 4160; baseline -0.005 -5"><span class='ocrx_word' id='word_1_974' title='bbox 2098 4106 2313 4155; x_wconf 61' lang='lat' dir='ltr'>Thracias</span> <span class='ocrx_word' id='word_1_975' title='bbox 2334 4103 2452 4154; x_wconf 88' lang='lat' dir='ltr'>urbs</span> <span class='ocrx_word' id='word_1_976' title='bbox 2468 4102 2733 4160; x_wconf 83' lang='lat' dir='ltr'>maritima,</span> <span class='ocrx_word' id='word_1_977' title='bbox 2754 4101 2887 4152; x_wconf 88' lang='lat' dir='ltr'>unde</span> <span class='ocrx_word' id='word_1_978' title='bbox 2906 4103 3175 4151; x_wconf 63' lang='lat' dir='ltr'>&#39;toronicus</span> <span class='ocrx_word' id='word_1_979' title='bbox 3192 4101 3345 4150; x_wconf 88' lang='lat' dir='ltr'>sinus.</span> <span class='ocrx_word' id='word_1_980' title='bbox 3364 4125 3429 4134; x_wconf 94' lang='lat'>——</span> <span class='ocrx_word' id='word_1_981' title='bbox 3450 4107 3479 4148; x_wconf 86' lang='grc'>2</span> <span class='ocrx_word' id='word_1_982' title='bbox 3508 4101 3655 4156; x_wconf 69' lang='grc' dir='ltr'><strong>αὐτὴν</strong></span> 
     </span>
     <span class='ocr_line' id='line_1_119' title="bbox 2099 4171 3655 4234; baseline -0.004 -8"><span class='ocrx_word' id='word_1_983' title='bbox 2099 4177 2179 4226; x_wconf 76' lang='lat' dir='ltr'>vix</span> <span class='ocrx_word' id='word_1_984' title='bbox 2211 4189 2399 4225; x_wconf 83' lang='lat' dir='ltr'>sanum.</span> <span class='ocrx_word' id='word_1_985' title='bbox 2428 4194 2451 4215; x_wconf 76' lang='grc' dir='ltr'>«ι</span> <span class='ocrx_word' id='word_1_986' title='bbox 2474 4175 2609 4222; x_wconf 84' lang='lat' dir='ltr'>iners</span> <span class='ocrx_word' id='word_1_987' title='bbox 2630 4175 2683 4221; x_wconf 88' lang='lat' dir='ltr'>et</span> <span class='ocrx_word' id='word_1_988' title='bbox 2698 4171 2919 4234; x_wconf 81' lang='lat' dir='ltr'>jejunum</span> <span class='ocrx_word' id='word_1_989' title='bbox 2944 4174 3053 4231; x_wconf 84' lang='lat' dir='ltr'>est,</span> <span class='ocrx_word' id='word_1_990' title='bbox 3074 4185 3163 4234; x_wconf 87' lang='lat' dir='ltr'>pro</span> <span class='ocrx_word' id='word_1_991' title='bbox 3181 4184 3283 4233; x_wconf 89' lang='lat' dir='ltr'>quo</span> <span class='ocrx_word' id='word_1_992' title='bbox 3305 4171 3417 4220; x_wconf 84' lang='lat' dir='ltr'>vide</span> <span class='ocrx_word' id='word_1_993' title='bbox 3432 4183 3495 4218; x_wconf 88' lang='lat' dir='ltr'>an</span> <span class='ocrx_word' id='word_1_994' title='bbox 3510 4172 3655 4226; x_wconf 59' lang='grc' dir='ltr'><strong>αἰπήν</strong></span> 
     </span>
     <span class='ocr_line' id='line_1_120' title="bbox 2100 4239 3653 4306; baseline -0.006 -9"><span class='ocrx_word' id='word_1_995' title='bbox 2100 4247 2408 4302; x_wconf 84' lang='lat' dir='ltr'>scribendum</span> <span class='ocrx_word' id='word_1_996' title='bbox 2434 4246 2522 4306; x_wconf 85' lang='lat' dir='ltr'>sit,</span> <span class='ocrx_word' id='word_1_997' title='bbox 2546 4257 2657 4306; x_wconf 84' lang='lat' dir='ltr'>quae</span> <span class='ocrx_word' id='word_1_998' title='bbox 2686 4243 2805 4292; x_wconf 69' lang='lat' dir='ltr'>nillil</span> <span class='ocrx_word' id='word_1_999' title='bbox 2840 4242 3191 4306; x_wconf 88' lang='lat' dir='ltr'>propemodum</span> <span class='ocrx_word' id='word_1_1000' title='bbox 3228 4241 3463 4290; x_wconf 80' lang='lat' dir='ltr'>differunt</span> <span class='ocrx_word' id='word_1_1001' title='bbox 3483 4239 3533 4288; x_wconf 86' lang='lat' dir='ltr'>in</span> <span class='ocrx_word' id='word_1_1002' title='bbox 3564 4253 3653 4288; x_wconf 87' lang='lat' dir='ltr'>un·</span> 
     </span>
     <span class='ocr_line' id='line_1_121' title="bbox 2100 4309 3657 4381; baseline -0.006 -13"><span class='ocrx_word' id='word_1_1003' title='bbox 2100 4319 2210 4368; x_wconf 85' lang='lat' dir='ltr'>ciali</span> <span class='ocrx_word' id='word_1_1004' title='bbox 2240 4318 2499 4381; x_wconf 88' lang='lat' dir='ltr'>scriptura.</span> <span class='ocrx_word' id='word_1_1005' title='bbox 2539 4316 2651 4365; x_wconf 82' lang='lat' dir='ltr'>Alta</span> <span class='ocrx_word' id='word_1_1006' title='bbox 2698 4317 2865 4364; x_wconf 89' lang='lat' dir='ltr'>autem</span> <span class='ocrx_word' id='word_1_1007' title='bbox 2909 4313 3100 4376; x_wconf 82' lang='lat' dir='ltr'>quaevis</span> <span class='ocrx_word' id='word_1_1008' title='bbox 3142 4313 3261 4362; x_wconf 91' lang='lat' dir='ltr'>urbs</span> <span class='ocrx_word' id='word_1_1009' title='bbox 3304 4311 3469 4361; x_wconf 80' lang='lat' dir='ltr'>vocari</span> <span class='ocrx_word' id='word_1_1010' title='bbox 3494 4309 3657 4374; x_wconf 76' lang='lat' dir='ltr'>potuit</span> 
     </span>
     <span class='ocr_line' id='line_1_122' title="bbox 2099 4380 3653 4451; baseline -0.006 -12"><span class='ocrx_word' id='word_1_1011' title='bbox 2099 4391 2298 4451; x_wconf 89' lang='lat' dir='ltr'>propter</span> <span class='ocrx_word' id='word_1_1012' title='bbox 2323 4385 2565 4448; x_wconf 87' lang='lat' dir='ltr'>acropolin</span> <span class='ocrx_word' id='word_1_1013' title='bbox 2597 4404 2611 4433; x_wconf 72' lang='grc' dir='ltr'><strong>ι</strong></span> <span class='ocrx_word' id='word_1_1014' title='bbox 2636 4384 2731 4433; x_wconf 84' lang='lat' dir='ltr'>nisi</span> <span class='ocrx_word' id='word_1_1015' title='bbox 2750 4380 2993 4447; x_wconf 71' lang='lat' dir='ltr'>explicare</span> <span class='ocrx_word' id='word_1_1016' title='bbox 3010 4388 3211 4446; x_wconf 80' lang='lat' dir='ltr'>praestat</span> <span class='ocrx_word' id='word_1_1017' title='bbox 3225 4383 3545 4447; x_wconf 71' lang='lat' dir='ltr'>proeclaram.</span> <span class='ocrx_word' id='word_1_1018' title='bbox 3563 4417 3576 4438; x_wconf 84' lang='lat'>,</span> <span class='ocrx_word' id='word_1_1019' title='bbox 3598 4385 3653 4430; x_wconf 90' lang='lat' dir='ltr'>ut</span> 
     </span>
     <span class='ocr_line' id='line_1_123' title="bbox 2102 4452 3654 4516; baseline -0.005 -10"><span class='ocrx_word' id='word_1_1020' title='bbox 2102 4454 2407 4506; x_wconf 86' lang='lat' dir='ltr'>Dioscorides</span> <span class='ocrx_word' id='word_1_1021' title='bbox 2424 4466 2572 4516; x_wconf 86' lang='lat' dir='ltr'>supra</span> <span class='ocrx_word' id='word_1_1022' title='bbox 2592 4465 2666 4515; x_wconf 89' lang='lat' dir='ltr'>ep.</span> <span class='ocrx_word' id='word_1_1023' title='bbox 2689 4457 2775 4503; x_wconf 81' lang='lat'>351</span> <span class='ocrx_word' id='word_1_1024' title='bbox 2800 4456 2957 4502; x_wconf 89' lang='lat' dir='ltr'>Paron</span> <span class='ocrx_word' id='word_1_1025' title='bbox 2981 4452 3101 4503; x_wconf 83' lang='lat' dir='ltr'>dixit</span> <span class='ocrx_word' id='word_1_1026' title='bbox 3131 4455 3286 4510; x_wconf 72' lang='grc' dir='ltr'><strong>νήσων</strong></span> <span class='ocrx_word' id='word_1_1027' title='bbox 3300 4452 3555 4506; x_wconf 62' lang='lat' dir='ltr'>alumni-tm</span> <span class='ocrx_word' id='word_1_1028' title='bbox 3570 4452 3654 4508; x_wconf 76' lang='lat' dir='ltr'>(ai-</span> 
     </span>
     <span class='ocr_line' id='line_1_124' title="bbox 2100 4520 3650 4588; baseline -0.005 -12"><span class='ocrx_word' id='word_1_1029' title='bbox 2100 4530 2246 4588; x_wconf 81' lang='grc' dir='ltr'><strong>πυτ.).</strong></span> <span class='ocrx_word' id='word_1_1030' title='bbox 2266 4545 2290 4568; x_wconf 74' lang='grc' dir='ltr'>ι»</span> <span class='ocrx_word' id='word_1_1031' title='bbox 2318 4523 2536 4574; x_wconf 74' lang='grc' dir='ltr'><strong>ΜείηεΙε.</strong></span> <span class='ocrx_word' id='word_1_1032' title='bbox 2562 4538 2611 4586; x_wconf 87' lang='lat' dir='ltr'>p.</span> <span class='ocrx_word' id='word_1_1033' title='bbox 2638 4529 2741 4574; x_wconf 75' lang='lat'>155.</span> <span class='ocrx_word' id='word_1_1034' title='bbox 2764 4524 3035 4574; x_wconf 65' lang='lat' dir='ltr'>Bruncliius</span> <span class='ocrx_word' id='word_1_1035' title='bbox 3052 4526 3233 4582; x_wconf 73' lang='grc' dir='ltr'><strong>κλειτὴν</strong></span> <span class='ocrx_word' id='word_1_1036' title='bbox 3252 4526 3362 4586; x_wconf 89' lang='lat' dir='ltr'>post</span> <span class='ocrx_word' id='word_1_1037' title='bbox 3385 4520 3650 4571; x_wconf 84' lang='lat' dir='ltr'>Reiskium.</span> 
     </span>
     <span class='ocr_line' id='line_1_125' title="bbox 2099 4589 3649 4657; baseline -0.003 -11"><span class='ocrx_word' id='word_1_1038' title='bbox 2099 4628 2159 4639; x_wconf 91' lang='lat'>-</span> <span class='ocrx_word' id='word_1_1039' title='bbox 2189 4601 2235 4646; x_wconf 86' lang='lat'>3.</span> <span class='ocrx_word' id='word_1_1040' title='bbox 2278 4617 2301 4637; x_wconf 65' lang='grc' dir='ltr'>κ</span> <span class='ocrx_word' id='word_1_1041' title='bbox 2344 4589 2509 4644; x_wconf 80' lang='lat' dir='ltr'>Malim</span> <span class='ocrx_word' id='word_1_1042' title='bbox 2539 4593 2795 4657; x_wconf 74' lang='grc' dir='ltr'><strong>Νικαγὸρῃ.</strong></span> <span class='ocrx_word' id='word_1_1043' title='bbox 2832 4613 2858 4636; x_wconf 68' lang='grc' dir='ltr'>ιι</span> <span class='ocrx_word' id='word_1_1044' title='bbox 2898 4595 3061 4644; x_wconf 75' lang='lat' dir='ltr'>Mein.</span> <span class='ocrx_word' id='word_1_1045' title='bbox 3100 4618 3165 4630; x_wconf 88' lang='lat'>—</span> <span class='ocrx_word' id='word_1_1046' title='bbox 3188 4598 3215 4643; x_wconf 80' lang='lat'><strong>4</strong></span> <span class='ocrx_word' id='word_1_1047' title='bbox 3251 4593 3489 4648; x_wconf 83' lang='grc' dir='ltr'><strong>πανδυσίη</strong></span> <span class='ocrx_word' id='word_1_1048' title='bbox 3520 4590 3649 4641; x_wconf 83' lang='lat' dir='ltr'>Plan.</span> 
     </span>
     <span class='ocr_line' id='line_1_126' title="bbox 2103 4661 3647 4728; baseline -0.001 -18"><span class='ocrx_word' id='word_1_1049' title='bbox 2103 4690 2127 4714; x_wconf 72' lang='grc' dir='ltr'>«ι</span> <span class='ocrx_word' id='word_1_1050' title='bbox 2165 4667 2447 4728; x_wconf 74' lang='grc' dir='ltr'><strong>Στρυμονίης</strong></span> <span class='ocrx_word' id='word_1_1051' title='bbox 2476 4667 2685 4714; x_wconf 75' lang='lat' dir='ltr'>vocatur</span> <span class='ocrx_word' id='word_1_1052' title='bbox 2712 4665 2892 4715; x_wconf 87' lang='lat' dir='ltr'>Boreas</span> <span class='ocrx_word' id='word_1_1053' title='bbox 2931 4669 3113 4714; x_wconf 82' lang='lat' dir='ltr'>ventus</span> <span class='ocrx_word' id='word_1_1054' title='bbox 3148 4663 3211 4714; x_wconf 83' lang='lat' dir='ltr'>ab</span> <span class='ocrx_word' id='word_1_1055' title='bbox 3238 4661 3485 4713; x_wconf 81' lang='lat' dir='ltr'>Herodoto</span> <span class='ocrx_word' id='word_1_1056' title='bbox 3518 4663 3647 4719; x_wconf 79' lang='lat' dir='ltr'>vlu,</span> 
     </span>
     <span class='ocr_line' id='line_1_127' title="bbox 2108 4733 3649 4798; baseline -0.003 -16"><span class='ocrx_word' id='word_1_1057' title='bbox 2108 4739 2190 4785; x_wconf 88' lang='grc'>118</span> <span class='ocrx_word' id='word_1_1058' title='bbox 2220 4757 2231 4784; x_wconf 89' lang='lat'>:</span> <span class='ocrx_word' id='word_1_1059' title='bbox 2252 4737 2470 4784; x_wconf 72' lang='grc' dir='ltr'><strong>πλώοντα</strong></span> <span class='ocrx_word' id='word_1_1060' title='bbox 2484 4736 2535 4784; x_wconf 82' lang='grc' dir='ltr'><strong><em>δέ</em></strong></span> <span class='ocrx_word' id='word_1_1061' title='bbox 2551 4749 2627 4797; x_wconf 82' lang='grc' dir='ltr'>μιν</span> <span class='ocrx_word' id='word_1_1062' title='bbox 2649 4736 2819 4794; x_wconf 79' lang='grc' dir='ltr'><strong>ἄνεμον</strong></span> <span class='ocrx_word' id='word_1_1063' title='bbox 2845 4735 3127 4798; x_wconf 72' lang='grc' dir='ltr'><strong>Στρυμονίην</strong></span> <span class='ocrx_word' id='word_1_1064' title='bbox 3144 4734 3393 4784; x_wconf 74' lang='grc' dir='ltr'><strong>ὑπολαὸεἴν</strong></span> <span class='ocrx_word' id='word_1_1065' title='bbox 3410 4735 3557 4794; x_wconf 77' lang='grc' dir='ltr'><strong>μέγαν</strong></span> <span class='ocrx_word' id='word_1_1066' title='bbox 3574 4733 3649 4778; x_wconf 76' lang='grc' dir='ltr'><strong>καὶ</strong></span> 
     </span>
     <span class='ocr_line' id='line_1_128' title="bbox 2101 4804 3650 4869; baseline -0.001 -16"><span class='ocrx_word' id='word_1_1067' title='bbox 2101 4807 2358 4866; x_wconf 77' lang='grc' dir='ltr'><strong>κυματίην·</strong></span> <span class='ocrx_word' id='word_1_1068' title='bbox 2378 4806 2463 4855; x_wconf 85' lang='lat' dir='ltr'>ubi</span> <span class='ocrx_word' id='word_1_1069' title='bbox 2492 4809 2774 4869; x_wconf 76' lang='lat' dir='ltr'>comparant</span> <span class='ocrx_word' id='word_1_1070' title='bbox 2797 4805 3079 4856; x_wconf 78' lang='lat' dir='ltr'>callimach.</span> <span class='ocrx_word' id='word_1_1071' title='bbox 3110 4809 3167 4854; x_wconf 86' lang='grc' dir='ltr'><strong>Η.</strong></span> <span class='ocrx_word' id='word_1_1072' title='bbox 3198 4807 3247 4855; x_wconf 84' lang='lat' dir='ltr'>in</span> <span class='ocrx_word' id='word_1_1073' title='bbox 3274 4804 3382 4855; x_wconf 78' lang='lat' dir='ltr'>Del.</span> <span class='ocrx_word' id='word_1_1074' title='bbox 3404 4811 3464 4854; x_wconf 77' lang='lat'>25</span> <span class='ocrx_word' id='word_1_1075' title='bbox 3490 4825 3501 4852; x_wconf 72' lang='grc' dir='ltr'><em>τ</em></span> <span class='ocrx_word' id='word_1_1076' title='bbox 3525 4807 3650 4854; x_wconf 66' lang='lat' dir='ltr'>Etcu-</span> 
     </span>
     <span class='ocr_line' id='line_1_129' title="bbox 2102 4875 3649 4942; baseline -0.001 -19"><span class='ocrx_word' id='word_1_1077' title='bbox 2102 4877 2264 4936; x_wconf 82' lang='grc' dir='ltr'><strong>μονὶου</strong></span> <span class='ocrx_word' id='word_1_1078' title='bbox 2298 4879 2486 4942; x_wconf 83' lang='grc' dir='ltr'><strong>Βορέαο.</strong></span> <span class='ocrx_word' id='word_1_1079' title='bbox 2507 4877 2645 4925; x_wconf 84' lang='lat' dir='ltr'>conf.</span> <span class='ocrx_word' id='word_1_1080' title='bbox 2677 4875 2843 4926; x_wconf 74' lang='lat' dir='ltr'>AEscli.</span> <span class='ocrx_word' id='word_1_1081' title='bbox 2866 4881 3032 4939; x_wconf 74' lang='lat' dir='ltr'>Agam.</span> <span class='ocrx_word' id='word_1_1082' title='bbox 3066 4883 3175 4926; x_wconf 83' lang='grc'>200.</span> <span class='ocrx_word' id='word_1_1083' title='bbox 3206 4877 3358 4924; x_wconf 63' lang='lat' dir='ltr'>alac.</span> <span class='ocrx_word' id='word_1_1084' title='bbox 3392 4877 3506 4924; x_wconf 80' lang='lat' dir='ltr'>Jam</span> <span class='ocrx_word' id='word_1_1085' title='bbox 3542 4875 3649 4923; x_wconf 88' lang='lat' dir='ltr'>Bro-</span> 
     </span>
    </p>
   </div>
   <div class='ocr_carea' id='block_1_25' title="bbox 466 4939 3643 5011">
    <p class='ocr_par' dir='ltr' id='par_1_25' title="bbox 466 4939 3643 5011">
     <span class='ocr_line' id='line_1_130' title="bbox 466 4939 3643 5011; baseline 0.001 -25"><span class='ocrx_word' id='word_1_1086' title='bbox 466 4939 570 5002; x_wconf 77' lang='grc' dir='ltr'><strong>λὰς,</strong></span> <span class='ocrx_word' id='word_1_1087' title='bbox 607 4939 654 4988; x_wconf 91' lang='lat' dir='ltr'>in</span> <span class='ocrx_word' id='word_1_1088' title='bbox 683 4943 849 4989; x_wconf 83' lang='lat' dir='ltr'>nostro</span> <span class='ocrx_word' id='word_1_1089' title='bbox 885 4943 1107 5005; x_wconf 81' lang='lat' dir='ltr'>exemplo</span> <span class='ocrx_word' id='word_1_1090' title='bbox 1135 4944 1254 5002; x_wconf 75' lang='grc' dir='ltr'><strong>ἀκτὴ</strong></span> <span class='ocrx_word' id='word_1_1091' title='bbox 1297 4942 1524 5006; x_wconf 78' lang='grc' dir='ltr'><strong>[μου]νιὰς</strong></span> <span class='ocrx_word' id='word_1_1092' title='bbox 1554 4944 1763 5008; x_wconf 86' lang='lat' dir='ltr'>scripsit.</span> <span class='ocrx_word' id='word_1_1093' title='bbox 1805 4946 2013 4996; x_wconf 81' lang='lat' dir='ltr'>Meinek.</span> <span class='ocrx_word' id='word_1_1094' title='bbox 2053 4941 2064 4984; x_wconf 85' lang='lat' dir='ltr'>l</span> <span class='ocrx_word' id='word_1_1095' title='bbox 2101 4944 2239 4995; x_wconf 78' lang='lat' dir='ltr'>doeus</span> <span class='ocrx_word' id='word_1_1096' title='bbox 2260 4948 2539 5011; x_wconf 81' lang='grc' dir='ltr'><strong>Στρυμονίαν</strong></span> <span class='ocrx_word' id='word_1_1097' title='bbox 2562 4959 2617 4995; x_wconf 91' lang='lat' dir='ltr'>ex</span> <span class='ocrx_word' id='word_1_1098' title='bbox 2648 4945 2904 4996; x_wconf 75' lang='lat' dir='ltr'>Aristotele</span> <span class='ocrx_word' id='word_1_1099' title='bbox 2928 4951 3301 4996; x_wconf 74' lang='lat' dir='ltr'>memoraverat.</span> <span class='ocrx_word' id='word_1_1100' title='bbox 3324 4944 3515 4994; x_wconf 72' lang='lat' dir='ltr'>Erravit</span> <span class='ocrx_word' id='word_1_1101' title='bbox 3534 4946 3643 4991; x_wconf 83' lang='lat' dir='ltr'>Gro-</span> 
     </span>
    </p>
   </div>
  </div>
 </body>
</html>
