3829 5747
435 162 516 226 40

434 290 685 341 stodorum
711 291 773 342 dc
810 293 974 344 sabula
999 308 1110 361 quae
1135 295 1197 345 de
1233 296 1440 351 Pindaro
1470 296 1651 352 infante
1676 298 1988 354 circumfere-

432 361 594 422 batur,
623 367 674 414 et
699 363 761 414 ab
788 365 897 430 ipso
927 367 1138 422 refertur
1165 381 1212 416 v.
1242 371 1331 418 387
1359 381 1517 432 seqq.‚
1549 382 1668 432 apes
1695 369 1745 424 in
1769 370 1874 431 ejus
1904 385 1989 422 ore

432 432 758 484 mellilicassc.
793 456 815 478 »ι
837 439 951 487 dac.
971 463 1032 472 —
1051 441 1158 491 ³44.
1184 437 1342 487 Schol.
1379 459 1391 489 ε
1419 443 1482 495 ὡς
1519 442 1785 499 θαυμαστὸν
1822 443 1875 490 τὸ
1905 447 1987 501 τῆς

431 506 611 562 εἰκόνος
642 513 823 570 σχῆμα.
863 535 922 544 -
951 512 1061 559 346.
1093 508 1388 572 Apollinem
1415 523 1589 559 versus
1606 509 1889 560 dictantem.

497 580 716 630 351-353.
737 575 1071 640 Pherecydes.
1093 580 1294 631 Lemma
1312 597 1326 638 ;
1347 581 1410 637 εἰς
1431 581 1620 643 ἄγαλμα
1638 586 1721 630 τοῦ
1739 583 1987 646 φιλοσόφου

435 647 737 715 Φερεκύδους.
760 673 822 683 -
845 653 953 698 352.
995 667 1018 690 α
1042 650 1208 713 Imago
1235 649 1385 699 ducta
1409 651 1603 701 videtur
1629 652 1690 701 ab
1717 652 1882 717 auriga
1907 656 1986 704 vel

429 717 664 780 agricola,
695 716 894 767 stimulo
915 718 1139 779 jumenta
1163 723 1385 784 regente,
1405 724 1455 770 et
1480 721 1576 771 dici
1616 743 1628 770 :
1657 722 1733 770 vir
1760 724 1809 772 in
1835 725 1985 787 philo-

431 787 602 849 sophia
638 800 858 850 regnans,
889 789 1080 838 Coelum
1109 793 1298 853 spectat
1328 793 1564 853 tanquam
1601 791 1766 846 sedem
1804 795 1989 857 sapien-

429 857 530 912 τίω.
563 877 586 900 n
617 857 733 907 Jac.
771 857 976 910 Bothius
1001 858 1262 924 adscripsit
1291 881 1304 910 ι
1327 879 1352 903 κ
1380 863 1573 925 κέντρα,
1597 865 1984 920 astronomorum

429 940 606 990 apices.
632 945 655 969 υ

492 1001 712 1049 354·356.
733 998 1052 1050 Heraclitus.
1073 1003 1273 1050 Lemma
1297 1022 1308 1050 :
1336 1004 1400 1058 ιὶς
1422 1002 1608 1064 ἄγαλμα
1625 1007 1709 1054 τοῦ
1731 1005 1985 1068 φιλοσόφου

429 1068 749 1130 Ἡρακλείτου.
780 1096 836 1105 -
865 1075 956 1121 356
983 1071 1258 1133 ἀνδρομένης
1282 1072 1381 1122 Pal.

489 1141 711 1188 357·360.
753 1142 1014 1190 Cratinus.
1045 1144 1244 1192 Lemma
1275 1165 1286 1191 z
1318 1145 1382 1199 εἰς
1409 1142 1596 1206 ἄγαλμα
1635 1144 1862 1206 Κρατίνου
1897 1151 1983 1196 τοῦ

429 1215 660 1271 κωμικοῦ.
693 1241 752 1254 --
787 1215 895 1262 358.
937 1213 1276 1276 Intelliguntur
1303 1213 1555 1278 demagogi
1589 1215 1984 1274 Atheniensium.

429 1278 514 1340 qui
538 1278 720 1342 origine
737 1284 855 1331 sunt
873 1283 1047 1338 Ἴωνες.

491 1352 709 1404 aot-366.
741 1351 1052 1403 Menander.
1091 1355 1288 1403 Lemma
1336 1375 1347 1402 ε
1385 1355 1450 1410 εἰς
1485 1356 1677 1418 ἄγαλμα
1715 1356 1983 1418 Μενάνδρου

427 1424 512 1468 τοῦ
530 1426 760 1482 κωμικοῦ.
783 1421 937 1471 codd.
955 1424 1158 1481 ἑστήκει.
1177 1450 1240 1460 -
1258 1429 1367 1474 365.
1387 1424 1634 1488 Significat
1649 1440 1789 1476 novae
1809 1440 1983 1476 comoe-

427 1489 526 1540 dire
550 1494 886 1554 argumentum
917 1507 1068 1556 prope
1095 1493 1290 1544 solitum
1305 1530 1320 1554 ,
1351 1495 1546 1545 vitiatas
1579 1496 1803 1560 virgines.
1838 1499 1983 1548 Haud

427 1559 670 1609 insulsum
687 1561 935 1626 epitheton
949 1600 962 1622 ‚
982 1577 1135 1626 quum
1148 1563 1397 1626 virginitas
1419 1565 1674 1614 auferatur
1693 1569 1793 1616 tam
1807 1569 1983 1626 ἑδνωτή

427 1641 578 1692 quam
606 1631 856 1691 ἀὲδνωτος,
899 1636 1010 1683 ante
1047 1633 1244 1697 nuptias
1287 1634 1390 1685 sive
1419 1638 1532 1698 post
1553 1636 1764 1698 nuptias,
1797 1667 1858 1680 --
1889 1643 1981 1689 366

430 1700 659 1761 μελίφρονι
691 1701 903 1754 malebat
921 1703 1137 1754 Bothius.

487 1774 706 1822 367-371.
739 1773 1067 1836 Amphitruo.
1106 1776 1306 1824 Lemma
1345 1796 1358 1824 :
1389 1777 1453 1832 εἰς
1495 1777 1681 1839 ἄγαλμα
1712 1782 1794 1826 τοῦ
1831 1781 1984 1841 Ἄμφι-

424 1841 639 1905 τρύωνος.
666 1869 728 1880 --
761 1848 874 1898 367.
910 1846 1068 1894 Lauro
1101 1845 1269 1906 (cujus
1285 1845 1532 1908 epitheton
1557 1860 1619 1896 ex
1637 1850 1754 1897 nota
1781 1848 1979 1912 sabula)

424 1913 641 1964 coronati
683 1917 837 1967 vates
873 1943 928 1956 -
962 1920 1070 1967 369.
1101 1918 1228 1965 Nota
1254 1929 1311 1965 ex
1349 1916 1522 1966 Plauto
1550 1917 1634 1966 illa
1675 1918 1882 1968 victoria
1918 1919 1979 1970 de

424 1982 621 2047 Taphfis
646 1984 728 2034 vel
755 1985 994 2036 Telebois.
1025 2011 1090 2023 —
1123 1990 1214 2036 370
1239 1987 1624 2036 πολυστὲπτοισιν
1655 1988 1816 2051 ἐφάρμ.
1853 1991 1976 2044 Pal..

421 2055 480 2102 ut
503 2052 648 2102 modo
665 2056 754 2102 367
783 2054 1016 2112 ἦσταπτεν
1035 2055 1086 2104 in
1109 2055 1299 2106 eodem.
1315 2085 1377 2096 —
1395 2059 1505 2106 371.
1526 2057 1779 2107 Alcmenes
1791 2059 1981 2121 nuptia>

419 2124 632 2188 pretium
657 2126 795 2174 erant
811 2125 940 2180 illius
959 2125 1191 2176 victoriae.

483 2197 704 2246 372-376.
737 2192 1078 2256 Thucydides.
1115 2199 1314 2245 Lemma
1342 2218 1353 2245 ι
1383 2199 1448 2253 εἰς
1479 2198 1670 2258 ἄγαλμα.
1698 2203 1782 2247 τοῦ
1813 2201 1977 2260 ἱστορι-

422 2268 512 2312 κοῦ
531 2264 836 2314 Θουκυδίδου.
859 2288 918 2312 -.-
948 2269 1040 2314 374
1073 2265 1236 2327 &vio-ze
1259 2265 1478 2316 Bothius.
1511 2266 1752 2329 Rhapsodi
1781 2267 1975 2330 sublata

416 2347 568 2383 manu
585 2332 868 2383 recitabant.

479 2408 704 2455 377-381.
733 2404 1051 2455 Herodotus.
1082 2408 1282 2455 Lemma
1312 2408 1408 2461 ιείς
1425 2407 1613 2469 ἄγαλμα
1636 2411 1718 2456 τοῦ
1737 2410 1973 2470 ἱστορικοῦ

414 2476 682 2538 Ἡροδότου.
706 2501 769 2510 -
787 2478 877 2526 377
907 2477 1057 2532 ἀοιδὸς
1078 2477 1210 2526 Plan.
1231 2503 1293 2512 —
1307 2481 1399 2527 379
1411 2479 1538 2531 δοιὰς
1554 2477 1656 2524 Pal.
1674 2481 1710 2524 A
1725 2477 1973 2528 veteribus

1533 164 1967 228 ANNOTATIO
2007 168 2084 229 IN
2125 169 2371 232 CAPUT
2412 171 2501 232 11..

2130 307 2348 356 388-392.
2370 301 2679 368 Xenophon.
2701 307 2898 355 Lemma
2933 326 2944 355 ε
2976 308 3039 364 εἰς
3062 306 3248 369 ἄγαλμα
3272 313 3356 358 τοῦ
3382 308 3625 371 Ξενοφῶι·

2068 388 2164 429 τος..
2198 373 2301 424 Pal.
2337 375 2601 433 Ξενοφᾲων.
2638 401 2699 412 -
2730 380 2822 427 389
2842 377 3059 439 λιγαίνειν
3088 378 3189 428 Pal.
3224 380 3295 428 De
3332 379 3623 442 cympaedia

2065 443 2232 505 potius
2257 457 2407 506 quam
2432 443 2495 494 de
2518 445 2727 495 Anabasi
2750 447 3095 510 accipiendum.
3116 473 3177 487 -·-
3194 453 3302 500 392..
3334 468 3358 492 σι
3388 450 3622 512 Φιλάγρο-

2066 529 2176 568 πνος
2196 515 2395 575 μέλισσα
2413 515 2661 578 sapientiae
2679 515 2897 566 studium
2924 529 3032 568 esse
3050 517 3260 570 videtur.
3290 517 3621 583 Philomphiae

2068 580 2213 644 igitur
2235 594 2345 631 cum
2373 582 2575 634 historia
2598 583 2982 645 coniunctionem
2996 585 3201 637 miratur
3224 587 3273 636 in
3288 589 3625 652 Xenophontis

2066 664 2226 714 opere.
2261 671 2284 695 »ι
2305 653 2420 702 Jac.

2128 724 2347 772 393-397.
2375 721 2611 772 Alcman.
2632 725 2831 773 Lemma
2861 745 2873 773 ε
2896 727 2959 781 εἰς
2984 725 3173 786 ἄγαλμα
3200 730 3285 775 τοῦ
3311 727 3496 789 λυρικοῦ
3523 727 3625 779 Ἀλ-

2066 791 2297 852 κμάωνος.
2346 819 2408 828 -
2440 797 2531 842 393
2571 794 2828 855 Ἀλκμαίων
2862 796 2997 844 Plan.
3040 795 3283 844 Alcmaeon
3296 832 3308 855 ‚
3338 797 3623 860 Amphiarai

2066 862 2194 911 vatis
2218 861 2374 923 filius,
2394 864 2445 911 et
2460 862 2564 926 ipse
2588 866 2727 914 vates
2745 864 3013 914 habebatur
3037 864 3230 915 Thebis.
3253 891 3312 902 —-
3326 870 3433 917 394.
3456 868 3511 916 οὐ
3536 867 3626 916 ἐπὶ

2067 933 2166 984 Pal.

2128 1007 2345 1054 398-406.
2365 1004 2663 1066 Pompeius.
2690 1006 2889 1053 Lemma
2910 1025 2922 1055 :
2947 1007 3010 1061 εἰς
3028 1006 3217 1068 ἄγαλμα
3236 1007 3486 1066 Πομπηΐου
3499 1043 3516 1070 ,
3534 1008 3625 1056 cui

2066 1071 2285 1122 additum
2314 1075 2546 1136 Καίσαρος
2559 1110 2573 1135 ,
2610 1073 2743 1136 quod
2776 1077 2862 1124 aut
2889 1088 2951 1125 ex
2988 1089 3151 1125 errore
3190 1079 3359 1126 natum
3396 1079 3495 1134 est,
3530 1081 3627 1126 aut

2065 1143 2311 1204 mutilum,
2332 1144 2376 1194 si
2389 1144 2670 1194 Anastasius
2686 1144 2945 1208 imperator
2960 1146 3229 1210 respicitur.
3248 1167 3271 1188 «ι
3293 1150 3443 1196 Poeta
3467 1151 3615 1197 Pom-

2066 1213 2161 1276 peii
2186 1214 2347 1277 Magni
2373 1213 2566 1264 laudem
2596 1227 2709 1263 cum
2739 1214 2882 1264 laude
2901 1215 3141 1266 Anastasii
3164 1217 3420 1266 connectit.
3449 1217 3627 1266 Fictus

2066 1286 2172 1333 crat
2223 1284 2305 1334 ille
2343 1284 2535 1348 gladios.
2552 1284 2758 1348 pedibus
2788 1286 2981 1336 calcans
2995 1323 3008 1346 ‚
3053 1286 3187 1349 quod
3222 1285 3286 1336 de
3311 1285 3515 1336 victoria
3552 1286 3625 1336 de

2068 1354 2249 1404 Isauris
2284 1354 2626 1419 interpretatur
2648 1357 2829 1416 noster,
2866 1359 2925 1406 ut
2954 1356 3066 1406 inde
3092 1357 3391 1406 occasionem
3420 1361 3627 1419 caperet

2065 1424 2295 1474 laudandi
2318 1425 2583 1483 Anastasii‚
2618 1426 2703 1487 qui
2731 1426 2797 1475 de
2820 1427 3007 1477 Isauria
3036 1427 3433 1490 triumphaverat.
3462 1428 3627 1476 Attin-

2064 1494 2208 1557 gebat
2235 1495 2447 1546 Isaurica
2471 1493 2601 1558 regio
2626 1495 2957 1558 Pamphyliam
2983 1499 3033 1546 et
3062 1497 3305 1556 ciliciam,
3324 1509 3465 1556 cujus
3494 1511 3619 1559 pro-

2066 1565 2239 1614 vinciae
2277 1567 2465 1627 partem
2499 1565 2682 1623 Isauri,
2708 1578 2827 1628 gens
2862 1565 2991 1615 bello
3036 1568 3087 1616 et
3126 1565 3399 1615 latrociniis·
3429 1565 3621 1626 dedita,

2064 1635 2360 1685 invaserant.
2405 1637 2517 1683 Jam
2560 1648 2713 1696 quum
2758 1636 3018 1699 Pompeius
3045 1635 3127 1685 ‘de
3165 1635 3335 1698 piratis
3386 1635 3627 1686 Cilicibus

2062 1703 2459 1768 triumphaverit,
2496 1703 2626 1754 idem
2651 1717 2682 1752 a
2710 1705 3023 1756 Christodoro
3054 1705 3310 1756 victoriam
3342 1703 3406 1754 de
3434 1705 3625 1754 Isauris

2063 1779 2333 1839 reportasse
2350 1775 2539 1825 dicitur.
2568 1779 2609 1824 A
2641 1775 2867 1838 Pompeio
2884 1779 3051 1826 autem
3073 1774 3381 1826 descendisse
3406 1777 3617 1823 Anasta-

2063 1848 2214 1908 sium,
2243 1849 2571 1896 commentum
2601 1847 2676 1896 est
2700 1842 2802 1893 sive
2832 1850 2989 1909 poetae
3038 1846 3145 1896 sive
3178 1845 3457 1895 aulicorum.
3492 1845 3622 1892 Nam

2064 1918 2275 1968 obscura
2298 1920 2405 1966 erat
2422 1915 2567 1979 hujus
2593 1915 2897 1978 imperatoris
2926 1917 3059 1980 origo
3076 1955 3089 1978 ,
3109 1916 3172 1966 de
3196 1929 3293 1978 qua
3323 1930 3372 1964 v.
3396 1917 3617 1977 Ducang.

2062 1989 2195 2036 Fam.
2224 1987 2335 2049 Byz.
2358 1989 2434 2035 85.
2458 2003 2483 2027 »
2518 1987 2635 2034 Jac.
2663 2011 2726 2021 —
2742 1990 2833 2036 406
2852 1988 2956 2036 ἔθεσι
2984 1986 3107 2043 Pal.;
3139 1987 3249 2044 ἤθεα
3265 1984 3391 2045 conj.
3412 1986 3516 2033 Jac.

2122 2059 2351 2105 407-413.
2380 2058 2645 2105 Homerua
2667 2055 2939 2117 Byzantius,
2972 2057 3171 2104 Lemma
3193 2076 3206 2105 ·.
3232 2057 3295 2110 sl:
3318 2057 3507 2116 ἄγαλμα
3529 2058 3621 2101 τοῦ

2060 2129 2255 2183 ποιητοῦ
2281 2124 2505 2187 Ὀμήρου.
2537 2149 2596 2158 -
2623 2127 2715 2174 409
2746 2126 2939 2185 παρήῐος
2976 2125 3090 2183 γεὶν.
3126 2125 3227 2174 Pal.
3260 2152 3321 2168 -—
3348 2128 3439 2173 410
3466 2125 3623 2184 Μυρὼ

2062 2195 2219 2254 Plan.;
2245 2195 2481 2256 καδα).ἰμη
2501 2207 2531 2243 a
2556 2207 2627 2256 pr.
2646 2207 2714 2242 m.
2730 2197 2779 2242 et
2806 2195 2873 2244 ἔτι
2896 2195 3061 2253 πεδνὴν
3078 2195 3179 2244 Pal.
3196 2197 3271 2244 Dc
3287 2194 3382 2244 hoc
3399 2197 3621 2242 Homero

2063 2265 2173 2315 vide
2196 2267 2481 2327 Fragmenta
2518 2264 2828 2327 'tragicorum
2862 2263 2939 2313 cd.
2969 2265 3134 2314 Didot.
3164 2278 3213 2328 p.
3261 2269 3373 2324 149,
3401 2264 3614 2313 Meinek.

2059 2337 2195 2386 Gom.
2227 2337 2273 2384 11
2290 2371 2303 2394 ‚
2331 2346 2379 2396 p.
2400 2341 2489 2385 585
2510 2346 2610 2396 seq.
2639 2333 2810 2384 Matris
2836 2333 3179 2398 epigrammata
3202 2335 3431 2396 quaedam
3448 2346 3625 2396 super-

2059 2409 2176 2455 sunt
2200 2404 2249 2453 in
2274 2403 2575 2466 Anthologia.

2116 2478 2336 2525 414-416.
2394 2475 2652 2535 Viryilt’us.
2700 2474 2900 2527 Lemma
2938 2495 2950 2524 :
2983 2476 3047 2532 εἰς
3086 2473 3275 2536 ἄγαλμα
3298 2479 3381 2523 τοῦ
3412 2479 3619 2532 ποιητοῦ

2058 2545 2291 2607 Βιργιλίου
2311 2549 2394 2593 τοῦ
2422 2543 2685 2606 γράψαντος
2712 2550 2770 2606 τῇ
2792 2549 2886 2593 τῶν
2904 2545 3151 2606 Ῥωμαίων
3174 2547 3400 2606 διαλέκτῳ
3422 2547 3507 2601 τὴν
3530 2562 3620 2592 κα-

2056 2615 2279 2675 λουμένην
2304 2613 2505 2663 Αἷνεάδα
2525 2613 2573 2660 ἐν
2598 2614 2730 2662 ἔπεσι
2758 2614 3051 2676 θαυμασίοις.
3082 2643 3143 2655 -
3177 2618 3268 2664 415
3316 2616 3450 2676 Βεργ.
3482 2615 3617 2675 Pal„

2056 2686 2185 2747 Βιργ.
2219 2684 2353 2733 Plan.
2382 2709 2445 2720 —
2468 2687 2560 2733 416
2594 2685 2775 2747 θυὸριόις
2808 2684 2910 2738 Pal.
2944 2685 3197 2751 Ὀμὸριὰς,
3232 2683 3493 2745 Umbrica,
3522 2685 3629 2734 Bo-

1968 2780 1977 2788 ·
2053 2755 2203 2818 thina,
2228 2753 2418 2806 nescias
2442 2766 2607 2816 quare.

413 2545 656 2595 nonnullis
689 2547 824 2594 totus
842 2545 973 2595 orbis
1001 2549 1248 2596 terrarum
1276 2547 1326 2595 in
1351 2547 1475 2596 duas
1499 2549 1664 2609 partes
1693 2545 1799 2596 sive
1823 2548 1975 2597 conti-

413 2618 586 2664 nentes
612 2614 938 2664 dividebatur.
966 2643 1028 2652 —
1055 2621 1147 2667 380
1174 2630 1272 2666 om.
1295 2617 1396 2665 Pal.

475 2689 690 2736 382-387.
719 2683 1002 2736 Pindarus.
1049 2689 1256 2738 Lemma
1299 2707 1312 2734 ·.
1345 2691 1408 2744 εἰς
1448 2687 1636 2749 ἄγαλμα
1668 2691 1758 2735 τοῦ.
1779 2687 1967 2750 λυρικοῦ

411 2755 659 2819 Πινδάρου.
