3829 5747
1238 272 1312 331 ΙΝ
1353 272 1601 332 CAPUT
1646 272 1746 331 vn
1797 270 2244 331 ANNOTATIO.

187 418 368 461 nomen,
393 404 448 452 ut
473 401 629 453 multa
658 402 752 453 alia
769 402 964 453 heroica
985 404 1197 464 nomina,
1235 404 1284 453 in
1317 404 1470 453 vitam
1491 413 1712 452 commu·-

185 488 285 523 uem
310 472 471 522 abiisse
496 471 640 523 docet
658 475 865 523 Pausan.
896 476 980 535 lv,
1008 478 1078 521 13.
1115 494 1137 513 ι»

3214 280 3318 336 451

1799 402 1999 464 spiritus
2023 402 2291 464 deliquium
2327 416 2427 465 proe
2456 403 2629 453 timore
2655 415 2869 465 passam,
2890 408 2977 454 aut
3012 404 3241 469 vertigine
3263 419 3343 455 ca-

1797 476 1947 534 ptam,
1974 484 2003 520 e
2028 471 2139 519 navi
2156 471 2402 521 excidisse.
2425 472 2505 522 Sic
2534 473 2633 521 fere
2657 474 2792 523 Helle
2814 487 2890 536 ap.
2918 474 3112 525 Luciau.
3134 478 3188 523 l).
3214 487 3334 523 mar.

1750 555 1756 571 ¹
1800 544 1884 601 lx,
1900 549 1946 591 2.
1980 562 2003 584 ν
2027 543 2141 590 Jac.
2172 569 2233 577 —
2252 549 2280 591 5
2305 542 2448 603 χθόνα
2470 544 2642 603 κόμμιν
2662 543 2802 601 cod.‚
2822 544 2871 593 in
2888 557 2987 606 quo
3010 546 3173 607 Κύμην
3200 558 3349 607 agno-

237 613 543 662 ccnxxxlv.
573 614 776 661 Lemma
803 632 816 661 ι
845 614 1000 677 ἕτερον
1016 615 1079 669 εἰς
1095 612 1315 671 ναυηγον,
1347 612 1618 672 Θαυμάσιον.
1651 638 1712 648 -
1751 611 1756 666 ἰ
1798 617 1936 663 verat
1976 615 2149 662 auctor
2178 611 2447 669 lemmatis3
2478 613 2623 674 χθόνα
2654 616 2835 675 Ταρσὸν
2862 614 3014 673 Plan„
3038 612 3170 663 haud
3198 613 3347 663 dubie

190 692 204 735 1
233 686 418 733 θάλαττα
439 683 577 733 Plan.
605 687 786 747 praeter
821 685 899 734 ed.
941 684 1093 747 princ.
1121 711 1181 719 —
1205 688 1252 733 4.
1275 684 1356 733 Bis
1385 686 1602 747 positum
1635 684 1710 733 in-

183 760 322 821 tellige
346 761 566 821 εὑρήσεις.
594 759 868 823 Respicitur
886 758 1036 809 maris
1053 758 1312 822 rapacitas.

234 899 523 947 CCLXXXV.
571 900 773 949 Lemma
815 912 830 941 ’-
863 900 1015 962 ἕτερον
1058 901 1124 955 εἰς
1159 900 1358 960 ναυηγὸν
1401 900 1709 961 ‘'Epeion-mov.

182 969 276 1017 Sine
291 968 449 1031 gentili
480 968 532 1017 in
564 970 701 1019 Plan.
728 996 790 1006 —
821 974 840 1019 1
865 974 1032 1033 πέτρας
1057 970 1190 1020 Plan.
1223 998 1278 1011 -
1306 974 1353 1031 3,
1382 973 1430 1018 4.
1453 971 1712 1032 comparat

182 1042 269 1087 Jac.
297 1038 540 1088 homerica
565 1040 660 1090 Od.
680 1045 737 1099 A,
773 1046 853 1091 161
891 1061 903 1088 :
932 1042 1090 1104 ἀνέρος
1108 1041 1164 1089 οὗ
1195 1040 1252 1097 δὴ
1283 1056 1376 1089 που
1417 1040 1543 1089 λεύκ’
1568 1042 1712 1090 ὀστέα

182 1116 349 1162 πύθεται
375 1114 557 1177 ὅμσρῳ,
587 1115 639 1165 et
667 1114 906 1178 Propertii
937 1117 1025 1175 ΙΙΙ,
1051 1113 1114 1164 el.
1149 1122 1195 1173 5,
1225 1119 1280 1165 27
1309 1128 1320 1156 =

267 1227 346 1271 sed
375 1230 450 1271 tua
477 1238 604 1271 nuuc
629 1226 837 1272 volucres
853 1227 1033 1271 adstant
1057 1237 1196 1283 super
1214 1237 1310 1269 ossa
1332 1224 1533 1276 inarinae,

315 1292 448 1333 Nunc
471 1289 554 1333 tibi
576 1300 662 1344 pro
689 1292 864 1333 tumulo
889 1288 1176 1345 carpathium
1199 1300 1334 1333 omne
1359 1298 1498 1332 mare.

229 1394 546 1441 chxxxvl.
571 1393 771 1441 Lemma
800 1405 812 1433 τ
846 1392 998 1453 ἔτερον
1025 1394 1088 1446 εἰς
1110 1392 1312 1450 ναυηγὸν
1337 1390 1588 1454 Νικάνορα,
1617 1391 1709 1440 Τύ-

178 1481 257 1525 ριον
271 1464 636 1511 πλουσιώτατον.
673 1462 808 1511 Plan.
838 1462 1132 1524 Ἀντιπάτρου
1149 1462 1252 1510 sine
1282 1460 1462 1524 gentili.
1496 1489 1558 1497 —
1592 1467 1609 1510 1
1635 1465 1712 1511 Νι-

179 1540 297 1597 timp
321 1533 476 1592 Pinus,
498 1536 826 1596 μεμαραμμὲνε
849 1532 1016 1581 Codex
1031 1572 1044 1591 ,
1079 1545 1176 1581 non
1203 1549 1388 1595 μεμορ.;
1413 1532 1544 1582 Plan.
1570 1549 1711 1594 μεμο-

178 1606 348 1667 ρημὲνε,
395 1602 532 1665 quod
580 1602 769 1661 editur3
801 1601 922 1653 illud
964 1606 1098 1652 recte
1143 1602 1359 1666 praetulit
1396 1602 1601 1651 Hecker.
1651 1628 1712 1637 —-

177 1676 330 1733 ἰἠΐονι
372 1672 497 1722 cod.
547 1696 602 1707 -—
634 1676 664 1721 3
699 1672 860 1735 ἥσυχα
886 1674 999 1734 πρὸς
1045 1688 1096 1721 π.
1135 1671 1292 1721 nothii
1348 1672 1608 1721 somnium.
1649 1700 1712 1712 --

177 1748 198 1791 4
220 1742 418 1805 φροῦδα*
441 1742 594 1799 πάσης
611 1740 750 1799 eod.;
777 1742 950 1805 φροῦδά
966 1757 1017 1790 τε
1035 1743 1114 1789 καί
1139 1740 1291 1798 πάσης
1321 1741 1454 1790 Plan.
1482 1745 1535 1791 et
1554 1741 1706 1791 Boias.

173 1814 418 1863 §amasius
436 1816 489 1862 et
512 1814 618 1861 Jac.
637 1812 793 1876 φροῦδ’
818 1813 908 1876 ἄρα
923 1814 1069 1861 aaliz.
1093 1812 1340 1861 Heclierus
1362 1831 1374 1859 ι
1404 1814 1466 1867 ὠς
1487 1812 1700 1875 φροῦδ’·ιὶ

172 1886 320 1941 πάσης.
345 1883 443 1933 Sed
468 1895 614 1932 nemo
647 1882 882 1946 explicuit
913 1894 1140 1945 quaenam
1167 1880 1231 1931 sit
1257 1881 1345 1931 illa
1373 1883 1528 1939 πάσης
1553 1883 1705 1943 Τύρου

173 1955 278 2009 {istit
315 1973 327 2001 :
351 1952 488 2015 quod
503 1950 569 2001 de
608 1952 716 2015 ipso
741 1953 978 2002 Nicanore
998 1952 1122 2013 dici,
1149 1953 1292 2016 cujus
1321 1951 1518 2002 divium
1544 1951 1708 2011 modo,

171 2024 355 2073 virtutes
371 2021 522 2071 nullae
536 2025 882 2081 memorantur,
899 2020 1300 2087 pei-improbabile
1315 2023 1406 2071 est.
1429 2018 1634 2083 Scripsi'
1621 2019 1704 2083 igi-

171 2096 242 2141 tur
265 2096 454 2155 πάιρης,
474 2091 754 2156 oppositum
790 2094 912 2155 ξείνῃ
939 2094 1085 2154 ἡῑὸνι,
1106 2093 1331 2145 lacunam
1355 2091 1463 2142 aliis
1494 2091 1711 2141 commit-

171 2166 264 2213 teus
285 2164 472 2213 felicius
502 2162 816 2226 explendam.
846 2166 1098 2229 Insperata
1120 2166 1278 2213 morte
1309 2162 1477 2212 obiens
1501 2160 1710 2242 perdidit

171 2234 286 2283 aedes
309 2234 622 2297 magnificas,
652 2233 834 2296 quibus
861 2234 1190 2297 superbiebat,
1221 2238 1272 2283 et
1297 2232 1404 2298 ipsa
1428 2229 1672 2295 sepulcri
1657 2244 1708 2280 m

171 2305 309 2367 patria
343 2308 475 2355 terra
515 2318 628 2369 spes
660 2304 872 2369 perierat
913 2305 1224 2370 peregrinum
1265 2305 1316 2354 in
1361 2304 1501 2355 littus
1535 2306 1705 2368 ejecto.

171 2374 454 2425 Contrarium
500 2380 686 2426 sortem
717 2376 954 2426 Leonidas
1003 2378 1103 2427 fere
1133 2376 1405 2440 gratulatur
1441 2376 1708 2427 Promacho

169 2444 282 2494 infra
303 2458 378 2509 ep.
401 2454 516 2507 665,
544 2453 571 2497 5
600 2458 758 2509 seqq.·,
781 2459 895 2509 quae
918 2446 1156 2497 conferas.
1185 2474 1242 2484 —
1263 2454 1308 2496 5.
1339 2448 1396 2496 lu
1411 2460 1564 2511 marg.
1583 2447 1706 2497 cod.

170 2534 336 2577 ωραιον.

227 2654 572 2704 CCLXXlel.
601 2654 802 2703 Lemma
844 2674 856 2703 :
902 2656 966 2709 ei<
1007 2656 1155 2704 Λύσιν
1194 2656 1378 2716 (Λῦσιν
1425 2656 1705 2719 corrector)

169 2724 363 2783 νανηγόν.
395 2723 549 2773 Cous.
585 2735 662 2785 ep.
701 2722 892 2773 Archiae
932 2728 1042 2774 278.
1087 2753 1146 2766 -
1179 2735 1196 2773 1
1229 2726 1432 2775 θάλαττα
1473 2724 1613 2773 Plan.
1647 2752 1708 2761 ——

169 2798 196 2841 3
217 2795 363 2851 στηνὲς
375 2794 500 2843 cod.
519 2794 829 2857 superposito
850 2813 892 2858 ρ.
919 2795 1104 2845 Deinde
1128 2794 1236 2859 παρ’
1261 2797 1410 2845 οῦκτα
1431 2796 1704 2846 ΒιιιιιοΙιίιιε,

171 2862 445 2928 frustra.‘—
489 2872 518 2916 5
557 2865 646 2915 οὐκ
692 2866 766 2915 ἐπὶ
803 2864 1153 2922 Schneiderusz
1191 2868 1279 2916 οὐκ
1315 2866 1381 2916 ἔτι
1407 2866 1571 2926 codd„
1619 2867 1706 2918 sed

169 2934 306 2984 aliena
321 2935 382 2985 ab
406 2936 503 2986 hoc
525 2937 636 2986 loco
666 2937 865 2987 videtur
891 2938 1070 2986 mentio
1103 2938 1402 2987 fortunarum
1430 2937 1618 3000 Lysidis
1643 2951 1706 2988 ex

169 3004 431 3058 lautioribus
447 3008 564 3058 olim
579 3007 631 3058 in
645 3008 898 3072 angustius
911 3008 1213 3058 redactamm
1231 3027 1244 3069 ς
1269 3009 1434 3072 potius
1449 3029 1471 3051 «
1486 3009 1702 3072 avaritia,

171 3077 218 3122 ut
246 3077 378 3136 solet,
407 3081 459 3129 et
493 3079 676 3128 invidia
701 3079 823 3128 mari
844 3078 1182 3142 exprobratur,
1204 3079 1337 3142 quod
1361 3079 1503 3142 Lysin
1529 3093 1705 3142 quam·

169 3145 233 3192 iis
255 3159 395 3208 parvo
424 3150 618 3213 navigio
652 3153 852 3200 vectum
879 3149 1164 3212 exiguisque
1194 3149 1489 3200 instructum
1517 3149 1668 3213 copiis
1688 3188 1702 3211 ,

169 3217 310 3265 tamen
331 3217 661 3270 submerserit.
697 3241 720 3264 ι»
748 3224 936 3272 Jac.-
959 3229 1006 3271 6.
1038 3221 1177 3270 Cous.
1208 3220 1271 3269 ad
1295 3235 1372 3284 ep.
1399 3227 1508 3281 295,
1533 3226 1578 3270 4.

219 3349 1093 3414 ccmxv111.1.emma.6uot.;oe
1125 3355 1188 3408 εἰς
1221 3353 1421 3414 ναυαγὸν
1463 3353 1586 3402 ᾰνών
1587 3370 1703 3414 υμοι·

171 3425 224 3480 (i
251 3435 292 3472 e.
324 3423 460 3475 hunc
488 3424 698 3488 quidem
723 3431 1082 3508 anonymum).
1122 3455 1170 3466 -
1209 3431 1227 3472 ι
1259 3425 1355 3474 οὐδ’
1381 3427 1531 3488 ἑτέρης
1559 3424 1701 3482 Cod.;

169 3499 348 3544 θαλαττα
369 3496 500 3546 Plan.
527 3522 591 3531 —
618 3501 647 3544 3
677 3495 832 3558 σάρκα
865 3496 1053 3558 μὲνγὰρ
1089 3495 1212 3544 Cod.
1237 3499 1349 3544 —4
1376 3498 1534 3559 ψηχρῇ
1569 3497 1697 3544 Hee-

169 3565 362 3627 kerusl,
384 3579 430 3628 p
457 3569 541 3627 94,
563 3564 804 3615 vocabulo
827 3563 991 3614 dubio.

217 3705 536 3754 CCLxxxlx.
567 3706 810 3752 Lemma.
803 3692 894 3758 εἰς
921 3703 1077 3752 Ἀνθέα
1097 3704 1176 3752 τόν
1198 3703 1370 3763 ναυηγὸ
1353 3721 1415 3761 ν,
1439 3704 1494 3750 ἐκ
1511 3707 1591 3760 τῆς
1621 3704 1702 3750 θα-

167 3777 320 3832 λάσσης
341 3776 569 3834 σωθέντα,
590 3775 680 3824 ὑπὸ
700 3775 832 3836 θηρὸς
855 3775 903 3822 δὲ
926 3773 1147 3837 χερσαίου
1172 3774 1476 3834 ἀναιρεθέντα.
1505 3799 1563 3807 -
1584 3777 1612 3822 3
1631 3772 1705 3820 >15-

169 3863 235 3901 κος
255 3846 386 3894 lineae
408 3845 794 3908 superscriptum
817 3845 864 3892 in
891 3843 1064 3894 coda«

1709 1254 1734 1279 ο
1797 1240 2033 1303 prolatam
2057 1241 2095 1288 t.
2121 1240 2180 1297 X,
2200 1250 2248 1299 p.
2281 1244 2385 1298 19⁰,
2411 1244 2601 1302 κρυεροῦ
2622 1240 2872 1301 δυρομὲνη,

1095 3843 1343 3902 ’,Ασκοπον
1381 3842 1442 3892 de
1463 3841 1704 3902 ejusmodi
1740 3829 1746 3914 Ι

1798 681 1860 731 de
1887 694 1993 731 suo.
2023 707 2081 717 -
2107 690 2136 731 o
2165 684 2333 745 ψηχρῷ
2356 682 2555 732 liecker.
2582 708 2642 717 —--
2666 686 2711 732 7.
2739 685 2793 732 ln
2817 682 2938 733 cod.
2964 697 3143 732 novum
3170 683 3252 733 hic
3271 682 3343 732 in·

1798 754 1914 817 cipit
1960 767 2059 817 ep„
2104 767 2217 802 cum
2246 754 2473 803 lemmate
2504 773 2515 801 :
2546 756 2609 809 εἰς
2634 754 2717 811 τήν
2756 755 2981 817 θυγατέρα
3012 754 3346 817 Ἀριστομάχου

1797 826 2143 885 ναυαγήσασαν.
2173 825 2315 873 Conl'.
2335 825 2421 883 lx,
2448 836 2524 885 ep.
2552 830 2657 873 245.

1863 960 2097 1009 CCXCH.
2126 960 2325 1009 Lemma
2352 980 2363 1008 z
2395 960 2457 1015 εἷς
2498 964 2703 1017 Ληναῖον
2742 962 2959 1019 ναυηγόν.
3001 982 3023 1002 «ι
3056 964 3141 1011 Est
3164 961 3227 1012 de
3259 961 3353 1011 hoc

1797 1031 1948 1094 epigr.
1970 1031 2244 1092 conjectura
2263 1030 2356 1079 viri
2384 1030 2433 1079 d.
2461 1030 2541 1079 vix
2564 1030 2709 1093 digua
2735 1044 2849 1093 quae
2884 1036 3179 1081 memoretur
3200 1032 3249 1081 in
3268 1034 3345 1081 Bi—

1797 1098 1969 1150 hlioth.
2009 1099 2225 1149 ratiocin.
2269 1101 2307 1149 t.
2350 1101 2493 1159 XLV,
2518 1112 2569 1161 p.
2605 1104 2711 1150 344.
2744 1121 2767 1143 »»
2794 1104 2858 1151 Β.
2903 1126 2965 1139 -
2996 1108 3023 1149 2
3060 1103 3213 1165 pope&
3234 1104 3349 1165 ὑπὲρ

1797 1176 2006 1233 κρυεροῖο
2026 1172 2254 1231 μυρομένη
2279 1167 2401 1217 cod.
2432 1168 2602 1230 Recepi
2630 1170 2974 1219 correctionem
3010 1173 3113 1219 Jac.
3136 1171 3184 1221 in
3204 1174 3340 1221 Anal.

2913 1257 2938 1281 κ
2973 1239 3055 1287 (·ιιί
3082 1253 3237 1302 quum
3264 1240 3349 1289 ali-

1798 1309 1908 1370 quis
1918 1306 2202 1371 praefixisset
2216 1306 2292 1355 vel
2308 1308 2723 1370 superscripsisset
2740 1325 2784 1365 ο,
2802 1310 2967 1357 ortum
2987 1312 3063 1357 est
3078 1316 3299 1373 κρυεροῖο.
3324 1330 3346 1353 ι.

1798 1377 1937 1428 Idem
1956 1378 2007 1427 in
2024 1377 2125 1427 Pal.
2148 1376 2360 1440 σμύχεθ’,
2378 1377 2427 1425 in
2445 1380 2565 1427 nott.
2590 1390 2709 1427 mss.
2730 1378 2872 1439 δύρεθ’
2895 1379 3009 1437 ὑπὲρ
3031 1384 3221 1442 κρυεροῦ
3240 1396 3345 1441 μυρ.

1799 1447 2048 1498 fleckerus
2084 1452 2275 1509 κρυεροῦ
2312 1450 2613 1510 σμυχομὲνη,
2644 1468 2665 1489 ιι
2698 1446 2833 1509 quod
2864 1447 3069 1497 verbum
3104 1450 3351 1513 aptissime

1795 1516 2023 1579 congruit
2056 1529 2169 1565 cum
2206 1516 2359 1566 altero
2398 1518 2535 1580 κωφὰ
2574 1517 2781 1581 μύρεται.
2804 1539 2828 1561 »»
2867 1518 3137 1569 Meiuekius
3168 1532 3218 1582 p.
3267 1526 3349 1571 182

1794 1584 2080 1649 conjiciebat
2102 1586 2255 1651 μύρεθ’
2279 1588 2393 1650 ὑπὲρ
2417 1594 2625 1651 κρυεροῖο
2652 1589 2925 1651 μινυρομένη
2956 1606 3011 1637 σε
3028 1591 3208 1651 τάροιο.

1860 1728 2118 1779 ccxcnl.
2145 1729 2343 1778 Lemma
2368 1749 2382 1777 ι
2408 1730 2473 1784 εἰς
2516 1730 2785 1792 Νικόφημον
2808 1730 3140 1791 ναυαγῆσαν-ια
3159 1733 3253 1781 ὑπὸ
3278 1732 3350 1780 δί-

1795 1799 1914 1860 ψους
1950 1798 1999 1846 ἐν
2021 1804 2079 1861 τῇ
2107 1798 2339 1860 θαλάσσῃ.
2370 1816 2395 1840 ιι
2428 1798 2609 1849 Gallico
2646 1799 2796 1849 vertit
2833 1800 3055 1850 Larclier.
3086 1800 3149 1851 ad
3176 1800 3349 1851 Chari-

1791 1869 1894 1915 ton.
1916 1868 1955 1915 t.
1976 1868 2042 1927 11,
2064 1878 2112 1929 p.
2144 1871 2233 1916 223
2264 1887 2288 1910 ι»
2320 1868 2381 1915 Β.
2401 1866 2548 1929 Apud
2566 1879 2712 1929 quem
2741 1869 2831 1928 111,
2849 1881 2899 1931 p.
2925 1872 2987 1919 48
3007 1888 3019 1916 =
3040 1870 3087 1919 ἐν
3117 1872 3263 1931 ταύτῃ
3292 1876 3351 1933 τῇ

1793 1936 2063 1999 θαλάσση...
2085 1938 2282 1997 γαλήνης
2314 1941 2491 2001 μακρᾶς
2504 1938 2750 1998 γενομένης
2782 1938 2903 2001 δίψα
2928 1938 3097 1994 πάντες
3126 1940 3348 2003 &verific-

1794 2022 1900 2055 σαν.
1931 2030 1992 2043 -—
2022 2012 2050 2055 2
2089 2008 2291 2067 κύματος
2324 2004 2445 2057 cod.
2482 2009 2534 2056 et
2557 2006 2714 2065 Plan.;
2739 2007 2941 2069 κύμασιν
2973 2020 3245 2071 anonymus
3270 2022 3349 2073 up.

1795 2076 2032 2126 fluetium
2059 2091 2108 2141 p.
2132 2081 2219 2135 233
2244 2076 2413 2139 κύματ’
2444 2078 2501 2125 οὐ
2521 2076 2648 2127 alius
2668 2090 2747 2141 up.
2770 2078 2969 2128 Dorvill.
2996 2078 3139 2129 Char.
3166 2093 3213 2143 p.
3238 2084 3347 2130 272.

1793 2152 1921 2197 -4,
1954 2167 1977 2191 «ι
2010 2149 2238 2213 Ἀνηνὲμῳ
2264 2150 2397 2213 πλόῳ
2429 2148 2557 2199 idem
2583 2152 2660 2199 est
2696 2150 2829 2213 quod
2858 2150 3069 2215 νηνεμία.
3092 2152 3227 2201 Infra
3266 2165 3347 2215 ep.

1793 2220 1886 2267 640
1916 2231 1929 2259 ²
1956 2218 2128 2281 ἀπλοΐῃ
2161 2220 2490 2279 πεπεδημένον.
2526 2222 2771 2283 Φρύγομαι
2795 2220 2857 2270 de
2881 2220 2963 2271 siti
2990 2221 3139 2271 eiiam
3166 2222 3337 2272 AElian.

1791 2288 1852 2336 N.
1882 2291 1939 2337 A.
1971 2290 2123 2347 xvll,
2158 2292 2233 2338 37.
2278 2308 2301 2331 ι»
2324 2290 2441 2339 Jac.
2477 2288 2725 2340 Heckerus
2750 2289 2872 2351 conj.
2903 2291 3073 2353 εψύγη,
3102 2292 3211 2341 coll.
3252 2294 3351 2341 lle-

1795 2358 1953 2421 sych.=
1984 2359 2213 2421 ἀπεψύγη·
2239 2359 2661 2421 ἀπεπνιυματίσθη.
2702 2360 2830 2410 Plan.
2860 2362 3012 2423 δίψης.

1857 2496 2107 2547 CCXCIV.
2140 2499 2339 2546 Lemma
2368 2519 2381 2548 ι
2408 2497 2663 2547 Τατυλλίου
2697 2499 2715 2553 (
2730 2498 2829 2559 sic)
2864 2501 3051 2561 Δαυρὲα
3076 2500 3139 2555 εἰς
3182 2501 3352 2561 Γρυνέα

1793 2568 1873 2615 τόν
1897 2570 2033 2616 ἁλιέα
2050 2568 2098 2615 ἐν
2128 2569 2337 2629 θαλάσση
2358 2570 2683 2629 ἀποπνιγέντα.
2715 2571 2771 2619 ln
2794 2568 2929 2618 Plan.
2968 2569 3246 2618 Στατυλλίου
3281 2570 3351 2617 in-

1793 2636 2044 2700 scriptum.
2068 2664 2131 2674 —
2149 2642 2178 2688 3
2198 2640 2251 2687 ἐκ
2280 2638 2483 2688 accessit
2502 2651 2561 2687 ex
2580 2640 2715 2689 Plan.
2749 2665 2810 2676 —
2826 2642 2857 2687 4
2884 2639 2954 2687 sic
2976 2637 3141 2698 codd,
3168 2658 3191 2679 «ι
3214 2638 3351 2701 quod

1791 2707 1989 2757 defendi
2006 2710 2197 2769 potest;
2219 2722 2331 2757 nam
2353 2707 2649 2771 adjectivum
2678 2710 2900 2772 κρόκαλος
2932 2711 3171 2757 memorat
3191 2708 3345 2757 Theo·

1791 2779 1995 2839 gnostus
2013 2778 2130 2826 Can.
2162 2782 2311 2843 p.‚21,
2333 2784 2361 2826 5
2386 2800 2396 2826 :
2424 2778 2647 2839 κρόκα).ος
2667 2778 2892 2840 αἰγιαλός,
2910 2777 2943 2826 i.
2968 2790 3014 2826 e.
3036 2779 3349 2841 κροκαλώδης,

1793 2846 1937 2897 littus
1956 2860 2278 2910 scruposum.
2317 2868 2341 2890 ι»
2364 2846 2579 2899 Becker.
2610 2862 2657 2911 p.
2688 2853 2793 2899 204.
2832 2850 3063 2898 Ceterum
3088 2847 3351 2911 probabilis

1793 2918 2077 2979 conjecture
2100 2917 2310 2966 Jacobsii
2338 2918 2512 2979 ἠϊόνος,
2540 2918 2892 2982 coll.-Append.
2914 2933 2989 2982 ep.
3020 2924 3110 2968 312
3136 2939 3148 2966 :
3176 2923 3352 2980 Τυρση-

1796 2993 1876 3045 νῆς
1913 2989 2069 3046 ἠϊόνος
2098 2989 2321 3050 κροκάλη,
2349 2991 2400 3038 et
2435 2988 2497 3038 al.
2530 2989 2731 3038 Boi-hius
2781 2989 2919 3047 ἠϊόνι.
2964 2987 3086 3038 cod.
3114 2990 3187 3048 ἐς,
3214 2990 3347 3038 Plan.

1791 3061 1873 3112 ti:-

1851 3203 2079 3251 CCXCV.
2110 3203 2309 3250 Lemma
2339 3220 2353 3250 ι
2386 3203 2453 3254 εἰς
2485 3205 2628 3265 Θῆριν
2652 3205 2785 3252 ἁλιέα
2816 3202 2865 3251 ἐν
2884 3208 2942 3265 τῇ
2976 3205 3146 3252 ἑαυτοῦ
3169 3204 3349 3266 καλύίῃ

1787 3273 2139 3330 τεὴυτήσαντα.
2160 3291 2221 3308 -—
2245 3279 2289 3321 2.
2322 3272 2507 3330 Αἰθυίης
2522 3308 2537 3332 ,
2560 3271 2687 3322 conf.
2710 3285 2786 3334 ep.
2810 3275 2919 3333 277,
2946 3277 2992 3322 4.
3015 3275 3151 3322 Atat.
3178 3271 3343 3322 Phaen.

1790 3347 1881 3392 296
1912 3354 1924 3383 =
1968 3344 2133 3391 nautae
2156 3343 2301 3390 ἴκελοι
2327 3344 2441 3390 κολυ
2454 3342 2611 3403 μδίσιν
2645 3342 2891 3404 αἰθυίῃσιν.
2923 3369 2980 3377 -
3006 3347 3035 3392 3
3061 3342 3218 3404 ἰχθύσι
3244 3344 3346 3399 ληῑ-

1789 3418 1937 3475 στῆρα
1956 3411 2077 3461 Cod.
2096 3415 2147 3461 et
2160 3413 2315 3469 Plan.;
2337 3413 2695 3476 ἰχθυοληῑσιῆρα
2712 3411 2990 3462 Schneider.
3008 3415 3059 3462 et
3077 3414 3183 3460 Jac.
3210 3431 3234 3454 «ι
3251 3412 3347 3460 Sed

1789 3486 1920 3533 recte
1946 3481 2133 3532 dictum
2175 3485 2573 3545 ἰχθυσιληῐστῆρα,
2606 3485 2663 3532 ut
2704 3483 3047 3545 ἀρροσιδὸμΰαξ
3074 3495 3153 3545 ap.
3194 3482 3348 3530 Timo-

1789 3565 1900 3602 nem
1931 3553 2066 3616 Diog.
2092 3556 2145 3602 L.
2176 3555 2243 3613 ll,
2280 3560 2383 3614 126,
2408 3555 2713 3614 ὓδασιστεγής
2741 3567 2819 3616 ap.
2843 3553 3119 3618 Philippum
3149 3556 3235 3614 Vl,
3265 3567 3342 3616 ep.

1788 3627 1867 3681 90,
1891 3625 1941 3672 et
1966 3624 2121 3672 multa
2144 3621 2364 3683 eiusdem
2392 3625 2581 3686 generis
2605 3623 2699 3673 alia
2714 3662 2727 3684 ,
2748 3623 2811 3673 de
2834 3623 3014 3686 quibus
3041 3623 3138 3686 egit
3160 3623 3346 3672 Lobec·

1790 3693 1900 3742 liius
1912 3693 1976 3742 ad
2008 3693 2495 3756 Phryn.p.es7.1n
2530 3695 2878 3758 χηραμοδύτης,
2904 3708 2990 3757 pro
3016 3707 3117 3756 quo
3147 3693 3239 3743 fuit
3264 3694 3349 3755 qui

1791 3762 2148 3824 χηραμοδυπτην
2125 3762 2479 3812 vscribendum
2508 3766 2755 3822 censeret,
2781 3767 2915 3812 recte
2938 3763 3204 3826 penultima
3230 3776 3346 3826 pro-

1789 3829 2341 3890 ducitur;v.1.obeck.
2384 3833 2590 3893 Paralip
2624 3846 2671 3894 p.
2698 3837 2845 3882 432.»
2844 3835 3121 3884 »ΜείπεΙι.
3160 3849 3208 3899 p.
3241 3841 3345 3886 133.

170 3916 358 3977 periculo
379 3929 624 3965 securum,
663 3941 724 3950 -.
753 3919 780 3964 4
807 3915 1056 3977 πικρότεροι
1085 3913 1239 3972 Plan„
1277 3913 1418 3962 male
1440 3913 1581 3960 (jons
1617 3915 1700 3971 {x
1741 3931 1746 3997 1
1789 3903 1850 3950 Et
1867 3901 1939 3950 sic
1955 3903 2059 3950 Jac.
2090 3902 2139 3950 in
2162 3902 2365 3951 Delectu
2387 3915 2435 3963 p.
2465 3906 2573 3955 452.
2596 3904 2705 3952 Jam
2725 3903 2991 3953 Salmasius
3014 3917 3106 3954 suo
3132 3907 3351 3969 exemplo

169 3999 230 4048 ep.
258 3991 361 4044 271,
389 3986 454 4035 de
481 3985 632 4035 maris
671 3999 760 4048 per
780 3984 884 4033 dies
921 3983 1200 4046 halcyonios
1233 3983 1600 4044 tranquillitate,
1637 3986 1700 4038 ὡς

169 4063 298 4118 κρῖναι
328 4059 494 4120 χέρσον
516 4055 837 4118 ἀπιστοτέᾳην.
869 4076 892 4098 υ
921 4055 1038 4104 Jac.

217 4191 388 4239 CCXC.
419 4192 622 4238 Lemma
657 4208 672 4239 ι
699 4189 852 4252 ἕτερον
875 4191 939 4244 εἰς
959 4189 1159 4250 ναυηγὸν
1179 4187 1271 4236 ὑπὸ
1293 4187 1438 4251 ἔχεως
1458 4187 1697 4248 δηχθέντα.

171 4285 217 4293 -
235 4265 261 4308 3
290 4261 599 4323 βεῦαρυμένον
627 4259 761 4308 Plan.

217 4399 406 4448 ccxcl.
437 4399 638 4446 Lemma
662 4415 676 4445 ι
705 4397 770 4451 εἰς
799 4397 1054 4453 Δυσιδίκην
1091 4396 1424 4456 ναυηγῆσασαν
1465 4394 1696 4454 Κυμαίαν.

173 4471 213 4516 ln
251 4467 586 4531 cenotaphium
623 4465 877 4528 Lysidicae,
897 4479 1028 4528 quae,
1055 4468 1192 4528 patre
1235 4462 1566 4513 Aristomacho
1593 4475 1701 4512 eam

172 4552 237 4600 per
265 4552 396 4589 mare
439 4536 502 4588 ad
529 4550 762 4600 sponsum
784 4537 1054 4586 deducente
1070 4573 1085 4597 ,
1113 4538 1401 4598 tempestate
1441 4537 1610 4583 exorta
1651 4533 1701 4583 in

171 4610 292 4658 undis
317 4608 476 4672 periit.
504 4607 770 4671 &gitanda
790 4610 864 4656 est
889 4609 1078 4666 autem,
1112 4610 1170 4655 ut
1194 4605 1422 4654 observat
1457 4603 1699 4653 Beckerus

171 4679 250 4741 ιιι
299 4684 387 4738 94,
441 4677 710 4742 anaglypho
745 4677 912 4727 efficta
940 4677 1098 4739 qualis
1123 4674 1413 4730 describitur
1455 4687 1506 4722 v.
1555 4681 1597 4722 1.
1636 4699 1700 4710 —

175 4751 298 4798 1.sic
323 4747 530 4798 Ovidius
563 4751 673 4810 (ap.
709 4749 813 4797 Jac.
837 4749 854 4808 )
879 4747 942 4796 de
976 4749 1134 4809 Ceyce
1171 4747 1408 4808 naufrago
1449 4765 1461 4792 ι
1489 4744 1700 4794 nudum

171 4821 208 4864 el
229 4819 400 4870 adhuc
430 4817 681 4868 humente
717 4815 927 4880 capillo.
961 4845 1024 4853 —
1060 4825 1088 4866 2
1115 4817 1283 4875 ναυηγὲ
1313 4813 1454 4870 Cod.;
1495 4819 1698 4874 ναυηγοῦ

173 4888 280 4938 Plan.
311 4887 582 4939 Meinekius
599 4900 648 4950 p.
666 4894 776 4948 225,
799 4887 882 4936 cui
899 4887 1100 4950 simplex
1119 4888 1182 4942 εἰς
1207 4885 1283 4933 ἁλί
1311 4882 1456 4933 nimis
1476 4883 1698 4947 jejunum

173 4958 408 5020 videretur,
436 4958 641 5020 cotiiecit
663 4965 853 5020 ναυαγῷ
877 4960 952 5020 φθ.
975 4959 1040 5006 εἰν
1059 4957 1152 5017 ἁλὶ,
1173 4959 1232 5004 in
1243 4952 1510 5018 naufrago
1535 4956 1698 5014 mari,

173 5029 257 5078 coll.
293 5032 376 5090 ΙΧ,
403 5043 480 5092 ep.
529 5034 632 5090 105,
659 5028 854 5090 ἀνέμους
884 5027 1127 5088 ναυηγούς.
1157 5052 1219 5062 -
1247 5029 1278 5075 3
1305 5023 1526 5081 θαλάττης
1559 5022 1694 5073 Plan.

175 5103 322 5158 praeter
358 5099 438 5150 ed.
469 5099 618 5162 princ.
662 5117 686 5142 »ι
715 5099 932 5148 Puellam
969 5099 1090 5161 puta
1116 5095 1165 5146 iu
1191 5096 1338 5146 maris
1371 5093 1586 5146 tumultu
1611 5094 1700 5143 aut

1789 3970 2150 4033 adscripscrat:
2185 3971 2621 4034 «ιχῐιυσιληῑστῆρα
2648 3973 2793 4022 unica
2814 3987 2950 4022 voce.
2978 3977 3197 4022 »»-4.
3220 3977 3351 4024 Ναυ-

1789 4042 1876 4090 τιλΐ
1863 4059 1908 4098 ιη
1937 4054 2025 4103 pro
2046 4054 2184 4090 nave
2212 4041 2425 4103 positum
2466 4041 2657 4105 poetice
2674 4080 2687 4102 ,
2728 4044 2785 4091 ut
2825 4044 3001 4106 εἰρεσίη
3036 4041 3201 4107 paullo
3227 4049 3339 4094 ante

1790 4123 1866 4172 ep.
1912 4115 2032 4169 287,
2060 4118 2106 4160 6.
2136 4137 2199 4146 -
2224 4118 2272 4160 5.
2302 4113 2375 4160 De
2408 4111 2638 4161 violentia
2662 4113 2857 4161 Arcturi
2884 4127 2931 4161 ι’.
2974 4113 3133 4163 Plaut.
3165 4113 3214 4162 in
3252 4116 3350 4162 Ru-

1789 4178 1952 4229 dentis
1979 4179 2175 4242 prologo
2211 4185 2271 4230 69
2308 4192 2467 4241 seqq.,
2496 4179 2619 4229 min.
2646 4183 2830 4242 lell,
2854 4187 2934 4242 31,
2973 4187 3057 4232 74.
3092 4202 3116 4225 ι»
3140 4186 3256 4233 Jac.
3289 4209 3349 4220 —

1791 4254 1815 4300 7
1855 4249 2013 4298 ἔθανεν
2054 4248 2197 4309 Cod.,
2235 4262 2359 4298 corr.
2401 4249 2691 4311 Stephanus.
2724 4277 2786 4287 -
2814 4258 2845 4304 9
2880 4253 3046 4302 τούτου
3072 4270 3125 4302 π.
3162 4252 3347 4312 (*o(l‹·x‚

1791 4333 1914 4367 corr.
1948 4317 2163 4378 Jacobs„
2196 4323 2247 4370 et
2278 4322 2403 4368 τοῦτ’
2430 4321 2487 4370 οὗ
2512 4333 2541 4370 a
2571 4321 2727 4383 prima
2752 4335 2818 4370 m.
2843 4323 3077 4386 scriptum
3110 4323 3261 4372 ruisse
3299 4323 3349 4372 iu

1789 4389 1971 4438 Codice
1998 4389 2191 4452 agnovit
2226 4389 2493 4451 l‘aulssen.;
2522 4391 2632 4453 τῷδ’
2652 4392 2710 4440 οὐ
2726 4409 2781 4441 π.
2810 4391 2945 4442 Plan.

1850 4533 2095 4583 CCXCVI.
2126 4533 2329 4582 Lemma
2354 4551 2366 4580 ι
2392 4534 2447 4581 Σ.
2475 4537 2557 4581 τοῦ
2577 4532 2727 4592 Κήου,
2760 4534 2824 4588 εἰς
2850 4533 2955 4588 τοὺς
2985 4534 3102 4592 μετὰ
3130 4533 3349 4592 Κίμωνος

1787 4605 2208 4666 στρατευσαμένους
2232 4604 2279 4651 ἐν
2315 4603 2489 4664 Κύπρῳ
2524 4603 2800 4661 Ἀθηναίους,
2828 4604 2908 4653 ὅτε
2939 4603 3022 4659 τὰς
3051 4607 3090 4666 ρ’
3116 4609 3227 4660 ναῦς
3246 4610 3346 4652 τῶν

1785 4674 2019 4723 Φοινίκων
2052 4673 2211 4722 ἔλασεν
2252 4672 2353 4734 (sic
2378 4671 2523 4730 eod..
2564 4686 2662 4722 non
2700 4673 2863 4722 ἔλαθον
2873 4672 2909 4731 ).
2953 4672 3066 4723 Sive
3090 4675 3147 4722 ut
3190 4671 3347 4728 schol,

1785 4743 2011 4792 Aristidis
2038 4744 2128 4802 111,
2158 4756 2204 4805 p.
2242 4747 2333 4792 209
2358 4743 2513 4803 (525)
2548 4761 2560 4791 ι
2589 4743 2653 4796 εἰς
2685 4743 2768 4798 τὰς
2797 4743 3054 4805 αὐθημερὸν
3084 4743 3254 4800 ταύτας
3286 4744 3358 4792 νί-

1785 4829 1871 4868 κας
1920 4812 2197 4872 (Cimonis)
2244 4812 2501 4873 Σιμωνίδης
2541 4811 2719 4873 ὕμνησε
2753 4814 2919 4872 λέγων·
2938 4811 3015 4868 Ἐξ
3041 4815 3145 4863 κτλ.
3182 4814 3349 4866 Affert

1784 4881 2020 4932 Aristides
2054 4883 2095 4931 t.
2136 4883 2203 4941 ll,
2244 4893 2293 4944 p.
2340 4887 2432 4932 209
2472 4884 2523 4931 et
2564 4895 2679 4930 cum
2728 4882 2923 4932 nomine
2970 4881 3231 4932 Simonidis
3276 4883 3343 4935 ib.

1785 4965 1831 5015 p.
1869 4958 1959 5002 512
1982 4951 2061 5002 ed.
2090 4951 2235 5001 Dind.
2266 4951 2509 5001 Diodorus
2546 4953 2629 5012 ΧΙ,
2658 4959 2717 5001 62
2749 4954 2812 5002 :⁶
2843 4954 2893 5001 δὲ
2921 4954 3064 5013 δῆμος
3091 4959 3185 5002 τῶν
3214 4953 3342 5006 Ἀθη·

1783 5024 1927 5072 ναίων
1959 5023 2155 5080 δεκάτην
2191 5022 2446 5082 ἐξελόμενος
2478 5022 2533 5070 ἐκ
2571 5026 2664 5070 τῶν
2686 5023 2899 5086 λαφύρων
2926 5025 3123 5081 ἀνέθηκε
3148 5028 3215 5082 τῷ
3250 5025 3346 5084 θεῷ

1784 5095 1863 5142 καὶ
1890 5095 1973 5150 τήν
1998 5092 2347 5156 ἐπιγραφήνέπὶ
2374 5092 2427 5141 τὸ
2448 5093 2825 5142 κατασκευασθὲν
2856 5092 3077 5154 ἀνάθημα
3107 5091 3339 5154 ἐπέγραψε

2985 5203 3054 5244 29.
