3829 5747
555 208 673 267 246

552 342 800 401 πτουργοῦ.
815 362 876 373 -
892 343 919 386 2
936 338 1087 399 βορὲες
1106 338 1373 387 Meinekius
1394 339 1443 387 et
1468 336 1811 387 Boissonadius
1835 352 2101 399 consensu3

552 408 708 469 βορεηι
728 407 911 457 Codex.
932 408 1017 458 Ille
1034 421 1080 471 p.
1103 412 1187 457 112
1208 428 1219 456 :
1245 428 1269 450 α
1291 408 1563 458 Bruncliius
1576 421 1688 455 cum
1708 410 1918 459 Kustero
1934 412 2100 473 τορέις.

552 477 647 526 Sed
672 480 821 539 τορέες
843 481 1281 528 commemorantur
1314 491 1457 527 versu
1487 485 1531 528 8.
1561 477 1776 527 Aliorum
1804 480 2104 542 conjecturas

550 547 707 596 sciens
730 550 984 610 praetereo.
1014 550 1213 611 Repono
1242 550 1395 597 κάλων
1432 552 1475 597 οἱ
1506 550 1686 612 ταχινοὶ
1718 552 1897 613 βορέες,
1923 548 2103 613 rapidi

552 618 813 679 le‘mtorum
859 622 1133 668 voratores
1150 657 1164 678 ,
1203 619 1382 681 quibus
1426 620 1591 669 verbis
1629 620 1855 669 runcinas
1896 619 2102 669 describi

548 692 771 751 apertum
816 692 919 749 est,
944 703 1071 751 quas
1111 692 1316 739 omissas
1352 704 1459 740 esse
1493 691 1542 738 in
1574 690 1697 739 fabri
1722 690 1907 753 lignarii
1932 690 2107 740 instru-

548 762 823 807 mentorum
850 772 1053 808 recensu
1072 773 1381 822 nequaquam
1401 759 1627 810 credibile
1644 762 1736 809 est.
1753 759 1924 823 [Recte
1941 764 2103 809 tamen

454 878 471 893 ‚
547 827 887 878 animadvertit
908 829 1122 880 Gcistius
1136 869 1147 889 ,
1166 844 1261 879 non
1283 830 1537 879 memorari
1564 830 1791 879 runcinas
1810 831 1859 879 in
1874 830 2106 894 epigram-

547 900 677 947 mate
706 904 810 957 103,
838 899 971 960 quod
997 913 1024 947 e
1050 903 1216 947 nostro
1246 900 1479 961 expressit
1517 899 1768 961 Philippus
1802 898 2106 949 Thessaloni·

546 969 729 1025 censis;
758 975 993 1033 praeterea
1032 970 1279 1033 proprium
1312 984 1486 1019 nomen
1520 984 1647 1033 aegre
1674 969 1976 1034 desiderari]
2011 973 2105 1018 Vo-

546 1038 779 1088 cabulum
806 1043 961 1103 βορεὺς
986 1040 1177 1089 aliunde
1212 1055 1307 1089 non
1334 1042 1608 1103 cognitum,
1624 1043 1674 1090 at
1692 1046 1823 1091 recte
1842 1042 2101 1091 formatum

547 1113 639 1157 est.
664 1130 687 1151 υ
716 1110 868 1159 Boiss,
897 1130 909 1158 ι
934 1132 957 1153 ιι
985 1110 1161 1172 scripsi
1199 1113 1378 1173 papea,
1399 1114 1693 1167 voratores,
1716 1115 1765 1159 et
1801 1111 2012 1174 intelligo
2043 1110 2102 1158 de

544 1177 689 1229 limis.
732 1202 755 1223 ιι
798 1180 953 1230 Aliam
992 1181 1344 1229 dubitationem
1392 1182 1607 1229 Heckero
1641 1181 1791 1231 movit
1822 1184 1883 1241 (1,
1914 1195 1967 1244 p.
1997 1184 2101 1239 143)

547 1248 746 1311 στάθμαι
778 1248 881 1298 sine
906 1252 1079 1312 copula
1118 1252 1214 1299 ulla
1244 1250 1539 1313 subjectum3
1560 1250 1649 1313 qui
1678 1265 1739 1300 ex
1762 1251 2104 1314 epigrammate

544 1316 753 1382 Philippi
786 1320 937 1381 (quod
967 1320 1383 1375 i·ide)11ariolatur
1403 1326 1480 1369 καὶ
1506 1323 1660 1368 κάλων
1697 1324 1896 1379 ἶίιυτενής
1928 1322 2102 1383 μολίὸῳ

545 1388 745 1451 muitum.
775 1389 904 1438 Illud
926 1391 1083 1453 recepi
1109 1390 1172 1438 ob
1198 1391 1446 1446 lectorem,
1468 1404 1611 1453 quem
1633 1393 1771 1455 βορέῃ
1790 1389 2104 1440 vehementer

544 1458 780 1509 turbaret.
821 1462 1053 1509 Ceterum
1092 1460 1363 1509 Brunckius
1406 1460 1733 1524 distinguebat
1780 1462 1905 1510 inter
1948 1462 2102 1510 κάλων

544 1530 702 1590 topia:
717 1568 730 1589 ,
750 1532 800 1579 et
822 1523 1009 1593 γὸμφωῦ
1027 1532 1210 1593 τορείας,
1234 1531 1342 1580 illos
1358 1532 1469 1579 'esse
1494 1530 1660 1580 dicens
1680 1552 1700 1573 n
1724 1531 2102 1580 instrumentum

546 1597 680 1660 quod
706 1599 875 1660 gallice
906 1613 1144 1650 vocamus
1188 1602 1382 1649 {arici-c
1422 1599 1487 1648 de
1522 1598 1875 1661 charpenlier,
1897 1598 1964 1647 de
1994 1597 2104 1660 son-

546 1670 767 1727 minien·
789 1668 904 1729 hoS‚
925 1684 1029 1719 urie
1056 1670 1226 1719 crille.
1254 1692 1275 1712 „
1298 1696 1358 1705 —
1377 1676 1404 1719 3
1430 1674 1477 1719 αἱ
1496 1672 1679 1731 σχεδόν,
1696 1683 1845 1731 prope
1867 1670 2099 1728 jacentes.

546 1762 607 1772 -
624 1741 670 1786 4.
692 1737 880 1800 Ἅρίδες,
907 1739 1017 1787 vide
1046 1738 1109 1787 ad
1138 1753 1215 1800 cp.
1258 1746 1361 1797 103,
1390 1747 1415 1787 2
1454 1766 1510 1774 ——
1539 1742 1584 1788 7.
1611 1758 1633 1780 σι
1662 1737 1813 1787 Valde
1848 1736 2105 1800 displicent

544 1809 753 1863 ὠκήεντα
776 1811 974 1872 τέρετρα.
1002 1810 1095 1857 Sed
1116 1809 1326 1871 placeret
1353 1810 1556 1867 ὀξήεντα.
1572 1808 1712 1865 Quod
1730 1808 1791 1857 ab
1809 1808 1910 1862 ὀξύς
1933 1807 2102 1856 eadem

543 1878 728 1927 ratione
755 1878 1018 1928 formatum
1042 1893 1141 1942 qua
1166 1882 1333 1937 ὼκὴεις
1354 1880 1416 1929 ab
1448 1882 1570 1934 ὠκύς
1595 1883 1644 1928 et
1670 1880 1850 1937 αἰπήεις
1874 1877 1938 1928 ab
1967 1878 2102 1933 αἰπύς

545 1950 653 2009 Vll,
679 1962 753 2012 ep.
787 1953 893 2009 273,
933 1956 972 1998 1.
1016 1970 1037 1992 υ
1072 1950 1285 2001 Hecker.
1309 1978 1369 1986 —
1393 1956 1439 2001 8.
1481 1969 1504 1991 «ι
1540 1951 1701 2010 Τορέες
1730 1962 1837 1998 esse
1875 1948 2104 1997 videntur

541 2017 669 2066 torni
690 2018 868 2083 quibus
889 2018 1015 2067 clavi
1036 2019 1321 2081 figebantur.
1341 2039 1364 2061 n
1386 2022 1499 2067 Jac.
1514 2018 1820 2067 courrierius
1835 2016 2104 2081 corrigebat

541 2089 727 2149 rwpe‘sz,
747 2094 941 2138 vertens
967 2088 1411 2152 canpe-chevillei.
1440 2088 1645 2138 Botbius
1671 2088 1800 2137 οὗτοί
1828 2087 1873 2146 γ’
1897 2091 1942 2136 oi
1966 2105 2010 2134 τ.
2037 2111 2101 2122 -

484 2212 489 2217 ,
542 2164 589 2207 9.
622 2178 645 2199 «ι
678 2159 801 2207 Hinc
828 2158 1001 2207 Suidas
1028 2180 1039 2207 :
1067 2161 1303 2221 ἀμφίξουν,
1323 2160 1375 2207 τὸ
1394 2160 1547 2212 καλῶς
1572 2160 1685 2213 ξέον.
1708 2159 1768 2206 Et
1790 2158 2052 2221 χαριερῑὸς,
2072 2160 2102 2214 ἡ

542 2232 856 2290 κεχαρισμέναι
883 2230 1176 2291 ἐργαζομένη.
1205 2248 1227 2271 ι»
1258 2230 1311 2275 Β.
1337 2230 1462 2276 Ante
1500 2230 1757 2289 σκέπαρνον
1794 2226 1977 2275 vocalis
2003 2240 2106 2275 cor-

544 2302 679 2359 repta
700 2302 754 2347 ut
771 2312 850 2361 ap.
868 2300 1009 2347 llom.
1036 2299 1127 2347 od.
1148 2302 1203 2359 E,
1220 2302 1328 2353 ‘2373
1350 2299 1391 2356 1,
1414 2304 1521 2346 391.
1546 2300 1659 2345 ,1αο.
1680 2298 1844 2352 Quum
1866 2297 2104 2359 χαρίεργος

544 2366 646 2416 sine
672 2369 890 2429 exemplo
916 2369 979 2418 sit
1002 2382 1159 2431 neque
1186 2382 1241 2417 ex
1265 2368 1407 2416 solita
1432 2367 1647 2430 analogia
1672 2368 1932 2415 formatum
1951 2405 1965 2427 ‚
1985 2368 2105 2415 Hec-

545 2437 688 2486 kerus
716 2439 951 2500 scriptum
970 2443 1160 2501 apoeta
1187 2440 1335 2489 fuisse
1362 2439 1533 2488 statuit
1558 2443 1882 2501 χειρουργῷ
1912 2439 2100 2499 Ἇθάνᾳ,

544 2506 607 2555 de
652 2510 866 2570 Ergane‚
903 2508 1011 2557 coll.
1044 2506 1279 2571 Sophocle
1306 2522 1381 2569 ap.
1412 2506 1654 2557 Plutarch.
1688 2510 1795 2555 Mor
1840 2519 1887 2568 p.
1919 2513 1996 2567 99,
2031 2513 2100 2564 Α,

545 2584 664 2637 802,
711 2581 767 2630 B.
801 2578 963 2629 Codex
1000 2584 1255 2641 χαριέργῳ,
1296 2577 1393 2627 hoc
1436 2582 1667 2637 accentu,
1700 2580 1759 2627 ut
1798 2576 2008 2626 videtur.
2040 2604 2103 2612 —

550 2653 605 2697 to
630 2650 741 2711 ἀνὴρ
770 2649 912 2709 Cod.,
936 2662 1060 2697 corr.
1084 2649 1292 2696 Brunck.

605 2780 776 2829 ccvi.
806 2780 1005 2827 Lemma
1038 2798 1049 2827 z
1078 2778 1289 2836 ἀνάθημα
1328 2783 1385 2838 τῇ
1424 2776 1657 2839 Ἀφροδίτῃ
1694 2776 1825 2839 παρὰ
1850 2781 2097 2837 γυναικῶν.

547 2869 571 2892 κ
602 2850 740 2900 Conf.
768 2850 1066 2913 epigramma
1097 2862 1333 2912 sequens,
1354 2849 1404 2897 et
1432 2848 1653 2898 Larclier.
1680 2848 1805 2898 Diss.
1826 2846 1889 2896 de
1917 2850 2102 2898 Venere

544 2935 592 2982 p.
615 2925 721 2970 287.
744 2947 803 2955 -
830 2927 869 2970 i.
906 2919 1029 2968 Hinc
1069 2921 1243 2968 Suidas
1274 2939 1287 2967 t
1320 2919 1601 2980 Θαλπτήρια·
1642 2919 1816 2965 θάλλειν
1853 2925 2098 2973 ποιοῦντα.

544 2993 893 3054 περισκὲποντα.
922 2991 1071 3047 Male3
1094 2995 1169 3040 est
1192 2991 1255 3039 al)
1283 2992 1458 3038 θάλπω.
1488 3009 1510 3032 »
1530 2991 1588 3037 B.
1612 2988 1731 3037 cod.
1759 2989 1985 3051 βίττιννα.
2015 2987 2102 3036 sed

544 3065 677 3110 recte
700 3063 748 3110 in
769 3075 845 3124 ep.
867 3075 953 3123 seq
994 3064 1044 3111 et
1068 3061 1259 3110 suidas.
1274 3087 1336 3096 —
1356 3069 1383 3110 2
1412 3065 1584 3122 ἐρατῶν
1676 3062 1895 3119 καμάτων
1914 3058 2098 3120 Codex,

544 3145 671 3181 corr.
693 3132 894 3180 Salmas,
915 3158 975 3167 —
996 3137 1023 3180 3
1051 3132 1405 3191 soavi-qumo
1426 3131 1675 3178 lleckerus
1703 3133 1741 3188 1,
1771 3142 1819 3191 p.
1848 3135 1957 3188 230,
1987 3130 2098 3179 coll.

543 3203 898 3263 πολυπλάγκτου
938 3202 1099 3263 χαίτας
1134 3213 1211 3263 ep.
1249 3213 1351 3261 seq.
1390 3213 1437 3247 v.
1487 3205 1528 3257 13
1562 3201 1877 3260 φιλοπλέκτοιο
1909 3199 2031 3250 Cod.
2051 3205 2102 3250 et

544 3271 702 3332 Suid.‚
745 3272 878 3334 quod
920 3272 999 3319 vix
1040 3270 1251 3320 admittit
1295 3269 1599 3318 commodam
1629 3270 2008 3331 explicationem.
2037 3275 2114 3306 -·

543 3345 591 3392 4.
614 3346 829 3404 Purpura
848 3341 1139 3404 intelligitur.
1164 3360 1187 3383 «
1207 3340 1329 3388 ilinc
1344 3339 1549 3389 suidas:
1572 3342 1851 3403 κεκρύςαὶω
1963 3357 2100 3404 κεφα-

544 3413 803 3475 λοδέσμιον.
822 3412 943 3462 Vide
966 3416 1067 3461 not.
1084 3411 1147 3460 ad
1160 3413 1308 3474 V,ep.
1330 3417 1436 3460 260.
1464 3429 1487 3452 ι»
1510 3413 1662 3460 B.-—5
1683 3410 1721 3458 δ’
1744 3412 2036 3470 Brunckius3
2056 3412 2098 3460 τ’

544 3483 833 3546 Cod.‚quod
861 3488 911 3533 et
940 3485 1104 3546 ipsum
1134 3482 1248 3531 ferri
1274 3485 1521 3544 potest.—
1539 3489 1586 3531 6.
1610 3503 1631 3525 e·
1650 3485 1812 3538 Quum
1842 3483 2100 3532 inseruerit

542 3555 716 3604 suidas
760 3557 929 3604 Lexico
967 3554 1113 3604 verba
1152 3555 1395 3616 ἀραχνεῑον
1434 3559 1584 3613 νῆμα,
1614 3566 1671 3601 ea
1712 3553 1873 3601 forsan
1914 3566 1978 3600 ex
2005 3552 2098 3600 hoc

541 3624 886 3688 epigrammate
912 3623 1147 3688 sumpsit,
1167 3623 1216 3672 in
1242 3637 1342 3686 quo
1362 3623 1611 3672 invenerat
1632 3623 1885 3684 ἀραχνείοις
1903 3624 2094 3684 νήμασι.

543 3695 699 3745 Habet
728 3700 890 3746 tamen
926 3696 1189 3760 ἀραχναίοις
1225 3698 1424 3753 νήμασιν
1452 3694 1502 3742 in
1527 3693 1783 3755 Ἀρπεδόσι.
1811 3717 1875 3726 --
1901 3696 1948 3740 7.
1977 3693 2097 3741 Hinc

542 3765 671 3814 idem
706 3785 719 3813 :
754 3767 995 3827 εὺτπειρῆ·
1020 3768 1173 3819 καλῶς
1202 3765 1628 3826 συνεσπειραμένον.
1658 3781 1679 3804 υ
1708 3765 1769 3810 Β.
1798 3763 1871 3810 De
1898 3763 2098 3812 armillis

541 3839 820 3898 serpentum
856 3835 1065 3899 speciem
1090 3833 1413 3884 referentibus
1440 3847 1485 3882 ν.
1517 3834 1753 3884 Clement.
1786 3833 1859 3881 ΑΙ.
1900 3833 2092 3896 t‘aedag.

542 3907 610 3964 ΙΙ,
644 3911 715 3964 123
745 3906 970 3957 Philostr.
992 3907 1143 3969 Epist.
1170 3911 1233 3956 40
1264 3927 1275 3954 ι
1308 3911 1354 3955 ot
1387 3907 1650 3967 ἐπικάρπιοι
1676 3906 1815 3968 ὄφεις.
1846 3906 2054 3967 Haeycli.
2080 3928 2093 3955 ι

539 3977 723 4038 'ossus
754 3980 813 4026 τὰ
840 3979 1134 4039 δρακοντώδη
1164 3977 1383 4037 γινόμενα
1412 3979 1574 4038 ψέλια,
1596 3981 1645 4025 et
1676 3990 1788 4038 quae
1824 3991 1885 4028 ex
1919 3991 2096 4027 monu-

538 4046 715 4102 mentis
732 4048 972 4110 congessit
990 4047 1235 4109 Boettiger.
1258 4045 1627 4096 Fata-ieamaske
1647 4059 1696 4107 p.
1722 4049 2091 4106 87‚‚Comment.

539 4117 602 4165 de
645 4117 851 4171 Ariadne
878 4132 923 4180 p.
962 4121 1043 4174 46,
1077 4121 1179 4166 not.
1220 4123 1291 4166 10.
1312 4119 1423 4166 Jac.
1447 4122 1554 4165 —8
1588 4117 1745 4179 ραδινῇ
1771 4119 1972 4180 conjecit
2009 4120 2097 4168 Bo·

538 4183 675 4234 thius
722 4205 734 4234 z
773 4207 795 4228 «ι
838 4185 1021 4235 scilicet
1058 4187 1218 4250 ῥαδινῇ
1257 4202 1342 4235 τινι
1371 4187 1502 4246 κόρῃ.
1537 4205 1561 4228 ²·
1604 4185 1771 4235 suidae
1804 4187 1914 4236 cod.
1955 4189 2090 4238 Loid.

540 4256 738 4318 ῥαδινὸν.

600 4389 791 4440 ccvii.
824 4389 1023 4436 Lemma
1046 4410 1055 4436 :
1078 4391 1139 4443 εἰς
1158 4389 1212 4436 τὸ
1232 4387 1359 4435 αὐτὸ.
1386 4407 1406 4426 «ι
1432 4388 1727 4447 lixpressum
1748 4387 2094 4448 eproecedente

536 4457 877 4520 epigrammate
896 4498 908 4514 ,
940 4472 1153 4524 quocum
1182 4457 1275 4504 hcc
1303 4457 1348 4504 iu
1378 4455 1578 4518 siugulis
1614 4456 1912 4518 comparavit
1942 4458 2088 4520 ilgen.

536 4531 717 4587 ()pus··.
734 4526 897 4588 philol.
918 4533 1033 4578 totu.
1059 4531 1117 4586 ll,
1138 4542 1185 4590 p.
1206 4533 1265 4577 80
1285 4539 1402 4588 seqq
1440 4545 1463 4568 ν
1484 4528 1598 4573 Jac.
1616 4554 1675 4565 —
1698 4534 1714 4573 1
1736 4525 2091 4588 παὶύπὶαγκτὸν

533 4613 585 4644 τε
610 4614 657 4657 φ.
680 4598 865 4657 Οοᾱοτ,
904 4613 1025 4646 corr.
1062 4597 1276 4654 Jacobs.;
1312 4597 1627 4645 πω.υτι).ἑκτου
1663 4597 1709 4643 δὲ
1747 4596 1957 4643 Brunck.
1979 4609 2090 4644 curn

535 4667 747 4728 'l'oupio,
767 4667 832 4715 ob
864 4671 1179 4727 φιλιπὶὲιτηιο
1209 4669 1381 4728 κόμας,
1416 4665 1552 4728 quod
1583 4665 1633 4714 iu
1672 4664 1977 4727 proecedente
2013 4679 2088 4727 ep.

533 4735 797 4798 legebatur.
822 4764 883 4775 --
902 4743 945 4786 3.
976 4738 1219 4790 Librarius
1247 4737 1345 4786 l'al.
1376 4736 1425 4784 in
1450 4737 1675 4798 quintum
1713 4747 1912 4783 versum
1952 4734 2091 4784 aber-

532 4820 608 4855 rat
620 4811 752 4862 erat,
794 4807 864 4856 sic
896 4828 908 4855 ι
942 4809 1079 4863 ξανθὰ
1112 4808 1150 4856 δ’
1174 4809 1403 4855 ἀντίκλεια
1432 4809 1536 4854 τόδε
1562 4804 1874 4868 προκάλυμμα
1910 4807 2091 4868 προσώ-

531 4894 651 4936 που,
678 4875 765 4925 sed
804 4881 1046 4926 corrector
1086 4877 1135 4926 in
1172 4877 1383 4939 margine
1428 4875 1613 4938 integra
1654 4875 1895 4938 apposuit.
1923 4875 2086 4928 Codex

530 4947 663 4994 νόθον
698 4949 929 4996 κεύθουσα
972 4949 1126 5010 νόημα
1142 4985 1156 5009 ,
1194 4947 1328 5013 quod
1368 4947 1557 5010 egregie
1600 4947 1807 4996 correxit
1848 4947 2084 5010 'l'oupius‚

537 5038 557 5056 ··
590 5019 737 5067 Νόθον
760 5019 915 5081 ἁημα,
936 5019 1172 5082 factitius
1196 5019 1370 5072 flabelli
1397 5019 1627 5068 ventulus
1656 5018 1917 5080 opponitur
1935 5032 2086 5078 vero,

1686 206 2190 266 ANTHOLOGIAE
2234 206 2639 267 PALATINAE

2191 339 2248 388 ut
2272 340 2402 387 νόθον
2435 340 2600 395 κάλλος
2629 339 2908 389 fucatorum
2945 337 3166 401 genuinoe
3209 336 3590 401 pulchritudini.
3617 342 3712 399 sla-1
3729 354 3769 387 e

2191 411 2322 472 apud
2362 411 2568 460 seriores
2597 412 2710 459 νόθα
2736 412 2986 468 vocantur,
3011 422 3126 472 quai
3149 410 3358 473 speciem
3400 410 3506 461 veri
3535 408 3724 460 habent
3747 450 3764 469 ,

2191 483 2247 530 ut
2267 481 2463 530 conchae
2483 482 2595 544 σὰρξ
2611 482 2722 539 νόθη
2739 483 2818 539 ῙΧ,
2834 493 2910 543 ep.
2934 486 3012 539 86,
3031 484 3126 530 etc.
3151 500 3175 521 ι»
3189 483 3303 529 Jac.
3318 505 3381 515 —
3396 484 3426 529 4
3451 482 3768 539 &ausonia-a

2191 552 2363 623 suidas
2391 553 2438 601 in
2465 552 2692 615 Μαλερὸν·
2715 554 2920 615 ἰσχυρὸν,
2947 553 3050 613 ὀξὺ,
3073 553 3228 615 δριμύ·
3244 552 3412 603 Codex
3434 552 3764 615 ἀμυνομένην.

2189 650 2252 657 -
2279 630 2302 672 5
2327 625 2430 672 τοδὲ
2449 624 2526 673 liic
2543 623 2662 671 Cod.
2684 650 2747 659 —
2760 630 2806 673 6.
2829 622 2953 671 llinc
2974 622 3146 671 suidas
3171 642 3182 671 :
3203 624 3450 684 ἀρπεδόσι,
3467 631 3574 679 τοῖς
3595 628 3746 679 ἱστοῖς

2189 698 2294 744 Imo
2326 697 2523 754 νήμασιν
2556 695 2781 757 intellige.
2803 720 2866 730 -
2885 698 2912 744 7
2939 696 3173 757 σπείρημα
3203 694 3325 744 cod.
3350 697 3423 745 De
3449 708 3506 745 re
3535 697 3656 745 vide
3697 698 3766 745 ad

2189 765 2468 827 praecedens
2495 778 2594 828 ep.,
2624 779 2670 814 ν.
2699 769 2743 816 7.
2765 767 2869 814 Jac.
2895 766 3086 814 confert
3112 764 3323 829 AEschyli
3347 779 3552 816 versum
3585 790 3599 817 z

2315 890 2526 945 θανόντος
2551 890 2597 937 ἐν
2617 890 2859 938 πλεκταῖσι
2879 891 2959 937 καὶ
2979 890 3266 953 σπειράμασι

2313 960 2460 1017 δεινῆς
2479 959 2660 1021 ἐχίδνης
2673 998 2687 1017 .

2179 1042 2404 1133 Clioeph.
2429 1077 2536 1122 246.
2556 1098 2617 1107 —
2640 1078 2697 1121 10
2722 1073 2942 1125 αἰγιαλῶν
2967 1074 3126 1135 Ναυκρ
3160 1072 3208 1121 in
3237 1071 3403 1123 multis
3429 1072 3730 1136 apographis
3745 1113 3764 1133 ,

2192 1160 2215 1181 e«
2238 1144 2288 1189 et
2314 1142 2386 1189 sic
2403 1142 2588 1204 profert
2611 1142 2895 1205 wesseling.
2920 1142 2983 1191 ad
3005 1142 3231 1192 ilerodoti
3250 1141 3398 1191 verba
3420 1145 3480 1201 11,
3506 1148 3616 1199 1311.
3643 1146 3710 1206 §a
3747 1166 3758 1191 :

2189 1213 2391 1271 φιλέουσι
2411 1213 2460 1261 δέ
2482 1230 2580 1267 πως
2605 1213 2650 1261 ἐν
2677 1220 2733 1274 τῇ
2754 1214 2988 1276 Ναυκράτι
3009 1214 3297 1275 ἐπαφρόδιτοι
3317 1214 3524 1270 γίνεσθαι
3553 1218 3606 1261 αἱ
3633 1218 3764 1263 ἑταῖ-

2189 1298 2282 1341 ραι.
2317 1300 2340 1323 υ
2380 1284 2494 1335 Jac.
2525 1284 2598 1333 De
2640 1282 2868 1332 feminino
2912 1285 3069 1331 ναεταὶ
3110 1296 3158 1331 v.
3213 1282 3419 1332 Lobecli.
3452 1283 3762 1346 paralipom.

2188 1368 2237 1418 p.
2269 1359 2376 1405 2⁶7.

2252 1495 2464 1544 ccvln.
2499 1496 2698 1543 Lemma
2722 1512 2734 1541 ι
2755 1493 2970 1551 ἀνάθημα
2996 1498 3054 1555 τῇ
3083 1492 3320 1555 Ἀφροδίτῃ
3347 1492 3472 1553 παρὰ
3491 1498 3758 1551 γυναικῶν.

2195 1564 2498 1624 Ἀντιπάτρου.
2523 1564 2602 1621 (Et
2633 1562 2704 1611 sic
2735 1563 2893 1623 Plan.)
2918 1566 2973 1611 ln
3005 1563 3218 1625 margine
3249 1582 3262 1611 ι
3291 1563 3439 1619 ζήτει·
3471 1564 3540 1617 δὶς
3581 1569 3756 1611 κεῖται-

2190 1632 2425 1681 Nimirum
2455 1634 2538 1691 lx,
2567 1636 2678 1695 post
2701 1632 2996 1695 epigramma
3021 1639 3130 1693 365,
3161 1632 3246 1682 ubi
3273 1632 3448 1681 lemma
3486 1652 3498 1681 ε
3541 1639 3760 1682 Ἀντιπα-

2189 1719 2297 1763 τρου
2325 1706 2549 1760 Θεσσαλ,
2585 1705 2650 1758 εἰς
2691 1711 2808 1766 τρεῖς
2842 1706 2983 1752 πάλαι
3015 1708 3210 1765 πόρνας,
3243 1704 3472 1757 λοιὸούσας
3501 1706 3553 1751 δὲ
3583 1706 3758 1758 ἀνδίας

2191 1777 2268 1822 καὶ
2301 1776 2706 1835 ampo-noviciam.
2729 1780 2784 1825 ln
2821 1789 2969 1837 marg.
2997 1796 3007 1823 :
3045 1778 3118 1823 ἐπὶ
3142 1777 3264 1839 τρισὶ
3292 1776 3510 1837 γυναιξίν.
3543 1798 3562 1815 -ι
3599 1777 3760 1823 Paulo

2189 1844 2444 1893 obscurius
2471 1848 2807 1907 argumentum
2837 1846 3078 1894 carminis.
3105 1848 3158 1895 ln
3181 1846 3364 1909 pictam
3385 1845 3608 1895 tabulam
3639 1848 3760 1893 scri·

2188 1916 2330 1977 ptum
2365 1927 2474 1963 esse
2497 1913 2809 1975 arbitrantur,
2833 1916 2881 1963 in
2905 1930 3003 1977 qua
3041 1915 3271 1965 mulieres
3301 1916 3440 1965 trinae
3467 1917 3599 1964 trina
3623 1916 3756 1963 dona

2190 1983 2414 2033 manibus
2441 1987 2684 2043 tenentes,
2711 1998 2808 2034 una
2835 2000 2950 2034 cum
2975 1985 3176 2035 Veneris
3201 1986 3383 2047 templo
3406 1989 3458 2034 et
3485 1986 3760 2034 simulac-m

2189 2058 2548 2116 repraesentatae
2566 2059 2719 2105 erant.
2745 2057 2960 2118 lleynius
2977 2059 3142 2105 autem
3164 2060 3266 2105 tres
3291 2057 3396 2105 illas
3411 2056 3756 2105 meretriculas

2190 2124 2364 2172 Veneri
2388 2123 2623 2186 templum
2650 2128 2702 2173 et
2728 2127 2940 2174 statuam
2956 2163 2969 2185 ,
2999 2124 3316 2174 Aristomachi
3341 2139 3491 2188 opus,
3521 2123 3754 2173 dulicare

2191 2196 2370 2244 censet.
2403 2214 2428 2235 ι·
2454 2200 2571 2244 Jac.
2595 2226 2652 2236 -
2679 2200 2698 2244 1
2721 2198 2754 2243 ἁ
2773 2196 2821 2243 δὲ
2851 2196 3014 2244 Codex
3039 2197 3193 2246 altero
3225 2196 3362 2251 locoz
3399 2196 3538 2258 φάρος
3563 2196 3661 2241 hic.
3681 2222 3750 2230 —

2192 2272 2218 2313 2
2235 2266 2437 2327 φημενὸη
2453 2266 2573 2314 Cod.
2591 2266 2688 2325 hic,
2707 2266 3011 2329 superposito
3025 2283 3068 2315 ο.
3089 2267 3248 2315 Altero
3265 2265 3370 2314 loco
3385 2268 3418 2313 ἅ
3431 2268 3484 2313 τό
3498 2272 3642 2313 κ.-3
3663 2266 3702 2313 δ’
3723 2268 3752 2313 ὀ

2191 2335 2312 2384 Cod.
2326 2336 2476 2384 altero
2489 2336 2614 2395 loco,
2628 2336 2707 2385 htc
2726 2342 2750 2383 ὸ
2766 2337 2868 2385 sine
2884 2337 3034 2386 32-4
3057 2339 3394 2399 Ἀριστομὲν-υ;
3411 2336 3574 2384 Codex
3595 2336 3754 2383 altero

2189 2407 2310 2456 loco,
2331 2407 2542 2463 Leviter,
2558 2406 2607 2455 ni
2625 2407 2779 2464 fallor,
2801 2408 3009 2469 Silligius
3036 2422 3096 2456 ex
3125 2408 3219 2455 hoc
3242 2408 3374 2467 loco,
3405 2406 3620 2467 catalog.
3655 2414 3748 2453 Ar-

2191 2478 2266 2527 tir.
2295 2492 2344 2539 p.
2379 2484 2437 2527 95
2469 2499 2480 2527 :
2514 2498 2538 2522 ιι
2575 2478 2850 2527 statuarius
2883 2483 3134 2538 Strymone
3163 2481 3307 2526 natus
3331 2478 3528 2525 incertae
3553 2478 3746 2530 trimis,

2191 2550 2304 2599 fecit
2329 2551 2515 2614 primus
2542 2548 2854 2612 meretricum
2877 2551 3065 2596 statuas
3081 2586 3094 2607 ,
3113 2548 3161 2595 in
3181 2560 3305 2609 quas
3322 2550 3482 2595 exstat
3509 2548 3750 2608 Antipatri

2190 2623 2497 2685 epigramma.
2527 2641 2550 2663 ι»
2573 2619 2923 2667 Aristomenem
2947 2622 3202 2681 pictorem
3240 2616 3484 2667 Thasium
3508 2622 3748 2665 memorat

2189 2692 2446 2742 Vitruvius
2462 2729 2475 2747 ‚
2518 2710 2540 2732 «
2588 2687 2672 2752 qui
2717 2702 2745 2736 a
2787 2692 2929 2751 poeta
2967 2692 3156 2751 poterat
3208 2689 3370 2737 vocari
3414 2688 3748 2747 Strymoniuffi

2189 2779 2343 2826 quum
2381 2764 2571 2811 Tliasus
2613 2758 2771 2808 insula
2809 2772 2904 2807 non
2947 2758 3089 2821 longo
3128 2760 3380 2808 intervallo
3415 2772 3444 2806 a
3477 2759 3750 2819 Str-sinonis

2189 2837 2326 2886 ostiis
2345 2834 2500 2899 posita
2527 2833 2603 2882 sit.
2635 2852 2657 2876 υ
2687 2835 2906 2882 Meu—:3
2927 2834 2975 2880 αἱ
2998 2838 3113 2894 τρεῖ;
3143 2832 3278 2880 ἀσταὶ
3309 2830 3430 2880 eod.
3451 2830 3604 2880 altero
3623 2830 3746 2878 loco.

2189 2907 2436 2954 lleckerus
2461 2903 2596 2966 quod
2623 2901 2932 2952 scribendum
2959 2904 3147 2965 putavit
3175 2903 3222 2950 in
3257 2903 3500 2964 Philologo
3526 2916 3568 2950 a.
3609 2907 3744 2960 1849,

2189 2990 2236 3038 p.
2253 2981 2360 3032 484,
2375 2981 2518 3036 ,πᾶσι
2543 2974 2584 3022 δ’
2603 2975 2659 3035 ἐρ
2674 2991 2784 3022 αστ
2797 2979 2854 3019 αἱ
2880 2975 3007 3032 ἔσαν,
3027 2976 3197 3034 postea
3219 2971 3514 3034 improbasse
3533 2971 3745 3020 iidetur.

2188 3073 2248 3081 —
2273 3053 2302 3094 6
2337 3046 2558 3106 εὐκρήτου
2590 3043 2741 3100 l’lan.·,
2771 3044 2978 3106 εὐκρίτου
3013 3043 3178 3091 Codex
3207 3043 3287 3091 hic
3305 3081 3315 3100 ,
3341 3044 3550 3091 εὐκταίαν
3593 3044 3746 3090 altero

2187 3116 2308 3165 loco.
2343 3135 2367 3158 ιι
2399 3119 2448 3165 ln
2473 3113 2790 3174 sequentibus
2809 3118 2950 3176 poeta
2977 3113 3190 3175 respexit
3215 3115 3368 3174 legem
3391 3125 3539 3174 quam
3567 3112 3632 3160 ad
3661 3115 3746 3160 ('e-

2187 3185 2382 3249 drop-em
2410 3187 2590 3234 referre
2617 3185 2834 3234 solebant
2873 3185 3042 3242 Attici,
3063 3199 3140 3246 ap.
3173 3185 3344 3233 Athen.
3381 3185 3523 3242 ΧΙΙΙ,
3551 3196 3601 3245 p.
3635 3189 3738 3234 555.

2191 3261 2235 3308 D
2258 3281 2268 3308 :
2291 3261 2338 3307 ἐν
2361 3259 2400 3305 δ’
2425 3259 2624 3312 Ἀθήναις
2651 3263 2826 3318 πρῶτος
2863 3258 3047 3318 Κέκρ’,ψ
3077 3256 3218 3316 μίαν
3245 3257 3324 3302 ἑνὶ
3361 3257 3505 3310 ἔζευξε
3517 3277 3544 3314 e,
3582 3257 3743 3306 ἀνέδην

2187 3331 2240 3377 τὸ
2267 3329 2485 3390 πρότερον
2513 3328 2666 3374 οὐσῶν
2688 3331 2781 3373 τῶν
2807 3327 3029 3374 συνόίων.
3056 3328 3196 3373 Conl'.
3219 3325 3326 3374 init.
3350 3324 3412 3373 ad
3445 3325 3580 3387 Diog.
3605 3328 3656 3373 1..
3675 3327 3739 3380 ll,

2187 3397 2216 3460 §
2245 3405 2320 3446 26.
2352 3417 2374 3438 ¹»
2394 3399 2509 3446 Jac.

2248 3534 2405 3581 cclx.
2437 3534 2636 3582 Lemma
2675 3552 2688 3581 :
2727 3531 2939 3592 ἀνάθημα
2976 3537 3032 3594 τῇ
3069 3533 3186 3595 αὐτῇ
3223 3532 3349 3594 παρὰ
3387 3538 3472 3581 τοῦ
3502 3533 3761 3582 aurosa-⁴

2187 3610 2212 3652 2
2235 3609 2407 3666 μορφᾶς
2426 3607 2476 3652 et
2494 3603 2718 3663 εὐξαμένα
2744 3601 2926 3656 Codex,
2956 3615 3079 3652 corr.
3113 3603 3324 3651 Brunck.
3358 3621 3380 3644 «ι
3411 3603 3655 3664 Λύγόινον,
3683 3617 3736 3651 ex

2185 3687 2424 3723 marmore
2452 3673 2616 3730 Pari03
2645 3685 2693 3720 v.
2725 3671 2876 3722 schol.
2907 3671 3101 3721 Pindari
3125 3674 3264 3722 Nem.
3294 3675 3376 3733 lv,
3410 3678 3516 3732 131,
3549 3676 3598 3721 et
3627 3673 3734 3722 intt.

2185 3744 2247 3794 ad
2276 3744 2501 3794 Philostr.
2536 3747 2684 3806 imag.
2704 3756 2754 3805 p.
2783 3747 2889 3792 763.
2915 3763 2936 3785 »ι
2956 3747 3076 3793 Jac.
3101 3771 3160 3780 —
3178 3749 3225 3793 3.
3245 3749 3302 3804 τῇ
3330 3750 3500 3805 μικκῇ,
3527 3744 3632 3792 scil.
3658 3747 3738 3806 χά-

2185 3831 2291 3877 ριτι.
2311 3842 2374 3852 --
2391 3819 2438 3864 4.
2459 3816 2541 3870 Ὦς
2577 3815 2698 3872 ἔθος,
2721 3816 2777 3861 ut
2805 3813 2961 3862 solent
2987 3813 3052 3862 dii
3083 3813 3243 3876 parvis
3268 3814 3544 3863 mortalium
3575 3828 3735 3864 mune-

2182 3884 2322 3933 ribus
2348 3897 2522 3948 magna
2547 3882 2828 3932 retribuere.
2859 3882 3019 3932 Codex
3044 3883 3352 3946 ὀμοφροσῦνᾳ.

2245 4029 2382 4076 CCX.
2415 4029 2608 4074 Lemma
2638 4047 2650 4072 :
2679 4027 2892 4088 ἀνάθημα
2923 4033 2978 4087 τῇ
3012 4027 3125 4088 αὐτῇ
3160 4029 3282 4089 παρὰ
3306 4023 3536 4081 Νικιάῖος.
3567 4031 3732 4076 dumi

2188 4098 2274 4158 (sic
2301 4097 2458 4146 Codex
2494 4097 2638 4145 ellam
2671 4096 2802 4156 alibi)
2833 4101 3100 4158 ὲαμιου.-
3127 4105 3140 4144 Ι
3177 4113 3562 4154 tervannam:
3592 4100 3692 4146 ('‹,d
3713 4135 3726 4152 ‚

2185 4182 2306 4217 corr.
2349 4167 2528 4218 lieiskz
2565 4167 2628 4214 ἐιι
2667 4168 2805 4214 πλέον
2841 4167 3060 4225 Salinas,
3101 4165 3186 4214 sed
3225 4179 3269 4214 v.
3302 4169 3405 4214 Jac.
3449 4181 3494 4228 p.
3542 4173 3642 4216 172.
3677 4198 3725 4208 -·

2183 4245 2212 4288 3
2256 4261 2277 4281 ιι
2309 4240 2479 4294 Χαίτη;
2505 4238 2785 4300 ἀνελίγματα
2806 4237 3034 4286 videntur
3058 4249 3167 4286 esse
3198 4237 3404 4285 cincinni
3429 4252 3484 4285 ex
3519 4239 3728 4287 crinibus

2182 4308 2516 4374 supposititiis,
2555 4328 2580 4352 ι»
2607 4313 2723 4358 Jac.
2757 4307 2940 4357 Deinde
2977 4309 3184 4356 Brunck.
3210 4309 3288 4355 τὸν
3317 4323 3366 4356 τε
3397 4311 3440 4357 δ.
3461 4313 3578 4358 -4,
3605 4331 3629 4352 «ι
3659 4311 3728 4359 Ni-

2183 4383 2358 4431 mirum
2389 4379 2602 4430 nondum
2643 4381 2862 4444 rubigine
2894 4381 3067 4430 laesum
3103 4391 3160 4428 ac
3186 4383 3494 4442 corruptum,
3518 4401 3540 4422 υ
3573 4387 3722 4440 reete,

2181 4457 2328 4515 puto,
2356 4452 2551 4501 Jacobs.
2585 4447 2740 4502 Boiss.
2779 4450 2999 4500 vertebat
3035 4452 3292 4498 accurata
3321 4449 3726 4512 conformate'ww

2181 4537 2286 4572 non
2312 4535 2506 4572 carens.
2533 4549 2590 4558 --
2616 4527 2660 4570 5.
2687 4541 2711 4564 ιι
2741 4523 2812 4570 Οὐ
2842 4521 3029 4583 φωνητά
3059 4523 3170 4583 πρὸς
3197 4520 3372 4583 ἀνδρὸς.
3402 4521 3602 4570 Videtur
3629 4523 3726 4585 ipso

2181 4595 2324 4656 poeta
2341 4593 2561 4656 refugere
2581 4605 2610 4642 a
2631 4592 2874 4641 mentione
2899 4593 3171 4640 ceterarum
3199 4603 3359 4638 rerum
3389 4611 3401 4638 ε
3431 4596 3478 4638 e!
3497 4605 3606 4653 quer·
3628 4605 3724 4640 non
3749 4589 3751 4601 '

2179 4667 2300 4712 sun!
2325 4677 2360 4712 a
2387 4667 2504 4711 viro
2537 4661 2886 4721 nominanda,
2917 4674 2948 4708 a
2971 4673 3052 4709 me
3077 4661 3262 4709 scilicet
3290 4661 3376 4722 qui
3405 4661 3578 4710 Nic-indi
3605 4677 3722 4710 com-

2179 4747 2306 4797 pono
2331 4733 2422 4783 hos
2447 4734 2730 4782 versiculos,
2759 4753 2782 4776 υ
2804 4734 2864 4781 B.
2888 4731 3116 4781 Similiter
3140 4732 3335 4781 Jacobs,
3352 4733 3403 4781 in
3429 4737 3545 4780 notis
3573 4734 3716 4792 criti„
3747 4767 3749 4793 ,

2181 4803 2228 4851 in
2245 4804 2415 4864 groecis
2440 4804 2735 4852 Brunckium
2755 4805 2973 4862 secutuS,
2993 4801 3078 4864 qui
3105 4803 3160 4850 οὐ
3179 4804 3366 4863 φωνητᾰ
3385 4804 3494 4862 πρὸς
3516 4803 3614 4850 nive
3627 4820 3651 4864 ρ
3665 4819 3688 4848 α
3701 4819 3718 4854 ;

2179 4873 2410 4924 ediderat.
2428 4905 2489 4915 —
2503 4879 2532 4923 4
2552 4877 2709 4938 ἐσορῇς
2727 4874 2921 4923 Jacobs.
2941 4873 2990 4922 in
3017 4873 3141 4924 nott.
3161 4885 3300 4924 mss:
3321 4873 3458 4935 ὶσόρῆ
3483 4871 3584 4932 (sic)
3603 4869 3714 4918 cod.
3745 4915 3747 4924 ,

2180 4951 2236 4998 In
2275 4948 2375 4997 Pal.
2398 4947 2616 4996 ediderat
2651 4947 2830 5010 ἐσορᾷς.
2864 4945 3097 4995 'Ortacia
3123 4941 3369 5006 Hesychio
3396 4944 3584 5007 θεωρία,
3619 4957 3712 5002 φιν·

2176 5018 2314 5067 τασία
2325 5054 2340 5080 ,
2355 5019 2518 5082 eitun.
