3829 5747
1032 94 1275 156 CAPUT
1313 98 1384 155 V.
1434 98 1989 164 EPIGRAMMATA
2032 107 2444 171 AMATORIA.

293 229 411 287 ὕδασι
440 225 642 303 θηρείην
672 225 845 285 εἰκόνα
879 226 1006 306 φασὶ
1035 228 1262 307 βλέπειν.

233 314 436 377 Λυσσώων
462 314 599 393 τάχα
630 314 814 393 πικρὸν
836 311 1012 391 Ἔρως
1039 314 1280 387 ἐνέπηξεν
1309 314 1488 373 ὀδόντα

287 405 340 467 εἰς
355 400 428 475 ἐμὲ
443 445 456 471 ,
477 400 562 458 καὶ
589 400 798 475 μανίαις
821 400 980 476 θυμὸν
1005 396 1270 471 ἐληΐσατοὸ

193 516 210 551 5
229 489 300 561 σὴν
322 488 400 566 γὰρ
417 487 520 562 ἐμοὶ
544 484 636 544 καὶ
665 485 850 552 πόντος
873 484 1128 566 ἐπήρατον
1153 486 1324 547 εἰκόνα
1348 486 1545 565 φαίνει,

285 577 353 633 καὶ
377 576 610 649 ποταμῶν
641 573 778 631 δῖναι
795 616 814 648 ,
839 573 930 630 καὶ
953 572 1111 639 δέπας
1141 570 1390 651 οἰνοχόον.

376 721 493 771 267.
541 712 877 771 ,ametor
922 712 1480 772 ΣΧΟΛΑΣΤΙΚΟΥ.

228 878 267 913 α.
301 854 354 913 Τί
389 852 664 931 στενάχεις
709 855 763 930 β.
791 853 996 912 Φιλέω.
1027 874 1084 912 α.
1115 850 1288 923 Τίνας
1322 856 1375 930 β.
1409 851 1701 931 Παρθένον.

1081 938 1177 1015 [α.
1202 930 1280 998 ἾΙ
1309 940 1376 1017 ῥά
1406 960 1466 1017 γε
1500 938 1702 1013 καλήν;

285 1031 323 1105 β.
349 1022 510 1095 Καλὴν
540 1024 812 1103 ἡμετέροις
833 1023 1038 1100 ὄμμασι
1060 1023 1393 1105 φαινομένην.

223 1138 262 1171 α.
299 1116 389 1172 Ποῦ
407 1112 456 1169 δέ
467 1135 556 1186 μιν
578 1111 906 1183 εἷσενόησας;
934 1115 986 1188 β.
1011 1110 1163 1171 Ἐκεῖ
1183 1112 1307 1170 ποτὶ
1327 1113 1528 1171 δεῖπνον
1548 1114 1707 1171 ἐπελ-

279 1199 376 1277 ξυνῇ
397 1197 700 1273 κεκλιμένην
717 1198 936 1276 ἔδρακον
964 1199 1018 1253 ἐν
1046 1196 1274 1258 στιὸάδι.
1560 1199 1583 1275 [
1604 1197 1703 1255 θὼν

183 1302 201 1339 5
219 1309 260 1345 α.
299 1284 523 1353 Ἐλπίζεις
534 1284 590 1343 δὲ
609 1286 808 1363 τυχεῗν;
833 1288 884 1361 β.
905 1282 1040 1358 Ναὶ,
1058 1282 1164 1355 ναὶ,
1179 1284 1341 1364 φίλος·
1363 1284 1630 1365 ἀμφαδίην
1653 1284 1705 1343 δὲ

277 1376 322 1429 οὗ
345 1376 460 1443 ζητῶ
486 1372 664 1450 φιλίην
682 1417 700 1447 ,
730 1372 846 1428 ἀλλ’
873 1371 1346 1446 ὑποκλεπτομένην.
1475 1369 1496 1453 [
1517 1370 1702 1449 ἔγνων,

221 1482 262 1517 α.
295 1456 381 1517 Τὸν
417 1458 636 1533 νόμιμον
683 1458 880 1531 μᾶλλον
930 1455 1132 1537 φεύγεις
1172 1457 1359 1535 γάμον.
1387 1462 1439 1535 β.
1474 1457 1706 1537 Ἀτρεκὲς

275 1545 426 1619 ὅττιγε
451 1550 560 1603 τῶν
585 1543 816 1602 κτεάνων
843 1542 1009 1601 πουλὺ
1037 1544 1096 1600 τὸ
1128 1544 1453 1621 λειπόμενον.

222 1653 264 1691 α.
297 1628 499 1707 Ἔγνως;
533 1632 594 1688 οὗ
625 1628 816 1709 φιλέεις
832 1673 849 1700 ,
875 1627 1125 1709 ἐψεύσαο·
1151 1632 1263 1696 πῶς
1289 1630 1506 1714 δύναται
1531 1631 1628 1711 γὰρ

165 1730 198 1766 ’ῡ
275 1720 392 1795 ψυχὴ
414 1716 726 1795 ἐρωμανέειν
749 1714 878 1793 ὀρθὰ
906 1714 1249 1793 λογιζομένη;

399 1865 528 1915 268.
577 1855 892 1915 mmm·
933 1830 1486 1915 21AENT1AP10T.'

215 1994 380 2063 Μηκέτι
402 2017 472 2059 τις
496 1993 716 2063 πτῆξειε
738 1991 898 2050 πόθου
933 1992 1080 2069 βέλος
1097 2016 1110 2029 ·
1141 1992 1347 2064 ἰοδόκην
1371 1993 1474 2073 γὰρ

270 2081 328 2144 εἰς
350 2078 430 2154 ἐμὲ
455 2079 648 2157 λάὸρος
672 2077 846 2157 Ἔρως
881 2078 1182 2147 ἐξεκείνωσεν
1211 2076 1355 2149 ὅλην.
1553 2130 1560 2135 .

211 2169 282 2233 Μὴ
309 2167 557 2243 πτερύγων
580 2168 790 2245 τρομέοι
813 2188 892 2231 τις
922 2164 1199 2235 ἕπήλυσιν·
1231 2164 1370 2233 ἐξότε
1393 2165 1494 2245 γάρ
1523 2190 1610 2244 μοι

267 2252 348 2320 λὰξ
381 2254 564 2319 §meac
593 2252 821 2332 στέρνοις
851 2253 1035 2331 πικρὸν
1072 2250 1232 2323 ἔπηξε
1261 2254 1395 2311 πόδα
1416 2298 1432 2328 ,

209 2339 456 2419 ἃστεμφὴς,
479 2341 732 2409 ἇὸόνητος
758 2339 978 2409 ἐνέξεται
995 2384 1013 2411 ,
1034 2340 1150 2397 οὐδὲ
1175 2339 1397 2415 μετέστη
1415 2384 1432 2419 ,

272 2428 330 2491 εἰς
356 2425 440 2502 ἐμὲ
464 2425 712 2502 συζυγίην
745 2425 1046 2504 κειράμενος
1069 2423 1354 2507 πτερύγων.

380 2573 508 2624 269.
557 2563 899 2623 ΑΓΑΘΙΟΥ
943 2566 1494 2625 ΣΧΟΔΑΣΤΙΚΟΥ.

205 2708 375 2763 Δισσῶν
397 2707 690 2785 θηλυτέρων
718 2706 904 2781 μοῦνός
931 2729 1057 2765 ποτε
1089 2708 1278 2784 μέσσος
1305 2707 1516 2783 ἐκείμην
1536 2752 1554 2784 ,

264 2795 344 2861 τῆς
370 2792 454 2866 μὲν
477 2794 792 2873 ἐφιμείρων,
821 2800 888 2876 τῇ
917 2794 970 2852 δὲ
996 2796 1349 2873 χαριζόμενος·

203 2868 314 2936 εἷλκε
346 2881 394 2938 δέ
422 2881 475 2956 μ’
497 2887 530 2952 ἦ
561 2881 844 2960 φιλέουσα·
873 2883 1031 2940 πάλιν
1057 2885 1100 2940 δ’
1134 2881 1238 2959 ἐγὼ
1254 2930 1270 2954 ,
1293 2872 1435 2941 οἶάτε
1470 2907 1548 2949 τις
1574 2883 1711 2964 φὼρ,

264 2967 407 3044 χείλεῖ
437 2968 730 3049 φειδομένῳ
749 2971 842 3040 τὴν
874 2970 1053 3048 ἑτέρην
1076 2970 1306 3044 ἐφίλουν,

201 3055 325 3122 ζῆλον
342 3056 680 3116 ὑποκλέπτων
700 3061 793 3127 τῆς
813 3056 1034 3130 γείτονος
1053 3101 1068 3128 ,
1094 3049 1156 3128 ἧς
1177 3058 1264 3116 τὸν
1294 3058 1504 3135 ἔλεγχον

263 3141 340 3198 καὶ
363 3145 450 3208 τὰς
469 3144 788 3208 λυσιπόθους
816 3141 1032 3220 ἔτρεμον
1065 3144 1322 3220 ἀγγελίας.

205 3221 436 3302 'Usticae
459 3229 506 3286 δ’
531 3229 618 3307 ἄρ’
644 3229 814 3287 ἔειπον
834 3249 848 3262 ·
870 3255 894 3280 ι
923 3229 1080 3304 Ἐμοὶ
1104 3229 1243 3306 τάχα
1263 3228 1352 3286 καὶ
1375 3229 1433 3288 τὸ
1459 3231 1713 3308 φιλεῖσθαι

264 3339 285 3361 ·
311 3318 372 3380 ὡς
398 3315 452 3373 τὸ
479 3317 653 3396 φιλεῖν
680 3315 915 3394 χαλεπὸν
934 3359 950 3389 ,
973 3313 1126 3373 δισσὰ
1153 3315 1504 3394 κολαζομένῳ.
1526 3341 1551 3366 ²·

249 3513 322 3559 liis
339 3514 386 3560 in
417 3515 552 3579 aquis
579 3530 684 3563 sese
713 3523 947 3563 monstrat
973 3513 1123 3577 imago
1143 3514 1288 3563 ranis.

197 3591 341 3653 Credo,
365 3595 519 3646 furens
542 3596 594 3644 in
623 3612 700 3644 me
731 3596 911 3645 crudeli
938 3596 1079 3644 dente
1101 3610 1333 3644 venenum

245 3677 448 3739 Exspnit.
476 3687 628 3742 atque
648 3677 809 3726 animo
833 3693 910 3724 me
933 3677 1154 3741 spoliavit
1181 3679 1347 3725 Amor.

194 3754 357 3818 Quippe
381 3767 486 3806 tuos
502 3757 906 3820 vultus‚rel'erunt
935 3757 1050 3806 mihi
1071 3767 1240 3822 pontus
1268 3765 1318 3806 et
1339 3773 1521 3819 amnes,

245 3838 296 3883 1-:1
319 3853 418 3900 quae
442 3839 542 3888 vite
562 3848 669 3888 sato
687 3839 858 3914 pocula
881 3852 991 3885 rore
1017 3838 1224 3886 madent.

625 3973 716 4030 267
727 4005 741 4018 .
773 3986 1002 4018 aearum:
1028 3986 1278 4020 ona-roms.

191 4098 300 4158 Quid
321 4102 522 4163 gemitus
547 4102 619 4150 ita
641 4102 810 4152 ducis?
833 4119 960 4154 nmo.
981 4107 1100 4166 Quae
1126 4107 1303 4153 causa?
1329 4101 1504 4168 puella.

243 4183 498 4234 Pulchrane
512 4189 536 4234 Ρ
553 4195 688 4234 oerte
704 4186 854 4234 oculis
881 4186 1082 4252 pulchra
1109 4203 1164 4235 ea
1185 4187 1284 4234 visa
1305 4184 1438 4234 meis.

187 4263 264 4314 D'r:
283 4264 364 4312 ubi
393 4265 572 4316 novisti
591 4271 614 4314 Ρ
635 4266 829 4329 genialis
858 4276 1071 4332 tempore
1089 4283 1249 4324 coenae,

243 4346 518 4395 ammones
550 4356 798 4412 premeret
824 4363 931 4396 eum
949 4347 1068 4395 mihi
1095 4348 1258 4412 juncta
1288 4355 1430 4396 toros.

187 4427 338 4489 ὅρκιε
355 4429 488 4478 frui?
511 4445 628 4496 ⁵1)oe
641 4439 714 4479 est
739 4445 753 4480 τ
775 4431 860 4478 sed
887 4445 948 4478 ne
975 4430 1101 4479 bone
1124 4430 1303 4486 fallere,
1331 4429 1463 4478 cordi

242 4512 314 4558 Est
335 4511 456 4560 mihi
493 4511 707 4560 furtivus
733 4527 832 4560 non
859 4511 1132 4561 manifestus
1156 4529 1304 4564 amor.

187 4591 478 4651 &gitimasne
502 4592 628 4656 fugis
648 4594 824 4642 taedas?
853 4594 979 4643 boun
1003 4594 1182 4644 scilicet
1201 4595 1300 4660 ejus

239 4673 355 4721 Scizi
385 4675 580 4723 ‹lis-iniis
609 4691 708 4724 etse
737 4675 922 4725 minora
949 4677 1082 4726 meis.

185 4749 338 4802 seim?
359 4769 458 4804 non
473 4771 528 4804 a
553 4770 754 4815 amans;
785 4757 988 4805 mendax
1011 4757 1333 4823 deprendere:
1359 4771 1466 4805 nam
1487 4769 1583 4803 non

241 4831 320 4878 Ille
339 4849 480 4881 amor
502 4841 602 4888 est,
625 4833 696 4884 uti
718 4836 800 4899 qui
825 4834 1010 4884 ratione
1031 4845 1202 4902 potest.

3218 122 3327 179 109

1851 242 2064 295 iii-undis
2088 246 2287 297 ferinam
2319 249 2574 313 imaginem
2594 251 2732 301 aiunt
2754 252 2932 303 videre.

1789 330 1975 381 Furens
2004 332 2207 384 sortasse
2225 339 2371 385 Amor
2389 337 2616 387 acerbum
2642 338 2797 389 infixit
2820 340 3012 392 dentem

1851 416 1998 481 mihi,
2018 423 2069 470 et
2092 420 2291 471 insaniis
2322 424 2533 473 animum
2562 437 2733 475 uicum
2766 428 3125 495 praedam-egit:

1791 506 1927 555 tuam
1950 507 2077 556 enim
2106 512 2156 559 et
2172 512 2349 572 pontus
2369 509 2636 571 jucundam
2660 513 2917 577 imaginem
2941 520 3179 583 ostendit,

1854 596 1903 642 et
1923 592 2179 645 fluminum
2208 584 2513 660 vorticesfet
2540 602 2773 661 poculum
2796 602 3149 665 pocillator-um.

2126 738 2231 784 267.
2262 738 2553 785 AGATHIAE
2585 740 2998 794 SCHOLASTICI.

1799 886 1853 921 a.
1887 873 2018 931 Quid
2036 874 2219 937 gemis?
2240 876 2285 925 b.
2308 879 2447 925 Amo.
2469 891 2519 927 a.
2548 880 2741 935 Quem?
2772 882 2818 931 b.
2840 883 3101 947 Virginem.
3126 903 3175 939 a.
3202 896 3336 942 Anne

3029 971 3298 1036 [pulchram
3314 986 3336 1030 Ρ

1856 1047 1902 1097 b.
1935 1046 2192 1098 Pulchram
2211 1049 2389 1099 nostris
2410 1050 2565 1099 oculis
2585 1051 2757 1102 visam.

1795 1148 1844 1184 α.
1881 1134 1973 1185 Ubi
1997 1148 2112 1185 vero
2144 1149 2251 1185 eam
2276 1136 2689 1187 animadvertisti?
2718 1139 2764 1188 b.
2789 1140 2920 1202 Illic,
2946 1144 3008 1192 ad
3048 1159 3229 1198 coenam
3260 1150 3335 1199 in-

1855 1224 2101 1272 communi
2121 1224 2399 1274 reclinatam
2420 1224 2523 1273 vidi
2543 1224 2595 1273 in
2616 1226 2972 1287 strato-junceo.
3080 1230 3308 1295 [gressus
3321 1278 3333 1297 ‚

1797 1324 1850 1361 a.
1883 1313 2118 1373 sperasne
2134 1316 2452 1361 successum?
2472 1312 2517 1360 b.
2540 1312 2654 1373 Nae,
2680 1314 2793 1373 Ne,
2813 1316 2963 1365 amice
2988 1336 2999 1363 :
3026 1320 3338 1373 manifestum

1855 1394 1990 1445 haud
2010 1409 2179 1458 quaero
2208 1409 2448 1457 amorem,
2466 1396 2553 1447 sed
2572 1398 2825 1448 furtivum.
3149 1404 3338 1467 [tamen

1797 1496 1847 1533 a.
1883 1481 2175 1545 Legitimum
2200 1481 2367 1543 potius
2390 1482 2517 1545 sugIs
2535 1484 2910 1535 matrimonium.
2940 1488 2983 1537 b.
3004 1488 3149 1542 Plane
3167 1496 3309 1556 novi,

1856 1569 2087 1631 quoniam
2111 1568 2499 1631 possessionibus
2519 1572 2633 1633 ejus
2650 1572 2857 1622 multum
2878 1573 3029 1625 deest.

1799 1671 1849 1708 a.
1883 1658 2099 1707 Noveras
2124 1655 2253 1707 hoc?
2276 1659 2321 1716 i,
2359 1670 2455 1705 non
2492 1670 2651 1719 amm,
2686 1659 2921 1709 mentitus
2956 1675 3009 1711 es
3046 1678 3058 1707 ι
3096 1670 3341 1728 quomodo

1857 1744 2017 1793 anima
2038 1746 2169 1793 recte
2201 1742 2489 1793 ratiocinans
2520 1745 2945 1797 amore-insanire?
2992 1750 3153 1813 [enim
3178 1760 3339 1817 potest

2194 1866 2301 1911 268.
2344 1862 2529 1910 PAULI
2558 1863 2935 1941 smENJrIARn.

1798 2005 1866 2053 Ne
1890 2001 2004 2065 quis
2030 2000 2247 2064 amplius·
2268 2003 2457 2051 metuat
2469 2000 2701 2069 ‚desiderii
2729 2003 2881 2053 telum
2911 2026 2923 2054 :
2956 2008 3136 2072 quippe
3162 2012 3335 2073 phare-

1859 2091 1907 2140 in
1932 2103 2013 2141 me
2040 2089 2341 2153 impetuosus
2360 2095 2509 2140 Amor
2530 2091 2789 2143 exinanivit
2811 2096 2979 2145 totam.
3180 2100 3339 2164 [tram

1798 2181 1868 2229 Ne
1887 2179 2075 2228 alarum
2091 2180 2266 2228 tremat
2282 2177 2459 2240 aliquis
2486 2178 2750 2228 adventum
2782 2200 2794 2229 ι
2820 2195 2931 2231 nam
2949 2197 3005 2233 ex
3030 2198 3129 2248 quo
3160 2188 3281 2237 milii

1861 2265 2077 2315 calcibus
2096 2264 2335 2327 impositis
2357 2264 2543 2328 pectori
2562 2264 2740 2314 durum
2758 2266 2911 2318 infixit
2928 2270 3100 2332 pedem
3113 2310 3128 2333 ‚

1798 2353 2057 2412 immotus»,
2088 2352 2398 2415 inquassatus
2426 2350 2628 2413 insidet,
2661 2366 2820 2416 neque
2845 2354 3095 2415 discessit3

1859 2439 1911 2489 in
1933 2452 2012 2489 me
2038 2438 2510 2521 enim-detopdit-sibi
2532 2452 2619 2502 par
2644 2439 2845 2489 alarum.

2130 2584 2237 2629 269.
2270 2580 2562 2626 AGATHIAE
2594 2579 3011 2631 SCHOLASTICI.

1802 2720 2023 2767 Duarum
2036 2714 2297 2764 mulierum
2314 2727 2443 2763 unus
2457 2714 2713 2776 aliquando
2728 2716 2775 2764 in
2794 2716 2955 2766 medio
2971 2717 3345 2783 decumbebam,

1861 2799 2063 2851 alterius
2078 2799 2274 2861 quidem
2304 2800 2509 2866 cupidus
2523 2838 2536 2859 ,
2556 2801 2691 2850 alteri
2715 2804 2878 2851 autem
2896 2804 3170 2865 gratificans
3192 2826 3205 2854 ε

1803 2894 1951 2954 atque
1968 2889 2164 2940 attraxit
2184 2902 2263 2939 me
2278 2889 2428 2938 altera
2444 2927 2457 2950 ,
2474 2891 2727 2950 osculans3
2754 2895 3016 2956 contraque
3036 2908 3141 2958 ego,
3159 2909 3247 2945 ceu
3268 2898 3348 2946 sur

1863 2977 1993 3028 labio
2016 2979 2243 3041 parcente
2264 2977 2466 3026 alteram
2492 2977 2762 3039 osculabar,
3104 2981 3311 3046 [aliquis
3330 3025 3342 3046 ,

1802 3065 2088 3128 zelotypiam
2112 3064 2281 3113 fallens
2298 3064 2468 3114 vicinae
2482 3102 2495 3125 ‚
2520 3065 2661 3127 cujus
2678 3065 3057 3130 objurgationem

1861 3155 1912 3202 et
1944 3150 2492 3201 morem-dissolventes
2518 3153 2724 3202 nuncios
2754 3155 3035 3205 tremebam.

1802 3238 2058 3302 Suspirans
2078 3237 2226 3300 igitur
2243 3236 2345 3285 dixi
2366 3259 2378 3286 :
2402 3256 2427 3280 α
2454 3236 2574 3286 Mihi
2602 3238 2725 3288 forte
2753 3243 2802 3289 et
2820 3242 2996 3304 amari,

1862 3325 1992 3375 sicut
2017 3337 2204 3385 amare,
2230 3337 2375 3386 grave
2395 3327 2496 3384 est,
2514 3325 2600 3387 qui
2623 3325 2884 3388 dupliciter
2911 3329 3101 3392 puniar.
3133 3331 3156 3374 »3

2278 3507 2389 3554 263.
2422 3523 2565 3554 mum
2595 3524 2847 3557 sim-:urna
2856 3526 2914 3560 11.

1807 3623 2046 3672 Flammea
2065 3637 2126 3670 ne
2157 3621 2407 3686 quisquam.
2434 3623 2598 3671 timeat
2612 3624 2709 3688 jam
2735 3627 2829 3674 teia
2850 3641 2863 3674 :
2886 3626 3155 3692 pharetram

1873 3710 1931 3754 In
1954 3722 2060 3754 mea
2081 3721 2190 3754 nam
2212 3721 2401 3755 vacuam
2428 3707 2623 3755 vulnera
2648 3707 2761 3756 fecit
2786 3713 2953 3759 Amor.

1809 3791 1908 3838 Nec
1934 3803 2087 3853 penna
2110 3796 2292 3837 metuat
2311 3787 2371 3835 de
2392 3796 2599 3852 praepete
2621 3804 2633 3836 :
2658 3804 2767 3836 nam
2790 3789 2914 3839 ferus
2936 3807 2993 3840 ex
3023 3808 3118 3856 quo

1874 3869 2100 3933 Imposito
2123 3868 2289 3933 pressit
2313 3875 2505 3932 pectora
2522 3877 2683 3918 nostra
2711 3870 2858 3934 pede,

1811 3948 1986 3998 Insidet
2014 3949 2269 3997 immotus:
2296 3948 2439 4012 quin,
2466 3964 2527 3998 nc
2551 3949 2789 3999 discedere
2822 3960 2989 4017 posset,

1879 4034 1951 4079 En
1968 4031 2109 4079 etiam
2130 4047 2307 4096 pennas
2324 4031 2522 4079 abscidit
2540 4031 2639 4098 ipse
2664 4032 2770 4081 sibi.

2256 4147 2368 4209 269.
2407 4149 2631 4195 ›xcix-unu
2664 4164 2914 4196 otiu-ons.

1812 4263 2036 4312 Binarum
2060 4263 2237 4311 medius
2264 4279 2417 4326 nuper
2438 4279 2546 4311 cum
2571 4261 2693 4311 forte
2710 4265 2936 4327 jacerem,

1879 4350 2062 4411 Nempe
2086 4346 2246 4394 favens
2274 4346 2393 4394 votis
2417 4346 2565 4400 illius.
2602 4346 2723 4395 hanc
2747 4357 2796 4396 et
2813 4364 2973 4396 amans
3000 4364 3012 4397 :

1817 4429 1902 4476 Illa
1932 4444 2103 4493 procax
2127 4429 2240 4476 dum
2268 4443 2344 4476 me
2370 4443 2454 4476 sua
2477 4428 2638 4478 ductat
2664 4430 2722 4477 nd
2743 4432 2935 4492 oscula,
2957 4415 3123 4482 furtim

1881 4509 2089 4558 Alterius
2112 4509 2256 4557 labris
2284 4509 2441 4558 oscula
2467 4525 2607 4574 parca
2635 4511 2802 4559 dabam
2820 4546 2834 4566 ‚

1816 4591 2063 4655 Zelotypus
2081 4590 2258 4654 fugiens
2282 4591 2447 4639 viciuae
2472 4591 2661 4654 virginis
2686 4593 2797 4653 iras,

1883 4672 2063 4720 Indicio
2092 4687 2153 4720 ne
2180 4688 2266 4720 nos
2284 4673 2505 4736 proderet
2532 4671 2611 4720 illa
2635 4689 2740 4723 suo.

1819 4753 2057 4816 Ingemui,
2080 4752 2289 4817 dixique,
2316 4752 2504 4818 Duplex
2536 4753 2652 4801 mihi
2678 4771 2813 4821 poena
2841 4765 2999 4822 parata
3021 4767 3091 4806 est
3111 4793 3126 4818 ,

1885 4839 1946 4884 Et
1974 4836 2097 4900 quod
2118 4852 2248 4892 amo,
2278 4836 2456 4902 pariter
2474 4851 2574 4884 sum
2602 4836 2759 4894 miser,
2780 4846 2825 4885 et
2845 4838 2969 4901 quod
2994 4854 3142 4903 amor.
