3829 5747
912 212 1159 275 CAPUT
1199 216 1353 277 Vm.
1400 218 1958 287 EPIGRAMMATA
1999 230 2361 295 GREGORH
2402 236 2803 302 THEOLOGI.
3162 293 3173 307 .
3336 250 3451 309 537

721 348 822 393 180.
853 346 990 394 κατὰ
1017 328 1351 414 mamogo-iv.
2282 366 2351 410 so.
2383 368 2434 412 ιη
2462 370 2774 427 sepulcrorum
2800 371 3087 428 nmo-sora.

224 455 448 541 Ἔργον
494 463 707 543 ἀλιτρὸν
745 464 939 525 ὄπωπα
965 512 982 541 ,
1014 469 1275 549 κεχηνότα
1304 470 1504 549 τύμὸον
1527 519 1544 550 ,
1591 473 1812 533 ὁδεύων·
1900 490 2108 543 Facinus
2132 494 2335 559 impium
2360 499 2489 563 vidi,
2514 500 2657 553 hians
2686 504 2961 569 sepulerum
2980 544 2993 569 ,
3022 506 3315 559 iter-faciens
3341 525 3352 553 ε

306 556 529 628 χρυσοῦ
550 558 720 613 ταῦτα
743 554 892 613 πέλει
915 555 1152 635 ἔργματα
1180 562 1272 618 τοῦ
1297 559 1468 619 δολίου
1483 583 1498 598 ·
1963 580 2069 629 auri
2102 580 2209 632 haee
2226 586 2347 636 sunt
2376 600 2523 651 opera
2545 588 2716 641 dolosi.

3444 1592 3468 1623 Ι·

228 637 272 693 εἷ
301 636 409 711 μὲν
451 639 650 720 χρυσὸν
676 640 843 720 ἔχεις,
876 634 1020 723 εὗρες
1050 644 1215 705 κακόν
1231 669 1244 683 ·
1270 648 1316 705 εἰ
1339 648 1385 705 δ’
1403 647 1507 727 ἄρα
1532 650 1696 716 κεινὸς
1900 666 1953 715 Si
1969 667 2169 731 quidem
2188 684 2364 723 aurum
2382 674 2561 739 habes,
2576 678 2805 731 invenisti
2824 682 3039 742 malum3
3064 682 3109 735 si
3130 698 3247 736 vero
3268 699 3457 739 vacuus

311 724 475 786 ἔνθεν
505 726 663 801 ἔὸης,
696 728 879 801 κενεὴν
905 730 1086 807 μήσαο
1111 734 1414 805 δυσσεὸίην.
1964 753 2076 807 hinc
2100 758 2286 821 abiisti,
2314 774 2490 813 vanam
2512 768 2860 819 es—meditatus
2881 769 3199 834 impietatem.

740 882 846 930 181.
885 882 963 937 Εἰς
995 882 1102 938 τοὺς
1134 884 1318 940 αὐτούς.
2474 904 2569 951 m.
2595 908 2649 950 ln
2679 906 2876 953 eosdem.

228 998 540 1060 Ὀσσάτιον
579 1002 895 1083 παράμειψα
928 1007 1126 1083 βροτῶν
1167 1004 1311 1085 βίον·
1343 1004 1456 1067 οὐδ’
1488 1010 1571 1089 ἄρ’
1593 1006 1813 1086 ἔμελλον
1901 1027 2271 1093 Quam-longam
2300 1034 2513 1096 praeterii
2538 1034 2794 1088 hominum
2816 1039 2995 1091 vitamt
3018 1053 3110 1093 neo
3130 1040 3277 1106 igitur
3308 1042 3458 1094 debe·

313 1089 600 1169 ἐκφυγέειν
621 1090 872 1167 παλάμας
895 1092 1118 1170 γείτονος
1139 1096 1455 1173 οὐλομένας,
1962 1114 2177 1179 cffugere
2204 1122 2549 1173 manus-vicini
2574 1125 2897 1189 perniciosam
3313 1130 3332 1195 [
3344 1130 3458 1181 bam

227 1176 282 1241 ὅς
317 1200 394 1251 με
428 1180 518 1237 καὶ
542 1177 698 1237 αἰπὺν
726 1178 878 1237 ἐόντα
905 1180 1083 1257 χαμαὶ
1114 1184 1245 1259 βάλε
1273 1182 1420 1255 νηλέϊ
1449 1188 1597 1263 θυμῷ
1615 1230 1631 1257 ,
1899 1200 1990 1263 qui
2023 1214 2105 1253 me
2132 1204 2281 1255 etiam
2309 1208 2553 1260 excelsum
2576 1211 2713 1261 humi
2731 1212 2849 1274 jecit
2878 1214 3245 1267 immisericordi
3268 1220 3455 1279 mente,

313 1263 448 1323 οὔτε
476 1266 590 1325 θεὸν
616 1266 786 1334 δείσας
801 1310 818 1339 ,
840 1265 947 1327 οὔθ’
975 1268 1124 1340 ὁσίην
1149 1270 1431 1349 φθιμένων.
1962 1302 2123 1354 neque
2140 1294 2299 1345 Deum
2321 1296 2606 1360 formidans,
2629 1312 2791 1363 neque
2804 1301 3081 1365 religionem
3099 1303 3453 1356 defunctorum.

745 1429 852 1475 182.
887 1426 970 1481 Et:
1000 1426 1106 1482 τοὺς
1139 1426 1322 1483 αύτούς.
2479 1440 2573 1483 ⁸82.
2600 1440 2656 1483 ln
2682 1440 2882 1485 eosdem.

231 1530 346 1603 Τὸν
381 1543 602 1620 τύμὸων
625 1547 908 1625 κακοεργὸν
937 1547 1203 1627 ἀλάστορα
1233 1549 1445 1629 φεύγετε
1471 1550 1660 1616 πάντες
1676 1567 1689 1581 ·
1899 1562 2243 1625 Sepulcromm
2269 1566 2549 1619 maleficum
2567 1569 2954 1635 ‹iepraedatorem
2972 1570 3126 1637 sugite
3155 1576 3335 1625 cuncti.

315 1631 460 1703 ἠνίδ’
481 1634 607 1705 ὅσην
635 1633 858 1705 σκοπιὴν
885 1634 1075 1714 ῥήξατο
1101 1636 1306 1715 ῥηϊδίως
1320 1661 1334 1674 ·
1960 1649 2034 1697 En
2059 1652 2294 1713 quantam
2312 1654 2560 1717 speculam
2582 1656 2719 1720 rupit
2740 1658 2907 1709 facile!

234 1720 294 1775 οὗ
319 1719 426 1795 μὲν
457 1722 664 1802 ρηῖδίως
687 1722 938 1803 ἒῤῥήξατο
955 1742 970 1758 ·
1005 1726 1124 1781 ἀλλ’
1146 1725 1378 1795 ἀποτῆλε
1850 1744 1856 1801 Ι
1897 1748 1996 1785 non
2025 1737 2225 1801 quidem
2248 1739 2387 1791 facile
2414 1742 2564 1807 rupit.
2627 1745 2719 1794 Ast
2740 1747 2907 1808 procul

320 1807 583 1885 χάζεσθε·
610 1808 884 1888 φθιμένους
915 1800 1011 1868 ὅδ’
1039 1810 1102 1869 ἂν
1133 1810 1489 1889 ἀρεσσάμεθα.
1585 1876 1606 1899 ·
1961 1824 2175 1878 recedite
2203 1847 2215 1875 :
2244 1830 2453 1881 mortuis
2478 1832 2549 1883 ita
2582 1832 2928 1896 placuerimus·

741 1960 846 2006 183.
882 1957 962 2011 Εἰς
994 1956 1102 2012 τοὺς
1134 1956 1315 2009 αὐτούς.
2479 1971 2573 2018 iss.
2608 1976 2664 2017 In
2689 1972 2889 2022 eosdem.

241 2078 380 2135 Αἰαῑ
405 2076 474 2143 ὥς
499 2101 552 2137 τι
584 2077 748 2137 κακὸν
777 2079 1156 2159 προτιόσσομαι
1185 2080 1396 2158 ἐγγύθεν
1425 2078 1528 2151 ἤδη
1897 2092 2009 2143 Heu
2024 2129 2039 2153 ,
2059 2091 2185 2144 heu!
2201 2098 2441 2159 quantum
2464 2098 2585 2161 quid
2602 2100 2717 2151 mali
2735 2105 2997 2166 praesentlo
3015 2106 3337 2171 propinquum
3353 2110 3456 2173 jam

323 2164 466 2221 τοῖσί
489 2186 547 2222 τε
583 2164 961 2245 τυμὸορύχοις,
988 2174 1096 2233 τοῖς
1112 2189 1169 2224 τε
1200 2165 1519 2244 περικτιόσιν
1535 2210 1552 2241 ,
1960 2180 2393 2248 sepulcrorumque
2414 2186 2799 2252 perfossoribus,
2818 2190 3087 2255 vicinisque
3103 2232 3116 2255 ,

242 2250 484 2327 σήματος
505 2252 798 2330 ὓψιθίοντος
819 2252 1075 2321 ὀλωλότος
1094 2258 1107 2311 l
1135 2253 1273 2313 ἀλλὰ
1305 2253 1394 2311 τὸν
1427 2252 1612 2333 ἐχθρὸν
1898 2273 2217 2321 monumento
2240 2272 2764 2327 in-altum-excurrente
2781 2278 3059 2331 destructo!
3088 2282 3183 2333 Sed
3204 2282 3395 2336 hostem

324 2336 436 2402 οἶδε
462 2343 580 2415 δίκη
599 2368 612 2382 ·
643 2344 881 2425 δακρύειν
911 2348 958 2405 δ’
994 2344 1249 2427 ἡμέτερον
1279 2346 1570 2439 φθιμένους.
1960 2357 2099 2407 novit
2120 2358 2308 2420 iustitia
2334 2375 2347 2404 τ
2374 2362 2557 2413 deflere
2582 2366 2747 2415 autem
2772 2368 2996 2418 nostrum
3023 2372 3099 2421 est
3124 2374 3359 2424 mortuos.

747 2494 848 2541 ¹84.
887 2491 966 2546 Et:
998 2490 1105 2547 τοὺς
1135 2490 1316 2547 αὐτούς.
2486 2505 2576 2548 m.
2606 2507 2659 2549 ln
2686 2504 2883 2553 eosdem.
3228 2456 3251 2488 O

247 2628 550 2686 Μαυσωλοῦ
579 2626 740 2705 τάφος
763 2626 873 2685 ἐστὶ
900 2625 1189 2705 πελώριος,
1218 2626 1355 2686 ἀλλὰ
1381 2627 1615 2707 Κάρεσσι
1899 2632 2107 2683 Mausoli
2138 2635 2415 2698 sepulcrum
2438 2637 2733 2690 immensum
2756 2642 2865 2705 est,
2890 2642 2979 2693 sed
3008 2644 3213 2696 Caribus

327 2714 498 2790 τίμιος
513 2736 528 2751 ·
564 2714 702 2779 οὔτις
727 2714 840 2771 ἐκεῖ
862 2713 1172 2790 τυμὸολέτις
1197 2712 1420 2790 παλᾶμη
1439 2739 1453 2752 ·
1962 2721 2293 2773 venerandum
2322 2739 2333 2767 =
2368 2724 2505 2775 nulla
2534 2725 2603 2776 ibi
2629 2728 3235 2793 scpulcra-quae-destruat
3258 2748 3435 2787 manus

251 2801 701 2860 Καππαδόκεσσιν
725 2800 888 2880 ἔγωγε
921 2800 1038 2880 μέγ’
1063 2798 1265 2881 ἔξοχος,
1299 2800 1434 2859 ἀλλὰ
1459 2802 1705 2885 δέδορκας
1901 2807 2274 2871 Cappadocibus
2296 2825 2387 2878 ego
2412 2813 2557 2867 valde
2582 2815 2817 2867 eximium
2845 2839 2857 2869 :
2886 2820 2939 2869 at
2962 2820 3121 2871 cernis

331 2881 419 2948 οἶα
444 2889 640 2950 πάθον·
663 2890 835 2969 στήλῃ
864 2891 1100 2970 γράψατε
1129 2889 1456 2970 νεκροφόνον.
1962 2897 2125 2960 qualia
2148 2912 2476 2964 sum-passus.
2542 2903 2696 2969 cippo
2716 2905 2967 2958 inscribite
2992 2908 3392 2963 cadavericidam.

749 3043 848 3092 185.
890 3041 972 3097 Εἰς
1001 3041 1108 3097 τοὺς
1139 3040 1320 3099 αὐτούς.
1946 3065 1961 3076 ·
2483 3046 2574 3090 188.
2600 3048 2653 3090 ln
2678 3045 2877 3092 eosdem.

253 3161 448 3239 Τοίχος
469 3159 544 3220 ἐνὶ
568 3159 888 3240 προπόδεσσι
912 3160 1004 3218 καὶ
1026 3160 1192 3239 ὄρθιος
1211 3184 1223 3197 ·
1247 3160 1387 3219 ἔνθεν
1413 3161 1594 3221 ἔπειτα
1898 3165 2074 3220 Murus
2094 3171 2145 3220 in
2170 3171 2651 3236 radicibus-montis,
2670 3176 2811 3240 isque
2838 3180 3028 3238 rectus3
3056 3179 3171 3231 hinc
3193 3182 3305 3232 dein

337 3247 518 3314 ὕπτιος
535 3291 552 3320 ,
585 3249 647 3304 ἐκ
672 3247 909 3324 λαγόνων
941 3247 1095 3312 εἰς-ἓν
1123 3248 1469 3328 ἀγειρομένων
1962 3257 2218 3322 supinum,
2244 3273 2307 3310 ex
2328 3259 2561 3313 lateribus
2586 3264 2637 3314 in
2670 3279 2826 3316 unum
2852 3268 3121 3331 conjunctis
3137 3308 3151 3330 ,

254 3333 450 3412 τύμὸος
482 3333 607 3410 ἔην,
638 3336 930 3415 καθύπερθε
953 3334 1115 3414 λόφου
1146 3335 1329 3416 λόφος·
1361 3335 1496 3394 ἀλλὰ
1536 3339 1588 3395 τί
1615 3345 1810 3412 ταῦτα;
1899 3347 2180 3410 sepulcrum
2212 3350 2343 3411 erat,
2378 3364 2525 3414 super
2554 3351 2727 3402 collem
2750 3354 2905 3404 collis.
2936 3355 3032 3406 Sed
3052 3357 3171 3419 quid
3192 3357 3337 3409 haec?

333 3423 478 3482 οὐδὲν
507 3421 850 3502 χρυσοφίλαις
877 3421 932 3481 οἵ
956 3425 1012 3498 μ’
1043 3421 1278 3490 ἐτίναξαν
1309 3422 1451 3484 ὅλον.
1961 3429 2082 3479 nihil
2108 3431 2425 3495 auri-cupidis
2450 3433 2536 3496 qui
2566 3447 2646 3484 me
2672 3441 3026 3488 concusserunt
3043 3442 3223 3490 totum.

748 3573 853 3619 186.
887 3570 967 3626 Εἰς
997 3545 1104 3625 tob}
1135 3569 1316 3626 αὐτούς.
2486 3572 2581 3615 we.
2608 3575 2663 3616 In
2682 3571 2877 3618 eandem.

257 3693 472 3770 Νεκρῶν
498 3691 658 3770 νεκρὰ
686 3690 836 3750 πέλοι
869 3691 961 3750 καὶ
993 3691 1243 3768 μνήματα
1263 3713 1278 3728 ·
1317 3691 1372 3758 ὃς
1408 3692 1454 3749 δ’
1483 3695 1732 3775 ἀνεγείρει
1851 3615 1860 3728 Ι
1899 3697 2205 3747 Mortuerum
2221 3701 2420 3748 mortua
2445 3700 2545 3750 sint
2580 3703 2632 3751 et
2656 3704 2985 3753 monumenta.
3053 3703 3151 3762 Qui
3172 3718 3289 3756 vem
3316 3707 3460 3771 erigit

333 3778 533 3855 τύμὸον
550 3783 584 3836 ἀ
623 3777 846 3858 ιπρεπέα
873 3784 938 3858 τῇ
962 3781 1097 3852 κόνι,
1127 3787 1242 3837 τοῖα
1269 3779 1454 3839 πάθοι·
1962 3785 2243 3848 sepulcrum
2270 3786 2506 3848 inclytum
2536 3789 2756 3851 pulveri,
2776 3789 2893 3839 talla
2915 3789 3144 3853 patiatur.

257 3869 314 3924 οὗ
343 3866 442 3944 γὰρ
469 3867 530 3924 ἂν
559 3803 705 3935 ogre<
729 3866 862 3945 ἀνὴρ
892 3865 983 3925 τὸν
1011 3867 1134 3942 ἐμὸν
1162 3867 1325 3947 τάφον
1355 3867 1710 3942 ἐξαλάπαξεν,
1900 3872 2069 3934 Neque
2099 3873 2230 3923 enim
2267 3873 2362 3924 iste
2392 3873 2540 3924 homo
2569 3887 2735 3924 meum
2763 3875 3042 3940 sepulcrum
3072 3876 3453 3940 devastavisset,

337 3956 382 4010 εἰ
405 3953 480 4030 μὴ
508 3953 702 4033 χρυσὸν
729 3953 868 4033 ἔχειν
895 3954 1094 4026 ἤλπετο
1113 3957 1173 4012 ἐκ
1199 3953 1411 4016 νεκύων.
1962 3959 2054 4010 nisi
2082 3974 2260 4010 aurum
2289 3960 2469 4011 habere
2500 3965 2748 4026 sperasset
2776 3977 2833 4014 ex
2860 3965 3084 4032 mortuis.

753 4094 858 4141 187.
892 4092 970 4147 Εἰς
999 4091 1104 4146 τοὺς
1136 4090 1317 4147 αὐτούς.
2482 4099 2575 4143 ⁸8⁷.
2605 4100 2876 4144 lneosdem.

257 4210 356 4277 Τίς
379 4211 546 4282 τίνος;
567 4214 683 4273 Οὔκ
711 4211 842 4292 ἐρέει
865 4213 1033 4286 στήλη
1053 4239 1068 4250 ·
1096 4214 1199 4294 πρὸ
1226 4214 1327 4292 γὰρ
1353 4213 1520 4272 ὤλετο
1546 4214 1767 4293 τύμὸου.
1900 4231 2058 4286 Quis?
2086 4231 2263 4292 cuius?
2290 4245 2387 4280 non
2412 4229 2541 4282 dicet
2568 4231 2771 4296 cippus;
2792 4234 2905 4283 ante
2927 4232 3054 4283 enim
3074 4245 3275 4283 eversus
3301 4232 3457 4296 sepul-

335 4300 430 4366 Τίς
455 4299 669 4378 χρόνος;
690 4300 917 4380 ἀρχαίης
938 4306 1087 4376 σῆμα
1105 4301 1210 4360 τόδ’
1233 4301 1493 4382 ἐργασίης.
1946 4322 2085 4387 ,Ουω
2108 4320 2458 4370 aetas?vetusti
2474 4323 2845 4370 monumentum
2867 4319 2961 4370 hoc
2977 4320 3152 4384 operis.
3178 4319 3337 4385 [crum
3360 4322 3451 4370 est.

269 4385 352 4451 l't'c
373 4386 428 4446 δι’
450 4390 500 4444 σ’
533 4386 780 4464 ἐνήρατο;
801 4386 944 4445 εἰπέ·
964 4388 1112 4468 φόνος
1135 4389 1276 4448 τόδε.
1301 4423 1378 4436 -·-·
1404 4391 1581 4468 Χείρες
1606 4391 1812 4468 ἀλιτραὶ
1899 4405 2025 4463 Quis
2050 4407 2103 4455 te
2131 4406 2405 4456 mtersecit?
2433 4404 2527 4456 dic,
2593 4407 2767 4458 Caedoe
2794 4408 2903 4458 1100,
2940 4437 3001 4450 ....
3030 4409 3203 4458 Manus
3230 4406 3451 4460 scelestoe

335 4473 578 4550 γείτονος.
598 4507 622 4518 ··
643 4472 736 4540 Ὦς
757 4473 811 4532 τί
827 4473 999 4552 ’λᾶὅῃς
1030 4508 1062 4520 -
1088 4475 1316 4552 Χρυσόν.
1347 4509 1372 4520 -
1387 4473 1546 4554 Ἔχοι
1573 4475 1808 4550 σκοτίην.
1962 4492 2263 4544 vicini—Ut
2274 4493 2393 4557 quid
2402 4493 2716 4546 haberet?—
2730 4493 3450 4546 Aurum.—}1abeattenehras.

751 4617 853 4663 ¹88.
890 4614 971 4670 Εἰς
1001 4613 1107 4669 τοὺς
1139 4615 1318 4670 αὐτούς.
2484 4625 2578 4667 188.
2601 4625 2655 4668 In
2680 4623 2878 4669 eosdem.

256 4732 440 4802 εὈστις
469 4735 594 4812 ἐμὸν
626 4736 769 4816 παρὰ
799 4740 946 4810 σῆμα
974 4731 1140 4816 φέρεις
1158 4737 1313 4806 πόδα,
1341 4736 1444 4796 ἴσθι
1475 4761 1541 4814 με
1568 4745 1731 4798 ταῦτα
1902 4749 2215 4812 Quicumque
2238 4763 2405 4800 meum
2424 4753 2572 4814 juxta
2598 4755 2969 4802 monumentum
2989 4753 3089 4802 fers
3110 4754 3283 4817 pedem
3300 4792 3314 4815 ,
3334 4756 3459 4806 scito

337 4827 426 4879 τοῦ
453 4822 862 4902 νεοκληρονόμου
888 4824 1038 4904 χερσὶ
1069 4825 1282 4883 παθόντ’
1314 4826 1502 4894 ἀδίκως
1519 4850 1531 4863 ·
1962 4835 2310 4888 novi-haeredis
2327 4838 2553 4890 manibus
2572 4853 2911 4902 passum-esse
2938 4841 3119 4904 inique.
3216 4839 3329 4905 [me
3349 4842 3454 4892 haec

261 4913 315 4969 οὗ
343 4910 444 4989 γὰρ
472 4911 594 4992 ἔχον
624 4911 819 4991 χρυσόν
849 4936 906 4971 τε
935 4912 1027 4971 καὶ
1071 4913 1293 4992 ἄργυρον
1311 4958 1328 4988 ,
1362 4915 1478 4974 ἀλλ’
1521 4915 1769 4988 ἔδοκῆθην
1790 4959 1807 4994 ,
1900 4926 2008 4974 Non
2036 4925 2163 4975 enim
2187 4925 2426 4976 habebam
2455 4940 2725 4990 aurumque
2756 4929 2807 4980 et
2828 4931 3106 4992 argentum,
3140 4929 3223 4979 sed
3258 4929 3457 4980 videbar

338 5002 520 5059 κάλλεϊ
541 5000 856 5081 μαρμαίρων
887 5001 1175 5060 τοσσατίων
1198 5003 1442 5079 λαγόνων.
1964 5011 2169 5075 habere,
2196 5013 2553 5076 pulchritudine
2578 5014 2834 5078 splendens
2861 5019 3106 5066 tantorum
3142 5017 3361 5070 laterum.
