3829 5747
1148 402 1538 489 BREVIS
1595 397 2219 490 -ANNOTATIO
2287 398 2395 485 IN
2460 398 2806 489 CAPUT
2871 400 2981 488 V.

1769 623 2327 657 ψ·

535 922 557 945 α
589 898 875 951 Praecedunt
893 898 942 947 in
968 896 1088 947 Cod.
1117 898 1265 946 verba
1281 896 1444 946 nescio
1461 895 1601 958 cujus
1628 893 1864 943 hominis:
1891 894 2012 943 Φεύ-

469 988 571 1031 γετε
588 1009 601 1032 ,
620 972 712 1019 νέοι
730 1006 744 1028 ,
767 969 916 1017 παῖδα
945 967 1150 1028 Κυθήρης
1169 967 1406 1021 τοξοὸὀλον
1419 966 1606 1029 Ἔρωτα
1624 978 1634 988 ·
1664 977 1774 1026 quae
1803 966 2021 1015 Reiskius

469 1041 608 1091 Misc.
657 1039 786 1102 LipS.
816 1051 929 1087 nov.
961 1042 1000 1086 t.
1050 1039 1130 1093 lx,
1159 1050 1209 1099 p.
1259 1040 1374 1095 100,
1404 1034 1473 1083 ita
1505 1034 1656 1083 vertit
1687 1054 1698 1083 ε
1731 1034 1941 1097 Fuqite,
1989 1044 2019 1078 ο

461 1106 900 1173 Ῑιιυεηεε,[ἱὶι”ιιηι
933 1110 1138 1156 Veneris
1163 1107 1500 1167 sepium-ium
1532 1104 2015 1166 cupidi-nem,Aga-

467 1183 584 1233 thiae
613 1181 832 1231 tribuens
850 1217 862 1239 ‚
896 1178 1037 1239 cuius
1063 1192 1160 1227 non
1185 1178 1372 1238 queunt
1399 1188 1525 1224 esse.
1555 1175 1832 1223 'tribuenda
1859 1172 2021 1236 potius

469 1255 583 1301 sunt
624 1250 820 1301 librario
865 1247 1162 1307 semidocto,
1197 1244 1282 1308 qui
1326 1245 1488 1293 forsan
1523 1245 1807 1294 meminerat
1845 1242 2019 1306 legisse

467 1322 660 1372 initium
677 1317 1060 1383 epigrammatis,
1085 1330 1213 1365 nunc
1242 1314 1460 1378 Append.
1490 1319 1582 1365 379
1605 1334 1617 1363 :

505 1522 516 1535 .
590 1469 794 1529 Φεύγετε
815 1467 1058 1530 τοξοφόρον
1074 1470 1234 1515 τοῦτον
1263 1466 1343 1514 τὸν
1361 1464 1546 1526 Ἔρωτα
1565 1480 1576 1491 ·
1601 1464 1861 1525 τιτρώσκει.

513 1638 554 1666 ,·‹
585 1619 703 1665 Tres
729 1616 815 1678 qui
843 1617 1112 1677 sequuntur
1152 1612 1356 1671 senarii,
1391 1625 1440 1661 n.
1470 1613 1520 1669 Ι,
1551 1608 1766 1673 ejusdem
1797 1606 2022 1671 Agattioe

465 1688 658 1737 nomine
677 1686 933 1737 ediderunt
959 1684 1119 1735 Reisk.
1149 1684 1212 1734 ib.
1245 1698 1294 1747 p.
1329 1690 1409 1733 101
1444 1685 1494 1732 et
1521 1680 1751 1731 Steinhel.
1781 1680 1832 1729 in
1849 1677 2014 1739 symb.

467 1758 613 1807 Liter.
643 1760 802 1807 Brem.
833 1758 870 1805 t.
901 1760 940 1813 Ι,
970 1769 1019 1817 p.
1054 1760 1132 1813 29,
1153 1754 1232 1803 hic
1258 1768 1320 1803 ex
1349 1752 1516 1803 codice
1545 1748 1865 1799 Ut'fenbachii.
1895 1751 2018 1797 Sunt

466 1825 767 1875 subobscuri.
784 1850 846 1861 -—
871 1830 913 1873 1.
943 1826 1111 1873 Potest
1126 1823 1314 1884 καρδίας
1343 1835 1451 1871 esse
1469 1820 1710 1883 genitivus
1736 1820 1785 1866 et
1812 1828 2014 1865 accusa-

467 1895 625 1953 tivus,
655 1892 740 1956 qui
781 1904 926 1942 casus
951 1894 1184 1955 praestare
1211 1890 1422 1939 videtur.
1458 1910 1480 1933 »ι
1511 1892 1671 1939 Boiss.
1699 1885 2013 1947 compilator,

464 1964 810 2013 constantinus
851 1962 1058 2013 sortasse
1102 1962 1341 2025 Cephalas
1356 2000 1369 2023 ‚
1411 1961 1742 2011 collectionem
1785 1972 1925 2009 suam
1955 1958 2016 2007 ab

463 2026 696 2097 ἐρωτικοὲς
725 2032 1017 2083 carminibus
1065 2031 1422 2094 auspicabatur,
1459 2045 1556 2093 quo
1579 2032 1781 2093 juvenes
1807 2028 1871 2079 ad
1912 2028 2017 2077 reli—

463 2118 562 2168 qua
585 2118 778 2167 quoque
798 2102 998 2166 legenda
1015 2102 1248 2151 alliceret.
1271 2104 1376 2150 lloc
1395 2100 1610 2151 discendi
1639 2103 1689 2149 et
1700 2098 1890 2162 legendi
1918 2102 2015 2148 stu-

463 2174 600 2223 dium
627 2175 774 2235 σοφὴν
810 2176 932 2229 ζέσιν
969 2172 1207 2235 appellat,
1239 2184 1387 2232 quam
1417 2185 1468 2219 se
1499 2170 1690 2218 Amoris
1725 2182 1816 2231 ope
1849 2168 2011 2217 incen-

464 2256 632 2292 surum
661 2254 768 2291 esse
794 2242 1067 2305 pollicetur.
1095 2242 1211 2288 λκιο.
1241 2266 1304 2275 -
1323 2244 1370 2289 3.
1405 2259 1428 2281 «ι
1463 2242 1550 2288 llic
1584 2239 1704 2287 latet
1734 2238 2012 2287 disticultas.

463 2317 614 2361 Amor
639 2310 862 2361 accendit
889 2310 1071 2359 taedam
1100 2324 1158 2358 ex
1181 2309 1484 2359 sermonibus
1499 2347 1510 2367 ,
1527 2322 1588 2357 ex
1607 2309 1762 2358 literis
1777 2345 1789 2366 ,
1813 2321 1874 2357 ex
1901 2320 2007 2356 ver-

465 2384 602 2433 sibus
633 2402 646 2430 :
675 2394 790 2443 quoe
819 2379 1061 2430 sententia
1077 2379 1290 2442 primum
1310 2378 1454 2427 obvia
1484 2378 1566 2426 vix
1595 2379 1702 2427 loco
1729 2378 1821 2440 ipsi
1843 2390 2016 2425 conve-

463 2454 584 2504 niet.
621 2455 742 2502 Nam
770 2452 855 2514 qui
884 2451 992 2499 vult
1021 2451 1261 2513 iuvenum
1289 2452 1478 2497 mentes
1505 2448 1718 2511 sapiente
1759 2447 1838 2495 vel
1869 2446 2017 2495 docto

463 2524 622 2573 calore
641 2524 854 2581 fervere,
883 2535 1002 2570 num
1028 2520 1146 2582 ipsis
1173 2532 1345 2568 versus
1362 2522 1569 2583 apponet
1586 2518 1812 2581 legendos
1838 2516 2016 2579 quibus

463 2594 641 2643 amoris
673 2592 1000 2642 accenduntur
1023 2588 1274 2639 incendia?
1311 2589 1406 2638 Sed
1437 2602 1587 2651 quum
1619 2594 1765 2637 Amor
1805 2588 2015 2635 calorem

462 2666 610 2726 queat
639 2668 689 2713 et
721 2663 879 2725 ignem
898 2665 949 2711 et
975 2660 1200 2711 ardorem
1228 2660 1459 2722 inspirare
1477 2659 1805 2715 sermonibus,
1831 2656 1983 2705 literis
2000 2693 2013 2715 ,

461 2735 714 2793 versibus,
747 2734 992 2791 collector,
1024 2730 1108 2794 qui
1139 2731 1276 2793 cupit
1301 2729 1446 2779 docto
1473 2730 1660 2779 sertore
1686 2729 1890 2791 juvenes
1920 2726 2011 2774 iin-

460 2807 592 2871 plere
610 2842 623 2865 ,
644 2804 705 2854 ab
733 2802 979 2853 amatoriis
1007 2800 1229 2851 versibus
1259 2800 1474 2864 syllogeu
1501 2798 1711 2847 inchoat.
1739 2818 1760 2841 υ
1794 2798 1854 2845 Β.

522 2967 586 3015 11.
615 2967 812 3013 Lemma
846 2983 858 3011 :
905 2965 968 3018 εἰς
1011 2961 1280 3011 Σθενελαΐδα
1311 2963 1396 3018 τὴν
1435 2959 1637 3021 ἑταίραν.
1676 2961 1732 3006 ln
1769 2955 2015 3006 Planudca

463 3035 729 3096 Meleaqro
755 3031 999 3082 tribuitur.
1025 3057 1086 3067 —
1109 3035 1149 3080 1.
1175 3051 1198 3074 α
1221 3030 1522 3079 Meretricem
1547 3041 1740 3077 omnem
1764 3026 2016 3083 civitatem

463 3117 629 3153 amore
679 3102 756 3152 sui
784 3102 1121 3152 incendentem
1155 3101 1311 3150 facete
1355 3099 1560 3163 appellat
1605 3097 1982 3156 καταςὶεξίπολιν
2000 3131 2013 3154 ,

463 3175 668 3223 sortasse
693 3186 755 3221 ex
781 3171 922 3220 simili
951 3169 1232 3233 cognomine
1257 3170 1389 3233 quod
1417 3168 1622 3228 Lamiae,
1657 3166 1888 3215 Demetrii
1918 3170 2011 3215 Po-

466 3242 676 3291 liorcetae
707 3239 878 3291 amicoe
897 3277 910 3300 ‚
938 3239 1261 3298 tribuebatur,
1293 3241 1512 3294 ἑλέπολις.
1549 3257 1572 3280 n
1600 3239 1717 3286 Jac.
1749 3236 1883 3284 Plau.
1924 3253 2010 3284 πο·

465 3311 700 3372 ὶὺμισθον.
729 3336 789 3344 -
819 3317 845 3358 2
877 3314 1052 3372 χρυσοῦ
1072 3309 1362 3369 ἐρεττομὲνην
1395 3306 1614 3364 restit-uh
1636 3307 1760 3356 conf.
1791 3305 1914 3354 infra
1934 3318 2011 3367 ep.

468 3385 545 3438 54,
577 3385 625 3436 4.
657 3383 708 3430 et
735 3379 829 3428 alia
845 3379 894 3427 in
913 3379 1061 3428 Thes.
1083 3376 1250 3426 Codex
1277 3379 1328 3426 et
1348 3377 1480 3428 Plan.
1503 3377 1673 3440 χρυσὸν
1693 3377 2013 3436 ἐρευγομένην,

465 3450 594 3513 quod
621 3449 825 3500 Meinelt.
855 3450 961 3498 Del.
983 3463 1030 3511 p.
1059 3452 1142 3498 187
1172 3447 1466 3511 intelligebat
1492 3447 1554 3496 de
1573 3445 1878 3496 Sthenelaide
1900 3465 1925 3486 a
1956 3445 2016 3492 iis

464 3521 551 3584 qui
569 3521 678 3583 ejus
701 3519 1106 3569 consuetudinem
1135 3520 1416 3580 appeterent
1439 3517 1637 3566 divitias
1663 3529 1780 3565 suas
1807 3529 1868 3564 ex
1901 3527 2011 3564 cor-

463 3591 593 3657 poris
618 3592 814 3652 quaestu
851 3589 1078 3638 collectas
1100 3589 1314 3652 jactante
1329 3625 1342 3648 ,
1375 3601 1474 3650 quo
1514 3587 1671 3648 majus
1715 3583 2015 3635 amatoribus

463 3661 756 3711 concubitus
796 3660 1009 3723 pretium
1041 3662 1374 3722 extorqueret.
1410 3679 1434 3702 υ
1467 3661 1648 3707 Contra
1689 3670 1836 3719 quem
1878 3660 2013 3705 recte

463 3731 683 3794 disputat
723 3731 926 3780 Hecker.
964 3735 1004 3790 Ι,
1035 3745 1084 3794 p.
1126 3735 1203 3778 111
1241 3743 1397 3792 seqq„
1429 3729 1532 3792 ipse
1574 3740 1759 3791 ponens
1805 3726 2014 3788 elliptice

462 3801 649 3850 dictum
675 3802 757 3858 τὴν
783 3806 876 3856 τοῖς
899 3801 1188 3862 βουλομένοις
1223 3801 1394 3860 χρυσὸν
1414 3801 1630 3860 ἑρυγγα
1645 3799 1818 3858 νέμεν
1835 3833 1850 3857 ,
1872 3816 1895 3838 «
1918 3809 2015 3844 me-

463 3870 690 3921 retricem
737 3869 1100 3932 relinquendam
1143 3869 1238 3917 illis
1277 3870 1360 3931 qui
1401 3881 1574 3918 aurum
1609 3881 1862 3928 evomere,
1899 3869 1933 3917 i.
1966 3883 2011 3917 e.

465 3955 636 4004 magna
662 3939 886 3989 mercede
903 3943 1097 3989 noctem
1114 3939 1350 3988 redimere
1378 3939 1567 3988 volunt.
1598 3961 1620 3981 ›-
1639 3939 1778 3988 Conf.
1805 3938 2013 3986 eundem

463 4011 512 4059 in
541 4013 814 4059 comment.
845 4023 894 4071 p.
929 4013 985 4060 27
1007 4022 1112 4071 seq.
1145 4008 1300 4059 Boiss.
1342 4029 1353 4057 ε
1386 4029 1408 4050 ιι
1447 4010 1728 4068 nemmem,
1749 4010 1890 4056 θέλειν
1924 4022 2011 4056 ex·

463 4079 610 4142 plicui
650 4080 714 4129 ad
737 4079 960 4129 Philostr.
989 4079 1139 4142 Epist.
1171 4093 1216 4141 p.
1249 4083 1328 4128 171
1354 4116 1366 4137 ,
1395 4079 1457 4128 ad
1496 4079 1771 4128 Aristaenet.
1819 4091 1867 4140 p.
1901 4083 2012 4136 303,

464 4149 550 4199 ubi
579 4151 631 4199 et
657 4150 830 4213 χρυσὸν
867 4149 1164 4211 ἐρευγομένην
1185 4149 1305 4198 verti
1331 4149 1538 4198 assidue
1563 4151 1611 4198 ct
1635 4148 1824 4212 putide
1856 4161 2013 4197 iruni-

465 4234 577 4270 mos
613 4234 775 4284 usque
801 4221 1123 4284 loquentem,
1152 4225 1203 4270 et
1224 4222 1458 4272 illustravi
1487 4222 1734 4284 exemplis,
1773 4243 1794 4264 ι»
1819 4223 2011 4271 Jacobs.

465 4291 735 4352 conjecerat
758 4291 1096 4354 ἀμεργομένην,
1113 4290 1243 4354 quod
1268 4291 1501 4354 probabat
1529 4292 1748 4353 chhly.
1770 4318 1829 4327 —
1857 4297 1884 4342 4
1924 4311 2015 4356 χα-

466 4362 694 4424 ριζόμενος
731 4361 865 4414 Plan.
917 4363 1062 4411 Justo
1109 4361 1345 4411 morosior
1384 4363 1632 4411 Heckerus
1674 4377 1723 4425 p.
1779 4367 1832 4412 71
1885 4366 2016 4422 φίλης

469 4450 490 4470 α
525 4429 664 4492 plane
692 4429 906 4492 ineptum
953 4451 976 4472 »ι
1018 4435 1160 4482 vorat
1191 4436 1242 4481 et
1281 4434 1424 4490 καλῆς
1463 4431 1673 4493 conjicit.
1721 4436 1851 4489 Quot
1883 4432 2015 4481 locos

467 4499 677 4548 mutabit
703 4499 786 4561 qui
812 4499 904 4548 hoc
935 4501 1184 4564 epitheton
1214 4501 1343 4564 apud
1379 4507 1547 4564 poetas
1574 4501 1755 4564 ubique
1787 4502 1906 4552 velit
1934 4517 2016 4552 ur-

467 4570 604 4630 gere!
626 4593 684 4603 —
701 4575 728 4618 5
742 4569 814 4616 ἐπ’
829 4571 1017 4632 ἐμαυτῷ
1035 4584 1132 4620 non
1147 4571 1460 4621 videturesse
1479 4573 1718 4622 sincerum
1733 4591 1745 4632 ·,
1768 4573 1814 4620 ἐν
1829 4574 2016 4636 ἐμαυτῷ

468 4637 602 4687 malit
630 4638 776 4686 Heck.
805 4667 865 4680 -
897 4639 940 4688 δ’
957 4641 1055 4704 ἔχω
1090 4647 1213 4689 κεῖνο
1237 4641 1370 4690 Plan.

536 4795 624 4842 ΙΙΙ.
654 4796 855 4843 Lemma
893 4816 904 4844 :
933 4797 996 4851 εἷς
1018 4797 1282 4859 lipsanum
1309 4799 1390 4854 τὴν
1415 4798 1614 4860 ἑταίραν.
1635 4824 1698 4833 -
1729 4803 1757 4846 3
1790 4801 1989 4861 suo-,spui
2006 4825 2015 4831 ·

467 4879 577 4912 τατε
605 4864 740 4912 Plan.
765 4889 820 4900 -
838 4869 885 4914 4.
910 4885 933 4909 κ
963 4868 1082 4916 Haec
1113 4867 1196 4917 vix
1214 4867 1354 4917 aliter
1377 4871 1581 4930 possunt
1601 4867 1751 4930 accipi
1779 4881 1925 4930 quam
1957 4868 2018 4916 de

469 4945 736 4997 puerorum
748 4937 876 4984 coetu
893 4973 909 4998 ,
926 4936 1008 4998 qui
1029 4939 1186 4999 poet-e
1201 4975 1214 4999 ,
1237 4936 1536 5000 grammatici
1565 4935 1789 4985 videlicet
1807 4938 1893 4985 aut
1909 4936 2016 4984 rbe-

2108 893 2257 953 toris,
2278 892 2470 942 scholas
2488 892 2873 955 frequentabant.
2902 890 3107 941 Ovidius
3136 897 3297 941 Amor.
3320 896 3359 949 Ι,
3376 894 3439 942 el.
3468 900 3538 949 13,
3590 898 3665 952 17,

2108 963 2169 1012 ad
2199 970 2431 1012 Auroram
2464 984 2474 1010 :

2212 1087 2274 1128 'ru
2302 1094 2463 1138 pueros
2488 1094 2647 1127 somno
2666 1081 2842 1126 fraudas
2870 1082 3094 1138 tradisque
3118 1084 3351 1139 magistris.

2111 1189 2201 1239 Ubi
2222 1192 2273 1239 et
2294 1189 2399 1238 haic
2419 1190 2681 1238 occurrunt
2706 1202 2817 1239 cum
2844 1187 3077 1251 proximis
3104 1190 3425 1252 comparanda
3457 1209 3468 1237 :

2344 1316 2492 1366 Quum
2512 1312 2677 1363 refugis
2696 1313 2985 1365 (Tithonuml.
3008 1314 3145 1367 longo
3166 1315 3271 1369 quia
3296 1314 3509 1367 grandior
3526 1328 3637 1359 :nvo

2292 1374 2441 1427 ενοι-εἰς
2457 1374 2511 1419 ad
2540 1374 2699 1417 invisas
2716 1384 2741 1416 a
2758 1384 2876 1417 sene.
2889 1387 3017 1417 mane
3038 1380 3153 1417 rotas
3178 1389 3189 1414 ι

2212 1441 2303 1479 Cur
2328 1436 2405 1479 tihi
2424 1436 2599 1489 plector
2618 1446 2774 1479 amans
2792 1468 2805 1489 ,
2826 1436 2861 1478 si
2892 1436 2961 1478 vir
2988 1436 3065 1478 tibi
3090 1440 3257 1479 marcet
3274 1436 3330 1479 ab
3356 1436 3521 1479 annis?

2108 1541 2179 1591 Ab
2210 1540 2458 1603 Antipatro
2494 1544 2657 1589 tamen
2690 1540 2929 1589 Tithonus
2982 1542 3235 1604 conjugem
3266 1542 3423 1604 primo
3456 1556 3608 1591 mane
3638 1558 3664 1589 n

2105 1608 2230 1658 lecto
2254 1609 2491 1673 conjugali
2523 1609 2782 1659 exturbare
2818 1609 3029 1672 ting'tur.
3066 1631 3088 1652 ι»
3116 1614 3230 1659 Jac.
3252 1636 3311 1645 —
3340 1621 3386 1661 a.
3408 1632 3429 1653 ι
3464 1612 3664 1661 Nice-tas

2105 1682 2285 1741 Eugen.
2314 1682 2398 1740 vl,
2428 1686 2539 1739 620,
2566 1678 2673 1727 hoec
2690 1678 2909 1727 imitatus
2928 1678 2999 1726 sic
3018 1677 3259 1727 scribatur
3284 1697 3295 1725 :

2225 1794 2402 1841 ΤιΊωνὲ
2419 1829 2433 1853 ,
2466 1797 2609 1855 γηρᾷς
2634 1791 2768 1851 (cod.
2800 1798 2941 1853 γῆρας
2958 1792 2973 1851 )
2993 1806 3003 1817 ·
3030 1792 3113 1847 τήν
3142 1793 3231 1849 σὴν
3256 1792 3383 1847 Ἠῶ,
3410 1794 3498 1848 τήν
3523 1792 3660 1855 ςίὶην

2227 1866 2313 1919 σὴν
2332 1864 2501 1911 εὐνέτιν
2519 1898 2532 1921 ,
2554 1864 2731 1919 ἣλασας
2763 1863 2817 1910 ἐκ
2840 1867 2923 1909 τοῦ
2946 1866 3034 1909 σοῦ
3053 1863 3232 1923 λέχους.
3262 1881 3284 1903 υ
3308 1862 3372 1909 Β.

2168 2004 2249 2049 lv.
2274 2004 2471 2051 Lemma
2493 2022 2503 2049 ε
2526 2002 2588 2056 εἷς
2620 2000 2867 2051 Φύαινίδα
2886 2002 2970 2059 τήν
2991 2002 3231 2062 νεωτέραν.
3261 2020 3283 2041 ιι
3308 2002 3435 2049 Puto
3474 2000 3587 2048 Phil
3606 2016 3660 2047 ι·-

2102 2071 2264 2120 nidem
2302 2085 2409 2121 esse
2455 2072 2671 2120 Xanthus
2708 2072 2947 2130 ancillam,
2968 2084 3080 2133 quae
3114 2070 3357 2119 dominam
3390 2070 3455 2118 ad
3500 2076 3664 2134 poetas

2103 2140 2302 2189 domum
2330 2141 2394 2189 sit
2418 2142 2650 2190 comitata
2668 2178 2681 2199 ‚
2706 2140 2868 2202 illique
2882 2145 3047 2189 vestes
3074 2138 3331 2202 deponenti
3350 2143 3541 2200 pra-sto
3566 2142 3669 2189 t‘uc-

2103 2210 2181 2259 rit.
2222 2210 2373 2271 Cujus
2418 2215 2615 2272 peracto
2650 2210 2944 2270 ministerio,
2978 2212 3155 2259 testem
3178 2209 3279 2271 jam
3324 2208 3667 2271 importunam

2102 2282 2231 2330 t'oras
2254 2280 2386 2329 abire
2411 2284 2555 2343 poeta
2578 2280 2736 2341 jubet.
2758 2310 2821 2321 -
2847 2288 2891 2329 2.
2922 2283 2991 2329 De
3020 2279 3169 2328 verbo
3198 2278 3377 2339 μεθύειν
3404 2292 3563 2327 sensu
3580 2280 3668 2327 im-

2102 2350 2263 2412 plendi
2289 2364 2338 2397 v.
2364 2350 2426 2399 ad
2451 2350 2627 2399 Simoc.
2655 2364 2703 2414 p.
2736 2356 2855 2405 218;
2880 2350 3003 2399 iut'ra
3030 2363 3108 2411 ep.
3151 2354 3251 2399 135.
3286 2370 3313 2391 »ι
3342 2351 3406 2397 B.
3434 2374 3493 2383 —-
3514 2354 3546 2399 4
3572 2368 3666 2396 mn-

2102 2421 2214 2475 κτήν
2240 2418 2534 2479 Brunckius3
2556 2421 2731 2477 πυκτὴν
2759 2418 2899 2474 cod.;
2920 2420 3088 2476 τυκτὴν
3109 2418 3243 2467 Plan.
3266 2436 3290 2459 α
3324 2420 3372 2465 et
3408 2419 3669 2467 XVernirk.

2102 2489 2163 2537 ad
2180 2488 2439 2550 Trypbiod.
2457 2502 2507 2551 p.
2538 2496 2639 2540 ¹39.
2662 2496 2734 2539 Au
2749 2492 2901 2547 πυκτή
2920 2490 3034 2552 θύρα
3048 2492 3124 2537 est
3142 2494 3228 2551 pro
3252 2490 3458 2543 πτυκτή,
3477 2490 3669 2549 janua

2104 2558 2356 2607 valvam?
2392 2580 2413 2601 ιι
2440 2560 2553 2607 Jac.
2584 2585 2644 2595 ——
2664 2568 2690 2610 5
2710 2561 2813 2617 φίλη
2832 2560 2847 2620 (
2864 2558 3168 2621 superposito
3184 2560 3251 2615 ει)
3268 2558 3415 2613 ξανθῶ
3432 2574 3489 2619 με
3514 2558 3669 2609 Cod..

2104 2632 2345 2689 {xisti-ema
2384 2642 2479 2677 vox
2508 2628 2569 2677 ab
2594 2628 2689 2677 alia
2712 2642 2779 2677 m.
2813 2627 3089 2676 Huschkius
3108 2640 3156 2689 p.
3195 2631 3277 2677 152
3306 2629 3444 2675 tenet
3479 2631 3565 2674 mi
3608 2647 3671 2676 συ

2102 2699 2207 2757 φίλη
2227 2700 2393 2747 Ξανθώ
2408 2715 2544 2759 με...,
2573 2712 2687 2747 cum
2714 2697 3010 2760 aposiopesiz
3028 2695 3271 2759 posterius
3300 2710 3349 2758 p.
3379 2700 3471 2745 24?
3506 2712 3677 2747 corre·

2102 2770 2285 2815 ctorem
2313 2767 2507 2817 Codicis
2534 2781 2629 2816 nou
2656 2765 2948 2829 improbans).
2980 2764 3164 2814 Deinde
3182 2764 3341 2814 Codex
3368 2764 3555 2826 (deest
3576 2766 3674 2813 hoc

2104 2834 2343 2887 distichon
2374 2836 2421 2886 in
2456 2836 2628 2896 Plan.)
2664 2834 2937 2897 φι).εράστρι’
2962 2835 3139 2890 ἄκοιτις
3158 2870 3171 2890 .
3188 2832 3320 2896 quod
3333 2836 3675 2887 euriendarunt

2104 2907 2233 2954 Guil.
2256 2906 2535 2956 Schneider.
2554 2911 2603 2955 et
2636 2909 2845 2968 Lennep.
2873 2905 2977 2954 Alia
2990 2906 3107 2968 legit
3124 2905 3338 2954 Grotius.
3361 2931 3424 2940 -
3448 2913 3501 2954 0.
3522 2927 3545 2946 «ι
3569 2910 3673 2954 No-

2103 2978 2206 3023 tum
2239 2975 2400 3024 ovidii
2420 2975 2541 3024 illud
2566 2977 2735 3032 Am.l‚
2768 2983 2794 3024 5
2836 2995 2846 3022 :
2880 2977 3067 3023 Cetera
3100 2977 3213 3038 quis
3240 2975 3439 3023 nescit?
3472 2977 3675 3024 Similia

2102 3046 2284 3094 contuli
2312 3045 2376 3095 ad
2406 3045 2630 3095 Aristaen.
2663 3049 2703 3104 Ι,
2742 3053 2814 3105 lo,
2862 3059 2912 3109 p.
2944 3049 3054 3096 400.
3090 3043 3369 3093 Colardaeus
3405 3050 3527 3107 post
3574 3049 3670 3093 Po·

2104 3115 2237 3177 pium
2289 3136 2300 3164 ε
2350 3119 2691 3166 couvre-moi
2730 3114 2796 3164 dc
2836 3115 3064 3178 miset-s,-
3089 3115 3150 3177 je
3182 3111 3389 3164 νεῖτ’-αι’
3420 3115 3471 3163 lc
3506 3119 3673 3164 reste.

2103 3186 2239 3234 cont'.
2261 3189 2313 3236 et
2344 3200 2422 3249 ep.
2454 3193 2560 3236 252.
2584 3206 2607 3228 υ
2636 3187 2699 3235 B.

2164 3330 2222 3374 Υ.
2255 3331 2488 3376 Lemma:
2519 3329 2583 3383 si:
2617 3329 2800 3390 ἑταίραν
2832 3327 2951 3376 τινά.
3000 3330 3222 3377 Lucerna
3262 3325 3500 3388 loquitur.
3544 3355 3611 3364 -—
3648 3337 3677 3378 2

2101 3399 2270 3446 ἔδωκεν
2298 3399 2420 3456 &mn
2457 3397 2598 3456 Cod.‚
2632 3411 2758 3447 corr.
2789 3398 2991 3446 Salmas.
3024 3400 3207 3446 Nomen
3240 3398 3381 3453 Νάπη
3412 3401 3497 3446 oet
3536 3399 3677 3460 apud

2104 3469 2335 3530 Longum.
2357 3494 2417 3502 —
2444 3474 2473 3516 3
2494 3469 2620 3530 πάρα
2655 3467 2797 3526 Cod.,
2826 3465 2874 3514 in
2905 3479 3003 3527 quo
3035 3465 3140 3514 haec
3166 3467 3413 3528 postrema
3446 3464 3679 3518 disticha

2101 3535 2199 3585 duo
2228 3537 2302 3586 his
2332 3537 2534 3599 scripta,
2570 3551 2599 3586 a
2627 3535 2833 3587 diversis
2860 3535 3100 3584 manibus.
3132 3534 3415 3584 Holstenius
3438 3533 3493 3583 in
3532 3551 3676 3586 mar-

2101 3605 2207 3668 gine
2236 3606 2493 3670 apographi
2510 3606 2586 3656 sui
2617 3621 2629 3650 z
2664 3627 2687 3648 «ι
2720 3609 2774 3654 In
2808 3607 2937 3654 Msto
2954 3605 3161 3654 habetur
3189 3604 3361 3653 lacuna
3380 3603 3547 3654 trium
3572 3622 3682 3656 xer·

2102 3689 2245 3726 suum
2263 3712 2275 3734 ,
2308 3690 2457 3738 quam
2500 3677 2675 3740 aliquis
2708 3676 2945 3726 recentior
2976 3679 3185 3737 quatuor
3223 3673 3449 3724 versibus
3498 3679 3683 3728 subse*

2100 3747 2359 3809 quentibus
2381 3748 2557 3798 iterum
2584 3747 2837 3811 adscriptis
2863 3746 3161 3809 ineptissime
3180 3745 3401 3808 replevit.
3430 3766 3453 3788 a·
3472 3748 3683 3798 Scitum

2099 3822 2176 3866 est
2190 3819 2468 3880 μαραίνομαι
2485 3855 2499 3878 ,
2520 3821 2727 3868 Moerore
2753 3815 2997 3872 conficior,
3017 3829 3170 3878 quum
3190 3819 3238 3864 et
3256 3815 3449 3878 proprie
3468 3817 3687 3866 dicatur

2100 3888 2162 3937 de
2194 3890 2420 3948 lucerna,
2440 3888 2635 3950 quando
2662 3888 2823 3937 oleum
2852 3887 3035 3935 delicit.
3066 3885 3162 3935 Sed
3194 3885 3436 3934 miramur
3459 3886 3515 3934 in
3560 3893 3685 3938 Sta-

2102 3958 2233 4019 tyllio
2262 3959 2431 4007 Flacco
2462 3961 2738 4020 correptum
2757 3974 2821 4006 αι.
2854 3957 2981 4005 Nihil
3007 3955 3243 4018 ejusmodi
3264 3955 3311 4003 in
3338 3956 3529 4005 ceteris
3556 3973 3687 4020 quai

2100 4032 2293 4078 exstant
2316 4028 2465 4089 hujus
2490 4032 2677 4092 poetam
2707 4027 2863 4076 debile
2886 4031 3049 4076 autem
3072 4025 3267 4076 videtur
3293 4025 3426 4087 quod
3452 4027 3687 4078 Bothius

2101 4098 2306 4160 coniecit
2333 4102 2413 4156 εἰς
2436 4099 2669 4162 ἐπιόρκου.

2165 4241 2248 4287 vt.
2268 4241 2464 4287 Le‘mna
2487 4253 2498 4284 τ
2522 4241 2583 4292 si:
2599 4239 2779 4286 Ἰωνίὸα
2802 4237 2985 4299 ἑταίραν
3012 4237 3335 4297 Καὶ),·.γνιι’)του
3352 4235 3483 4294 (sic.)-
3510 4258 3535 4277 n
3568 4239 3691 4287 Gal-

2100 4309 2204 4357 licis
2226 4309 2448 4357 versibus
2474 4307 2683 4357 reddidit
2701 4311 3077 4370 Longopetraeus
3102 4306 3165 4355 ad
3191 4308 3229 4354 Τ
3231 4305 3395 4354 heocr.
3416 4321 3466 4368 p.
3490 4312 3622 4358 409.
3666 4332 3689 4349 ›-

2108 4382 2163 4428 ll.
2190 4405 2249 4414 —
2276 4385 2291 4427 1
2328 4379 2667 4439 καλλίγνωστος
2695 4377 2837 4436 Cod.,
2870 4397 2893 4418 «ι
2920 4391 3031 4439 quai
3048 4376 3259 4424 insolens
3290 4375 3341 4423 in
3360 4375 3439 4423 his
3457 4391 3691 4441 compo-

2102 4449 2207 4497 sitis
2228 4449 2380 4496 sorma
2395 4453 2469 4496 est
2493 4469 2504 4496 ι
2525 4448 2651 4497 cons.
2674 4449 2935 4511 Ἀρίγνωτο;
2951 4485 2965 4504 ,
2991 4448 3319 4507 Πολύγνωτος,
3340 4447 3452 4494 alia.
3484 4468 3511 4490 υ
3542 4451 3695 4500 Ille·-

2104 4520 2240 4577 uch·.‚
2280 4517 2364 4580 qui
2390 4520 2566 4579 μήποτε
2601 4520 2769 4574 κείνης.
2798 4517 3044 4566 Edebatut·
3081 4514 3251 4577 μήποτ’
3288 4515 3491 4571 ἐκείνης.
3540 4543 3611 4554 —
3662 4530 3693 4570 ξ),
3782 4535 3784 4563 ι

2104 4589 2356 4650 κρείσσονα
2395 4587 2599 4637 Meinek.
2632 4589 2795 4638 tacite.
2831 4615 2889 4622 —
2930 4591 2955 4635 4
3000 4587 3170 4649 βαίνειν
3202 4587 3356 4642 Plan„
3390 4586 3482 4634 sed
3520 4590 3695 4638 δύνειν

2104 4659 2247 4707 etiam
2270 4671 2349 4719 ap.
2371 4658 2502 4707 Stob.
2528 4659 2650 4706 Flor.
2676 4659 2888 4715 XXVlll,
2913 4662 2957 4704 3.
2992 4675 3013 4696 κ
3042 4659 3111 4704 lie
3136 4654 3361 4718 perjuriis
3386 4659 3695 4710 amantium

2106 4727 2271 4776 inultis
2304 4729 2457 4776 multa
2500 4727 2679 4791 prot-,ili
2726 4725 2788 4774 ad
2844 4726 3115 4774 Aristaenet.
3148 4727 3215 4786 11,
3260 4731 3337 4784 20,
3372 4738 3419 4788 p.
3456 4729 3589 4787 729,
3626 4733 3695 4780 ad

2106 4799 2365 4847 Gnomicos
2389 4812 2437 4861 p.
2473 4803 2578 4849 287.
2618 4797 2880 4860 Gregorius
2911 4797 3023 4844 Naz.
3070 4795 3221 4857 Epist.
3271 4803 3358 4844 150
3392 4816 3402 4843 z
3436 4801 3487 4844 οἱ
3534 4801 3699 4852 δεινοὶ

2104 4868 2163 4915 τὰ
2191 4867 2386 4927 ἐρωτικὰ
2414 4869 2522 4929 παρ’
2538 4869 2757 4924 Ἕλλησιν
2784 4866 2839 4914 οὗ
2866 4867 3026 4913 θύουσι
3046 4865 3185 4924 μόνον
3204 4868 3266 4918 ὡς
3292 4867 3383 4923 Θεῷ
3402 4870 3473 4924 τῷ
3498 4869 3661 4916 πάθει
3682 4907 3697 4926 ,
3778 4929 3780 4936 Ι

2106 4935 2222 4983 ἀλλὰ
2248 4937 2433 4992 καὶτοῖς
2458 4938 2610 4999 ὅρκοις
2636 4937 2914 4998 συγγνώμην
2930 4937 3119 4996 νέμουσι
3138 4940 3231 4988 τοῖ;
3256 4933 3313 4982 δι’
3334 4933 3517 4995 ἔρωτα.
3560 4957 3586 4976 ι·
3628 4942 3695 4986 Β.

2000 5027 2114 5085 120
