3829 5747
439 159 554 217 ¹14
1185 147 1200 160 ⁹
1541 153 2050 215 ANTHOLOGIAE
2092 154 2492 214 PALATINAE

515 287 759 366 πείραζον
780 285 1003 365 κραδίην
1033 283 1306 359 πλάσματι
1330 283 1622 361 κερδαλέῳ·

436 400 461 426 ιι
491 373 752 448 Βήσομαι
777 374 825 438 ἐς
854 371 1020 441 ξείνην
1050 370 1166 427 τινά
1189 392 1288 429 που
1319 369 1669 448 χθόνα·μίμνε
1691 367 1769 444 δὲ,
1793 367 1978 449 κούρη,

515 487 538 513 ι
567 459 778 538 ἀρτίπος
793 503 810 532 ,
831 457 1084 536 ἡμετέρου
1117 461 1333 532 μνῆστιν
1355 455 1550 534 ἔχουσα
1571 456 1754 516 πόθου.
1792 481 1818 508 ι·

381 563 410 602 ι
431 545 500 607 Ἦ
536 547 590 605 δὲ
616 544 751 622 μέγα
779 545 1067 622 στονάχησε
1093 543 1184 602 καὶ
1207 542 1401 616 ἥλατο,
1424 542 1516 600 καὶ
1538 541 1596 599 τὸ
1624 541 1899 620 πρόσωπον

513 632 709 705 πλῆξε,
742 633 829 689 καὶ
855 631 1142 690 εὖπλέκτου
1162 630 1348 709 βότρυν
1387 628 1536 707 ἔρηξε
1557 628 1725 704 κόμης
1743 672 1759 700 ,

435 721 523 781 καί
552 745 654 798 με
643 719 811 780 μένειν
834 719 1090 777 ἱκέτευεν·
1120 717 1223 797 ἐγὼ
1253 717 1307 774 δέ
1327 741 1402 783 τις
1419 721 1488 783 ὡς
1515 715 1862 796 βραδυπειθής

443 855 450 865 ,
513 807 712 883 ὄμματι
743 806 1080 886 θρυπτομένῳ
1101 829 1326 884 συγκατε
1303 804 1485 864 ’νευσα
1514 805 1688 881 μόνον.

435 885 652 959 Ολὸιος
677 895 727 961 ἐς
754 894 910 951 πόθον
933 893 1074 968 εἰμί·
1096 891 1154 951 τὸ
1178 891 1279 971 γὰρ
1308 893 1571 966 μενέαινον
1601 891 1822 950 ἀνύσσαι

356 1005 406 1044 ιο
509 981 715 1046 πάντως
731 1026 748 1053 ,
773 981 844 1048 εἷς
874 981 1105 1058 μεγάλην
1130 1002 1283 1038 τουτο
1306 979 1510 1038 δέδωκα
1527 979 1702 1059 χάριν.

659 1129 797 1180 288.
844 1119 1157 1179 mmor
1198 1091 1764 1177 &immunior

435 1257 616 1326 Ἔξότε
646 1281 734 1333 μοι
766 1257 966 1316 πίνοντι
989 1255 1337 1337 συνεψιάουσα
1369 1255 1624 1336 Χαρικλὼ

511 1349 673 1424 λάθρη
700 1343 816 1410 τους
845 1343 1001 1411 ἰδίους
1029 1344 1302 1450 ἅμφέὸαλε
1328 1345 1605 1424 στεφάνους
1625 1387 1640 1414 ,

433 1456 563 1538 πυρ
562 1431 708 1491 ὀλοὸν
739 1435 924 1490 δάπτει
953 1453 1050 1504 με·
1077 1433 1138 1491 τὸ
1163 1429 1266 1510 γὰρ
1293 1429 1476 1509 στέφος
1493 1473 1508 1502 ,
1535 1432 1604 1496 ὡς
1631 1428 1821 1502 δοκέω,
1848 1451 1899 1486 τι

515 1542 686 1598 ειχεν,
717 1517 746 1577 ὃ
768 1541 860 1578 και
892 1517 1135 1590 Ιλαύκην
1164 1517 1314 1599 φλέξε
1340 1517 1682 1595 Κρεοντιάδα.

642 1666 782 1716 289.
829 1658 928 1716 ΑΙ
931 1657 1162 1716 ΑΘΙΟ]
1204 1655 1764 1715 ΣΧΟΛΑΣΤΙΚΟΥ.

436 1793 509 1856 Ἦ
537 1800 696 1874 γραῦς
725 1799 758 1866 ἦ
785 1795 1093 1874 τρικόρωνος
1110 1839 1127 1868 ,
1153 1799 1186 1864 ἡ
1217 1794 1496 1875 ἡμετέρους
1525 1795 1610 1852 διὰ
1639 1792 1864 1872 μόχθους

511 1882 691 1964 μοίρης
719 1881 973 1959 ἅμὸολίην
1003 1881 1227 1940 πολλάκι
1256 1879 1506 1956 δεξαμένη
1527 1924 1544 1951 ,

434 1967 614 2048 ε’ίγριον
640 1961 768 2049 ἦτορ
791 1967 929 2048 ἔχει,
948 1969 1039 2026 καὶ
1067 1969 1301 2043 θέλγεται
1331 1966 1438 2026 οὔτ’
1463 1966 1548 2026 ἐπὶ
1569 1968 1747 2046 χρυσῷ
1762 2012 1779 2039 ,

509 2054 626 2115 οὔτε
655 2054 920 2136 ζωροτέρῳ
960 2055 1153 2131 μείζονι
1181 2053 1457 2128 κισσυὸίῳ·

385 2166 410 2202 ε
431 2141 528 2213 τὴν
557 2139 746 2221 κούρην
772 2143 818 2198 δ’
849 2141 949 2199 αἰεὶ
978 2139 1443 2219 περιδέρκεται·.εἰ
1471 2140 1527 2199 δέ
1556 2142 1667 2199 ποτ’
1696 2138 1858 2210 αὖτὴν

513 2228 727 2307 ἀθρήσει
749 2227 974 2307 κρυφίοις
997 2227 1200 2303 ὄμμασι
1227 2226 1548 2306 ρεμὸομένην
1565 2271 1586 2301 ,

433 2309 467 2376 ἆ
500 2317 636 2396 μέγα
665 2317 992 2393 τολμήεσσαῑ
1029 2314 1351 2394 ῥαπίσμασιν
1377 2314 1511 2393 ἀμφὶ
1539 2312 1796 2390 πρόσωπα

510 2404 734 2476 πλήσσει
763 2401 857 2472 τὴν
891 2401 1102 2472 ἁπαλὴν
1132 2398 1312 2479 οἰκτρὰ
1341 2399 1698 2478 κινυρομένην.

433 2494 500 2551 El
530 2491 574 2548 δ’
605 2491 741 2550 ἐτεὸν
772 2490 858 2548 τὸν
885 2487 1100 2548 Ἄδωνιν
1129 2487 1342 2567 ἔφίλαο,
1377 2484 1760 2564 Περσεφόνεια,

357 2597 408 2636 10
511 2579 756 2657 οἴκτειρον
776 2577 926 2646 ξυνῆς
951 2576 1114 2652 ἄλγεα
1141 2575 1424 2645 τηκεδόνος.

432 2661 616 2727 Ἔστω
641 2666 684 2724 δ’
713 2665 1053 2743 ἀμφοτέροισι
1077 2663 1224 2742 χάρις
1254 2660 1350 2737 μία
1367 2685 1380 2696 ·
1408 2665 1500 2731 τῆς
1528 2657 1582 2716 δὲ
1610 2663 1821 2739 γεραιῆς

513 2755 628 2832 ῥύεο
652 2752 746 2823 τὴν
776 2751 995 2830 κούρην,
1018 2751 1139 2828 πρίν
1168 2772 1217 2808 τι
1244 2747 1405 2806 κακὸν
1433 2747 1659 2805 παθέειν.

630 2901 768 2953 290.
819 2892 1128 2951 ΠΑΥΛΟΥ
1169 2885 1743 2949 ΣΙΛΕΝΤΙΑΡΙΟΥ.

435 3030 632 3107 Ὀμμα
657 3029 1036 3100 πολυπτοίητον
1068 3027 1463 3087 ὑποκλέπτουσα
1490 3024 1770 3101 τεκούσης,

515 3117 760 3193 συζυγίην
789 3118 970 3194 μήλων
999 3116 1160 3173 δῶκεν
1185 3114 1300 3188 ἐμοὶ
1322 3114 1506 3193 ῥοδέων

434 3202 688 3281 θηλυτέρη
711 3202 990 3281 χαρίεσσα.
1025 3200 1208 3277 Μάγον
1239 3200 1378 3277 τάχα
1407 3198 1603 3276 πυρσὸν
1631 3195 1830 3277 ἐρώτων

511 3290 778 3369 λαθριδίως
799 3290 978 3363 μήλοις
1007 3286 1147 3363 μίξεν
1178 3284 1549 3364 ἐρευθομένοις·

433 3377 551 3486 εἰμὶ
565 3376 666 3485 γὰρ
687 3380 715 3435 ὃ
738 3376 950 3447 τλημων
975 3374 1124 3453 φλογὶ
1147 3372 1465 3447 σύμπλοκος·
1489 3370 1601 3428 ἀντι
1626 3368 1677 3427 δὲ
1655 3372 1897 3445 εμαζῶν,

512 3490 556 3523 ω
584 3465 778 3537 πόποι,
811 3462 1095 3541 απρήκτοις
1126 3461 1270 3535 μῆλα
1297 3456 1436 3537 φέρω
1459 3457 1750 3531 παλάμαις.

939 3604 1063 3653 291.
1103 3605 1221 3650 ΤΟΥ
1256 3603 1464 3649 ΑΥΤΟΥ.

435 3730 506 3791 Εἴ
528 3730 642 3789 ποτ’
667 3730 817 3807 ἐμοὶ,
845 3728 1134 3808 χαρίεσσα,
1164 3729 1294 3785 τεῶν
1324 3726 1448 3783 τάδε
1475 3721 1714 3796 εύμόολα
1746 3725 1921 3797 μαζῶν

516 3816 764 3886 ὤπασας,
790 3814 979 3883 όλὸίζω
1001 3814 1094 3883 τὴν
1127 3814 1281 3892 χάριν
1308 3815 1376 3878 ὣς
1404 3811 1666 3887 μεγάλην·

435 3908 480 3962 εἰ
509 3906 552 3963 δ’
582 3906 665 3961 ἐπὶ
695 3905 798 3968 τοῖς
826 3903 1058 3978 μίμνεις,
1086 3902 1307 3971 ἀδικεῖς,
1337 3898 1416 3956 ὅτι
1438 3894 1631 3975 λάὸρον
1664 3898 1864 3973 ἀνηψας

437 3994 446 4001 ’
513 3993 743 4071 πυρσὸν,
775 3990 1103 4097 άπρσὸέσσαι
1132 4011 1307 4046 τουτον
1336 3984 1662 4061 αναινομένη.

435 4080 673 4159 Τήλεφον
711 4082 739 4135 ὁ
765 4075 968 4157 τρώσας
997 4100 1085 4135 και
1107 4074 1398 4134 ἀκέσσατο·
1424 4070 1496 4148 μὴ
1528 4069 1684 4149 σύγε,
1710 4070 1899 4149 κούρη,

514 4167 582 4231 εἰς
606 4164 699 4241 ἐμὲ
727 4164 1018 4241 δυσμενέων
1036 4162 1174 4241 γίνεο
1203 4182 1413 4242 πικροτε
1399 4160 1502 4238 ’ρ.η

504 4364 644 4408 Hunc
667 4358 847 4423 reperi,
881 4374 1058 4422 possem
1073 4367 1230 4405 certus
1253 4361 1307 4403 ut
1334 4370 1450 4414 esse,
1475 4352 1655 4402 dolum.

438 4447 665 4493 Externas
692 4442 829 4500 abeo,
857 4441 975 4501 dixi,
1001 4440 1280 4504 longinquus
1303 4437 1360 4485 ad
1388 4452 1522 4495 oras3

501 4528 576 4573 Tu
602 4534 758 4573 tamen
795 4540 824 4571 o
850 4524 998 4571 nostri
1023 4522 1130 4571 vive
1149 4520 1307 4587 puella
1329 4533 1529 4569 memor.

438 4604 700 4654 Subsiliens
726 4604 948 4668 gemitum
975 4604 1104 4652 dedit
1134 4613 1182 4652 et
1203 4601 1294 4650 sibi
1323 4598 1549 4649 conscidit
1572 4612 1684 4659 ora,

503 4688 565 4734 Et
589 4684 766 4733 cirrum
791 4684 948 4749 rapuit
974 4684 1033 4732 de
1057 4684 1282 4732 rutilante
1304 4696 1436 4733 coma
1462 4694 1475 4728 z

439 4768 499 4819 Et
522 4774 654 4835 rogat
676 4774 733 4814 ut
756 4781 968 4814 maneam
993 4780 1006 4813 t
1029 4779 1187 4830 passus
1209 4778 1286 4811 me
1303 4761 1452 4810 multa
1475 4758 1628 4822 rogari

504 4846 602 4895 Vix
623 4846 774 4895 oculis
797 4846 909 4894 solis
931 4846 1058 4909 sigua
1076 4845 1236 4909 cupita
1259 4844 1384 4892 dedi.

443 4931 727 4977 Fortunatus
749 4942 908 4975 amans
935 4942 1019 4989 ego
1047 4942 1148 4974 sum
1177 4940 1188 4973 :
1222 4940 1308 4988 pro
1333 4937 1527 4971 munere
1553 4934 1719 4982 magno

2135 292 2379 342 tentabam
2397 305 2481 342 eor
2505 295 2619 355 ejus
2644 293 2821 342 callido
2845 297 3151 346 commento:
3432 297 3619 360 [ι-ἱηςο,

2072 397 2097 422 σι
2130 378 2216 429 Ibo
2251 380 2300 429 in
2325 379 2623 442 peregrinam
2654 381 2865 444 aliquam
2901 385 3109 440 terram3
3150 384 3209 431 tu
3248 385 3412 432 autem
3441 397 3620 444 mane,

2129 466 2336 530 integra,
2360 467 2513 516 nostri
2540 468 2821 517 memoriam
2848 481 3049 518 servans
3084 469 3277 519 amoris.
3304 491 3329 513 »

2070 554 2159 604 Illa
2183 557 2351 603 autem
2364 553 2677 605 vehementer
2692 553 2951 618 ingemuit,
2972 559 3021 605 et
3042 557 3251 616 exsiluit,
3273 561 3323 608 et
3344 559 3539 608 vultum

2130 641 2259 690 feriit
2274 679 2287 700 ‚
2312 643 2362 689 et
2382 640 2642 704 beneplexi
2666 642 2824 704 capilli
2842 655 2987 692 uvam
3008 643 3236 693 laceravit
3250 681 3264 704 ‚

2068 731 2118 778 ct
2132 742 2212 778 me
2228 731 2543 778 tit-manerem
2556 729 2837 778 obsecrabat
2856 751 2867 778 ι
2889 743 2977 793 ego
2991 745 3122 792 vcro,
3142 735 3199 781 ut
3210 745 3627 796 ingre-persuasus

2128 816 2271 867 oculo
2300 815 2549 866 fastidioso
2580 817 2727 866 annui
2744 817 2919 866 solum.
3382 820 3623 882 [aliqum.

2068 905 2247 954 Beatus
2268 917 2377 952 sum
2400 917 2563 952 amore
2592 924 2604 952 ε
2638 903 2771 965 quod
2800 903 2927 952 enim
2952 917 3067 954 sane
3093 905 3348 968 cupiebam
3377 907 3541 956 facere

2127 991 2323 1040 omnino
2338 1028 2352 1051 ,
2379 991 2515 1040 velut
2532 1004 2753 1054 magnam
2770 990 2866 1041 hoc
2882 992 3097 1041 concessi
3120 993 3335 1054 gratiam.

2464 1135 2570 1182 288.
2604 1133 2789 1180 PAULI
2822 1133 3212 1182 leENTlARn.

2067 1261 2265 1324 Ex-quo
2284 1259 2401 1310 mihi
2426 1260 2606 1310 bibenti
2634 1261 2884 1312 colludens
2914 1261 3138 1312 Chariclo

2130 1348 2255 1398 clam
2279 1348 2499 1412 proprias
2527 1349 2825 1412 circumiecit
2853 1363 3081 1409 coronas,
3346 1351 3625 1413 [quiddam

2067 1434 2190 1499 ignis
2208 1436 2505 1498 perniciosus
2516 1447 2595 1485 me
2614 1435 2818 1485 devorat
2837 1449 2977 1485 :nam
2996 1436 3077 1486 illa
3096 1449 3287 1498 corona,
3311 1444 3367 1488 ut
3386 1440 3624 1500 arbitror,

2128 1523 2301 1574 babuit
2326 1523 2465 1588 quod
2490 1524 2638 1574 etiam
2670 1525 2883 1575 Glaucen
2906 1527 3293 1577 Creontis-liliam
3310 1528 3621 1592 deflagravit.

2402 1671 2507 1717 289.
2543 1668 2839 1717 AGATHIAE
2871 1667 3318 1722 SCHOLASTICI..

2071 1809 2209 1854 Anus
2226 1843 2238 1866 ‚
2266 1817 2379 1868 quae
2408 1805 3129 1866 trium-vixit-cornicum-saecla‚
3159 1819 3271 1869 quae
3294 1811 3483 1857 nostras
3514 1822 3631 1870 pro-

2130 1891 2216 1942 sati
2238 1893 2715 1956 procrastinationem
2734 1907 2863 1956 saepe
2884 1893 3113 1952 obtinuit,
3224 1894 3352 1958 [pter
3368 1894 3561 1944 molesti
3568 1909 3631 1944 as

2070 1993 2257 2030 saevum
2282 1995 2367 2030 cor
2387 1981 2552 2042 habet,
2572 1985 2622 2032 et
2647 1983 2891 2031 emollitur
2916 1995 3075 2045 neque
3100 1995 3244 2044 auro,

2134 2081 2292 2129 neque
2308 2069 2571 2120 meraciore
2594 2069 2869 2130 majoreque
2884 2068 3061 2132 poculo

2072 2152 2163 2202 sed
2184 2153 2393 2216 puellam
2420 2167 2608 2216 semper
2631 2155 3017 2217 circumspectat.
3034 2154 3085 2203 Si
3102 2167 3217 2204 vero
3246 2155 3369 2205 sorte
3386 2169 3499 2207 eam

2128 2242 2311 2292 videbit
2330 2242 2523 2292 furtivis
2549 2243 2713 2292 ocellis
2732 2247 3015 2307 evagantem
3033 2281 3046 2304 ‚

2070 2327 2133 2378 ah
2160 2329 2301 2378 valde
2328 2329 2585 2378 audacem!
2606 2329 2820 2393 colaphis
2838 2331 2887 2379 in
2921 2331 3041 2380 facie

2135 2415 2245 2466 serit
2270 2417 2493 2466 tenellam
2530 2417 2865 2466 miserabiliter
2880 2421 3163 2480 gementem.

2074 2504 2123 2554 Si
2144 2507 2307 2554 autem
2341 2519 2453 2554 vere
2478 2505 2663 2554 Adonin
2680 2505 2903 2555 amavisti
2920 2544 2933 2566 ‚
2955 2505 3282 2569 Persephone,

2130 2591 2359 2642 miserere
2378 2593 2649 2642 communis
2672 2592 3019 2641 sollicitudines
3036 2592 3349 2655 aegritudinis.

2070 2681 2189 2728 Esto
2208 2679 2446 2729 ambobus
2470 2679 2759 2729 beneficium
2780 2693 2930 2729 unum
2946 2717 2959 2740 ‚
2980 2679 3043 2728 ab
3067 2693 3163 2728 anu
3190 2683 3357 2728 autem

2131 2766 2283 2816 libera
2294 2767 2505 2831 puellam
2522 2770 2782 2830 antequam
2798 2767 2981 2816 mlum
2997 2766 3193 2830 aliquod
3218 2767 3407 2831 passa-s
3404 2768 3552 2817 uerit.

2464 2914 2570 2959 290.
2605 2871 2791 2958 PAULI
2836 2910 3215 2958 SILENTIABII.

2072 3039 2285 3087 Oculum
2312 3038 2727 3088 valde-sollicitum
2755 3037 3070 3087 clam-fallens
3095 3037 3266 3087 matris

2134 3138 2222 3188 par
2247 3126 2487 3173 malorum
2515 3124 2649 3174 dedit
2676 3123 2792 3173 mihi
2820 3137 3069 3173 roseorum

2072 3212 2251 3261 femina
2282 3211 2512 3261 amabilis,
2544 3212 2777 3273 Magicam
2808 3211 2967 3260 forsan
2985 3211 3139 3260 facem
3164 3224 3385 3260 amorum

2134 3297 2301 3347 furtim
2328 3298 2467 3347 malis
2502 3297 2701 3346 miscuit
2732 3296 3034 3346 rubentibus,

2070 3387 2189 3433 Sum
2228 3384 2356 3433 enim
2386 3384 2545 3433 ‘miser
2572 3384 2781 3433 flammae
2809 3382 3139 3446 complicitus;
3172 3386 3223 3433 et
3252 3396 3337 3445 pro
3364 3384 3603 3433 mammis
3622 3423 3639 3445 ,

2131 3487 2163 3520 o
2188 3472 2273 3534 dii,
2304 3472 2471 3521 otiosis
2498 3472 2629 3521 mala
2658 3472 2761 3521 sero
2786 3472 3024 3521 manibus».

2651 3604 2757 3650 291.
2798 3612 3102 3653 tansum.

2070 3734 2120 3784 Si
2146 3734 2293 3795 mihi,
2330 3738 2467 3798 grata
2486 3734 2663 3797 puella,
2700 3737 2900 3783 tuarum
2930 3732 3095 3783 hoecce
3130 3733 3347 3795 symbola
3378 3745 3637 3787 mamma-

2133 3821 2341 3881 dedisti,
2362 3821 2573 3884 praedico
2598 3820 2889 3871 beneficium
2915 3820 3009 3869 hoc
3036 3823 3093 3870 ut
3122 3834 3365 3883 magnum.
3493 3821 3644 3883 [rum

2070 3908 2126 3957 si
2152 3922 2269 3957 vero
2295 3908 2346 3957 in
2364 3909 2434 3958 eis
2452 3908 2679 3957 subsistis
2695 3946 2707 3969 ‚
2728 3908 3033 3970 inique-sacis
3050 3946 3063 3967 ,
3098 3906 3231 3970 quod
3259 3906 3523 3957 violentam
3550 3922 3647 3958 ac·

2136 3996 2315 4055 facem,
2345 3996 2643 4057 exstinguere
2672 4008 2779 4043 eam
2804 4008 3052 4043 recusans.
3376 3992 3646 4056 [cmdisti

2071 4080 2339 4142 Telephum
2366 4082 2453 4142 qul
2478 4081 2751 4131 vulneravit
2780 4081 2925 4131 etiam
2954 4081 3143 4129 sanavit
3175 4101 3185 4129 z
3224 4094 3285 4130 ne
3311 4082 3395 4140 tu,
3426 4082 3605 4143 puella
3626 4122 3641 4141 ,

2137 4180 2249 4230 erga
2274 4180 2353 4215 me
2382 4166 2604 4217 hostibus
2632 4166 2722 4217 fias
2747 4166 3001 4216 crudelior.

2138 4364 2423 4424 Expensum‚
2449 4356 2577 4405 volui
2594 4363 2761 4421 sponte
2784 4356 2908 4420 quod
2934 4354 3052 4420 ipse,
3083 4355 3186 4403 tuli.

2520 4520 2635 4567 288.
2674 4533 2820 4564 num
2849 4530 3160 4567 aramum.

2078 4687 2145 4730 Ex
2172 4696 2265 4745 quo
2286 4678 2305 4742 (
2324 4693 2431 4726 nam
2456 4673 2675 4735 memini)
2694 4688 2885 4722 consors
2910 4670 3101 4735 vinique
3119 4669 3310 4734 jociquc

2139 4758 2369 4825 Imposuit
2398 4756 2617 4807 Chariclo
2641 4755 2762 4803 clam
2785 4768 2865 4800 sua
2892 4760 3015 4800 serta
3035 4748 3173 4809 mihi,

2074 4848 2184 4909 Igne
2206 4856 2391 4891 cremor
2415 4847 2539 4888 totus
2568 4854 2581 4888 z
2605 4835 2740 4885 sertis
2758 4836 2807 4883 ni
2830 4833 2965 4881 fallor
2990 4832 3040 4881 in
3066 4832 3178 4893 inis,

2140 4923 2259 4973 nlud
2288 4939 2382 4986 quo
2404 4922 2541 4986 pet-iil
2568 4920 2745 4967 Glauca
2772 4914 3006 4973 Creontis»,
3030 4922 3148 4964 erat.
