3829 5747
468 147 546 204 80
1562 137 2065 206 ANTHOLOGIAE
2109 137 2507 199 PALATINAE

547 274 637 334 καὶ
668 273 874 350 Σαμίης
898 278 1108 349 Δημοῦς
1135 269 1386 351 δεύτερόν·
1409 273 1526 352 οὗχὶ
1555 273 1692 350 μέγα
1709 296 1722 308 ·

465 362 555 421 καὶ
586 363 743 421 πάλιν
772 362 1059 431 Ὑσσιακῆς
1086 364 1296 437 Δημοῦς
1321 361 1512 440 τρίτον·
1542 364 1712 419 οὐκέτι
1739 365 1903 419 ταῦτα

541 451 782 531 παίγνια·
811 453 902 510 καὶ
931 455 1139 527 Δημοῦς
1162 450 1406 530 τέτρατον
1429 448 1740 528 Ἀργολίδος.

464 541 636 600 Αὖταί
659 563 759 599 που
792 539 990 619 Μοῖραί
1017 562 1084 614 με
1111 536 1489 616 κατωνόμασαν
1517 538 1844 614 Φιλόδημον,

541 631 611 694 ὡς
635 628 735 686 αἰεὶ
762 631 974 703 Δημοῦς
999 624 1184 704 θερμὸς
1206 625 1318 704 ἔχει
1343 649 1408 702 με
1437 617 1610 690 πόθος.

693 779 821 828 116.
869 767 1187 827 ΜΑΡΚΟΥ
1228 767 1775 828 ΑΡΓΕΝΤΑΡῙΟΥ.

459 907 639 976 Θῆλυς
664 905 792 985 ἔρως
814 906 1087 974 κάλλιστος
1113 907 1190 966 ἐνὶ
1211 913 1438 980 θνητοῖσι
1465 906 1736 978 τέτυκται,

537 994 706 1062 ὄσσοις
735 997 784 1062 ἐς
811 994 984 1075 φιλίην
1013 994 1198 1071 σεμνὸς
1219 995 1384 1054 ἔνεστι
1405 993 1536 1060 νόος.

459 1085 525 1142 Εἰ
555 1082 609 1140 δὲ
637 1082 727 1142 καὶ
753 1081 1020 1162 ἀρσενικὸν
1048 1083 1276 1162 στέργεις
1297 1083 1474 1155 πόθον,
1505 1072 1618 1141 οἶδα
1649 1081 1845 1150 διδάξαι

538 1166 832 1249 φάρμακον,
857 1160 901 1248 ᾧ
927 1169 1142 1237 παύσεις
1166 1168 1262 1241 τὴν
1291 1171 1554 1252 δυσέρωτα
1580 1170 1751 1230 νόσον.

460 1256 700 1337 Στρέψας
727 1257 1034 1337 Μηνοφίλαν
1067 1257 1315 1338 εὗΐσχιον,
1334 1260 1387 1316 ἓν
1411 1256 1586 1339 φρεσὶν
1614 1256 1772 1317 ἔλπου

540 1343 695 1402 αὐτὸν
721 1343 861 1423 ἔχειν
888 1343 1095 1412 κόλποις
1124 1345 1316 1424 ἄρσενα
1345 1343 1662 1425 Μηνόφιλον.

967 1493 986 1542 1
1009 1493 1098 1544 17.
1143 1484 1486 1544 ΜΑΙΚΙΟΥ.

459 1621 748 1700 Θερμαίνει
775 1620 831 1696 μ’
857 1623 884 1678 ὃ
913 1619 1066 1686 καλὸς
1097 1621 1404 1700 Κορνήλιος·
1427 1617 1565 1679 ἀλλὰ
1585 1617 1843 1700 φοὸοῦμαι

538 1714 689 1768 τοῦτο
715 1709 775 1768 τὸ
801 1711 934 1788 φῶς,
963 1708 1065 1780 ἥδη
1090 1713 1194 1788 πῦρ
1229 1707 1364 1786 μέγα
1391 1708 1712 1786 γιγνόμενον.

700 1860 723 1908 1
743 1858 830 1909 18.
861 1846 1177 1908 ΜΑΡΚΟΥ
1213 1849 1763 1909 ΑΡΓΕΝΤΑΡΙΟΥ.

461 1985 618 2052 Ἰσιδις
644 1985 959 2058 ἡδύπνευστε
976 2030 995 2064 ,
1011 1987 1102 2046 καὶ
1129 1990 1174 2046 εἰ
1205 1986 1412 2055 δεκάκις
1429 1987 1588 2068 μύρον
1609 1987 1808 2058 ὄσδεις,

541 2073 690 2152 ἔγρεο
717 2072 808 2133 καὶ
831 2072 971 2142 δέξαι
998 2073 1149 2154 χερσὶ
1172 2073 1343 2155 φίλαις
1369 2075 1648 2156 στέφανον,

461 2159 520 2219 ὃν
547 2165 634 2218 νῦν
664 2159 758 2238 μὲν
787 2161 1072 2234 θάλλοντα,
1096 2161 1473 2241 μαραινόμενον
1502 2162 1555 2222 δὲ
1579 2163 1706 2244 πρὸς
1733 2167 1814 2236 ἠῶ

542 2247 694 2327 ὄψεαι
711 2292 727 2320 ,
752 2248 1004 2328 ὑμετέρης
1031 2247 1289 2327 σῦμὸολον
1317 2250 1539 2322 ἡλικίης.

898 2397 919 2445 1
945 2397 1028 2446 19.
1063 2389 1567 2448 ΚΡΙΝΑΓΟΡΟΥ.

459 2521 576 2594 Κῆν
607 2523 759 2604 ῥίψῃς
781 2527 866 2586 ἐπὶ
885 2524 1010 2585 λαιὰ
1028 2573 1044 2602 ,
1066 2529 1156 2587 καὶ
1173 2527 1237 2600 ἢν
1257 2529 1346 2588 ἐπὶ
1367 2529 1506 2600 δεξιὰ
1527 2529 1706 2612 ῥίψῃς,

537 2611 836 2692 Κριναγόρη
853 2659 874 2689 ,
902 2618 1078 2674 κενεοῦ
1100 2616 1287 2675 σαυτὸν
1311 2615 1500 2698 ὕπερθε
1524 2617 1707 2698 λέχους
1723 2663 1738 2691 ,

458 2698 504 2756 εἶ
534 2698 612 2773 μή
635 2721 716 2758 σοι
745 2701 1003 2780 χαρίεσσα
1031 2703 1401 2782 παρακλίνοιτο
1422 2705 1466 2764 Γ
1469 2704 1694 2782 έμελλα,

533 2785 710 2866 γνώσῃ
734 2788 995 2865 κοιμηθεὶς
1021 2791 1116 2870 οὐχ
1138 2790 1317 2866 ὕπνον,
1335 2792 1470 2850 ἀλλὰ
1491 2795 1671 2855 κόπον.

920 2942 1046 2991 120.
1073 2932 1546 2995 ΦΙΛΟΔΗΜΟΥ.

460 3065 570 3129 Καὶ
597 3067 774 3132 νυκτὸς
795 3067 1025 3146 μεσότης
1042 3068 1128 3128 τὸν
1148 3069 1273 3147 ἐμὸν
1293 3072 1530 3153 κλέψασα
1558 3072 1795 3143 σύνευνον
1860 3095 1868 3100 ·

535 3147 710 3229 ἦλθον,
737 3157 828 3215 καὶ
850 3162 1044 3237 πυκινῇ
1062 3159 1344 3237 τεγγομένη
1371 3162 1591 3241 ψακάδι.

456 3242 674 3304 Τοῦνεκ’
705 3248 757 3303 ἔν
783 3244 1095 3324 ἀπρήκτοισι
1125 3246 1395 3323 καθήμεθα
1413 3292 1430 3321 ,
1449 3248 1605 3328 κούχὶ
1617 3248 1644 3272 *
1659 3251 1938 3320 λαλεῦντες

538 3330 768 3407 εὕδομεν,
790 3334 862 3397 ὥς
883 3332 1044 3391 εὕδειν
1063 3335 1169 3400 τοῖς
1191 3333 1421 3413 φιλέουσι
1443 3334 1618 3413 θέμις;

967 3476 1088 3527 121.
1127 3480 1245 3525 ΤΟΥ
1277 3480 1490 3529 ΑΥΤΟΥ.

457 3600 641 3673 Μικκὴ
662 3603 750 3661 καὶ
771 3606 1062 3680 μελανεῢσα
1090 3606 1379 3680 Φιλαίνιον,
1400 3608 1537 3669 ἀλλὰ
1564 3611 1776 3669 σελίνων

536 3689 808 3770 οὗλοτέρη,
827 3693 915 3748 καὶ
939 3696 1067 3769 μνοῦ
1089 3695 1270 3773 χρῶτα
1291 3695 1610 3776 τερεινοτέρη
1625 3741 1643 3770 ,

2152 279 2201 328 et
2223 277 2429 327 Samiam
2450 278 2605 325 Demo
2626 274 2964 324 secunao-loco
2987 285 3107 322 :nec
3126 270 3222 320 hoc
3247 270 3388 321 valde
3404 272 3609 322 mirum
3626 285 3650 331 ,-

2090 367 2139 416 et
2156 379 2329 416 rursus
2347 363 2627 427 Hyssiacam
2642 364 2798 412 Demo
2814 401 2827 423 ‚
2846 361 3145 421 tertio-loom,
3164 359 3361 410 minime
3374 359 3481 408 haec

2148 454 2259 515 joca
2283 456 2406 503 sunt
2418 470 2439 519 ‚-
2464 454 2515 502 et
2538 451 2811 514 Argolidem
2830 453 2985 500 Demo
3002 448 3317 512 quarto-loco.

2092 544 2218 605 Ipsoe
2233 578 2247 602 ‚
2276 543 2397 604 puto
2414 579 2427 602 ,
2455 542 2618 589 Parcae
2646 552 2727 588 me
2746 538 3055 587 nominarunt
3084 535 3417 586 Philodemum
3436 573 3450 596 ,

2152 628 2269 691 quia
2295 640 2485 691 semper
2508 629 2691 676 Demus
2718 625 2948 688 alicujus
2972 625 3165 675 fervens
3185 635 3265 674 me
3286 625 3419 673 tenet
3444 633 3607 670 amor.

2487 783 2593 829 116.
2624 777 2821 827 MARcl
2852 775 3247 824 ARGENTARII.

2092 906 2348 956 Femineas
2372 919 2509 956 amor
2527 904 2883 970 pulcherrimus
2899 905 3025 954 inter
3041 905 3269 953 mortales
3296 901 3477 953 exstitit
3514 918 3519 924 ·

2153 993 2544 1057 quibuscumque
2568 993 2630 1043 ad
2657 992 2917 1042 amandum
2940 991 3146 1042 honesta
3168 991 3295 1040 inest
3311 1003 3464 1040 mens.

2091 1081 2141 1130 Si
2167 1093 2286 1129 vero
2302 1083 2353 1130 et
2375 1080 2648 1130 masculum
2675 1077 2835 1140 diligis
2858 1077 3183 1144 desiderium,
3210 1076 3313 1127 scio
3336 1075 3513 1126 docere

2152 1167 2424 1218 remedium
2452 1180 2553 1230 quo
2579 1166 2772 1218 sedabis
2790 1165 3265 1229 impotentis-amoris
3291 1163 3542 1213 morbum.

2093 1257 2347 1307 invertens
2372 1253 2697 1318 Menophilum
2717 1253 3101 1318 pulchriclunem
3116 1291 3129 1313 ‚
3157 1254 3321 1302 mente
3347 1254 3469 1315 puta

2150 1343 2313 1407 ipsum
2338 1345 2505 1394 tenere
2523 1343 2701 1392 in-sinu
2728 1353 2913 1392 marem
2929 1339 3275 1404 Menophilum.

2688 1503 2789 1550 117.
2824 1497 3037 1548 MAEcn.

2093 1626 2315 1678 Incendit
2340 1640 2419 1676 me
2438 1591 2641 1690 pulcher
2661 1626 2942 1686 Cornelius;
2968 1625 3055 1675 sed
3078 1625 3230 1675 timeo

2152 1713 2247 1764 hoc
2267 1713 2433 1763 lumen
2446 1747 2459 1774 ,
2477 1713 2577 1775 iam
2594 1712 2820 1776 inignem
2844 1721 3071 1775 magnum
3098 1711 3322 1761 evadens.

2435 1861 2441 1866 '
2480 1858 2583 1902 118.
2623 1855 2819 1903 MARCI
2850 1854 3241 1902 ARGENTARII.

2094 1996 2216 2046 isias
2250 1994 2613 2059 suave-spirtius
2628 2032 2641 2054 ‚
2674 1994 2863 2044 etiamsi
2899 1994 3063 2044 decies
3096 1997 3398 2058 unguentum
3424 1995 3530 2045 oles
3550 2033 3563 2056 ,

2154 2083 2481 2148 expergiscere
2503 2084 2553 2132 ct
2577 2081 2739 2145 accipe
2756 2082 2978 2132 manibus
3005 2081 3173 2132 amicis
3194 2095 3420 2132 coronam
3434 2121 3448 2142 ‚

2092 2185 2243 2236 quam
2262 2185 2391 2221 nunc
2410 2169 2607 2233 quidem
2631 2169 2882 2219 florentem
2895 2207 2908 2231 ‚
2929 2169 3016 2220 sed
3042 2169 3135 2220 sub
3164 2183 3385 2220 auroram
3424 2183 3655 2220 marces-

2156 2259 2443 2322 conspicieS‚
2464 2261 2565 2309 tuae
2584 2257 2857 2320 symbolum
2878 2258 3050 2308 aetatis.
3427 2259 3653 2321 [centem

2598 2402 2699 2448 119.
2731 2399 3121 2447 GRINAGORAE.

2094 2540 2206 2590 Sive
2238 2538 2497 2602 conjeceris
2523 2537 2852 2588 sinistrorsum
2869 2576 2882 2599 ‚
2905 2537 3009 2587 sive
3040 2537 3349 2588 dextrorsum
3375 2539 3652 2602 conjeceris

2152 2631 2203 2678 te
2216 2666 2229 2689 ,
2250 2625 2510 2690 Crinagora
2523 2665 2536 2688 ,
2557 2639 2713 2676 vacuo
2730 2639 2876 2688 super
2892 2625 3021 2675 lecto
3034 2664 3047 2687 ,

2090 2715 2184 2766 nisi
2202 2714 2291 2766 tibi
2307 2713 2521 2765 amabilis
2541 2713 2797 2764 accumbat
2814 2713 3028 2763 Gemella
3042 2751 3056 2776 ,

2152 2817 2323 2855 nomes
2347 2805 2397 2854 te
2424 2802 2632 2854 dormire
2656 2817 2751 2852 non
2768 2815 2993 2852 somnum
3006 2839 3020 2864 ,
3044 2801 3132 2851 sed
3146 2801 3495 2852 lassitudinem.

2612 2944 2713 2990 120.
2747 2940 3111 2990 PHILODEMI.

2092 3076 2155 3123 Et
2180 3074 2321 3123 nocte
2338 3072 2498 3122 media
2514 3084 2625 3121 meo
2644 3072 2996 3123 furtim-relicto
3013 3074 3214 3136 conjuge

2104 3164 2111 3167 “
2153 3161 2282 3223 veni,
2308 3164 2357 3211 et
2377 3160 2529 3211 densa
2548 3160 2823 3211 madefacta
2838 3160 3005 3211 imbre.

2092 3250 2340 3300 Idcircone
2364 3248 2507 3299 otiosi
2522 3248 2751 3299 sedemus
2768 3286 2780 3310 ,
2800 3262 2890 3298 nec
2911 3248 3027 3299 lassi

2150 3337 2419 3389 dormimus
2434 3376 2447 3400 ‚
2466 3339 2526 3387 ut
2550 3336 2759 3388 dormire
2786 3339 3003 3386 amantes
3022 3336 3097 3386 fas
3114 3339 3192 3386 est

2627 3486 2729 3532 127.
2772 3492 3081 3536 musmm.

2090 3626 2249 3673 Parva
2266 3625 2317 3673 et
2333 3622 2570 3687 nigricans
2597 3622 2862 3699 Philaenion
2874 3662 2887 3684 ,
2906 3622 2997 3673 sed
3012 3622 3176 3673 selims

2153 3710 2370 3774 crispior,
2391 3713 2441 3760 et
2456 3712 2623 3760 cutem
2640 3710 3031 3774 prima-lanugine
3048 3712 3273 3773 tenerior,

463 3803 3623 3845 Ἣ

520 3856 686 3921 Altera
710 3866 820 3905 nata
837 3858 978 3907 Samo
1005 3858 1176 3908 deinde
1198 3860 1436 3911 secunda:
1463 3880 1551 3913 uec
1576 3863 1700 3927 hoc;

455 3940 528 3986 Ex
548 3938 659 3987 Asis
681 3942 835 3987 Demo
857 3954 968 3988 mox
991 3940 1132 3989 tertia
1154 3956 1167 3991 :
1191 3942 1314 3992 seria
1334 3958 1479 4007 narro
1500 3962 1516 4008 ς

519 4018 706 4083 Argolis
725 4018 853 4069 hanc
872 4024 1025 4069 Demo
1046 4030 1216 4085 quarta
1242 4032 1399 4073 secuta
1427 4024 1536 4075 suit.

456 4104 563 4167 Ipsa
588 4102 708 4152 mihi
729 4119 904 4153 nomen
926 4102 1190 4153 Philodami
1215 4104 1310 4155 sata
1331 4106 1589 4170 dcdcruxm

522 4184 640 4233 Inde
661 4193 778 4251 puto
796 4194 884 4248 est,
915 4189 1068 4236 Demo
1091 4202 1180 4237 cur
1214 4203 1304 4252 ego
1331 4205 1519 4256 semper
1541 4208 1710 4244 amem.

1049 4338 1070 4368 1
1081 4338 1101 4369 1
1113 4338 1158 4382 7.
1203 4337 1376 4372 mucn.

457 4452 540 4498 Me
557 4458 688 4499 tenet
710 4467 762 4500 os
785 4452 982 4517 pulcher
1005 4454 1252 4505 Cornelius
1285 4470 1298 4505 ε
1329 4455 1422 4505 hoc
1443 4471 1527 4521 ego
1549 4459 1708 4509 lumen

522 4530 614 4580 Sed
633 4540 795 4581 metuo
820 4549 832 4582 ε
859 4532 982 4583 facta
999 4544 1069 4583 est
1087 4537 1292 4586 maxima
1311 4536 1503 4587 flamma
1518 4539 1676 4591 brevi.

888 4668 997 4716 118.
1034 4683 1190 4718 nuncr
1223 4686 1547 4721 nommant.

459 4800 758 4861 Quamquam
785 4798 998 4849 Arabum
1018 4817 1185 4852 messes
1207 4820 1395 4854 somnus
1419 4808 1555 4865 tuus,
1573 4806 1712 4870 isias,
1733 4807 1861 4859 halat
1879 4844 1894 4871 ,

525 4876 596 4926 Sis
618 4878 750 4941 vigil,
774 4888 824 4929 et
847 4880 1002 4945 capias
1021 4882 1120 4933 hoc
1137 4920 1152 4946 ,
1171 4900 1304 4949 rogo,
1327 4893 1452 4936 serta
1470 4902 1628 4937 manu.

2088 3872 2137 3922 Si
2160 3872 2301 3937 sapis,
2326 3869 2427 3920 haec
2458 3879 2633 3920 nostra
2658 3870 2747 3919 tibi
2776 3879 2887 3919 sunt
2915 3868 3064 3919 oetatis
3097 3870 3283 3937 imago:

2154 3955 2232 4005 Sic
2256 3952 2400 4003 hodie
2424 3953 2596 4003 florent
2610 3990 2625 4015 ,
2649 3970 2752 4002 cras
2774 3952 2875 4002 sine
2904 3953 3087 4003 honore
3099 3954 3279 4019 jacent.

2640 4123 2661 4153 1
2674 4122 2749 4169 ¹9·
2788 4120 3091 4154 enimcum.

2088 4258 2177 4305 Seu
2202 4256 2324 4304 latus
2340 4253 2391 4303 in
2414 4255 2633 4304 dextrum
2658 4254 2905 4304 versabere
2920 4290 2934 4316 ,
2958 4264 3094 4321 parte
3112 4254 3300 4304 sinistra

2151 4339 2241 4386 Seu
2264 4344 2373 4392 lua,
2400 4336 2682 4400 Crinagore,
2708 4335 2921 4384 membra
2950 4336 3109 4385 cubile
3126 4345 3365 4401 premam,

2092 4417 2156 4468 Ni
2174 4418 2328 4482 jaceat
2342 4427 2499 4467 tecum
2516 4416 2669 4466 forma
2688 4426 2937 4483 prestante
2956 4418 3189 4479 Gemella,

2154 4501 2231 4550 Sic
2252 4500 2460 4550 dormire
2482 4500 2638 4563 dolor,
2660 4516 2755 4549 non
2771 4500 2859 4550 tibi
2874 4516 3065 4550 somnus
3086 4500 3196 4551 erit.

2644 4675 2663 4707 1
2672 4676 2699 4707 2
2708 4676 2728 4707 1
2739 4695 2752 4709 .
2792 4676 3081 4711 Patr-onnu-

2086 4813 2233 4857 Parva
2258 4809 2447 4873 quidem
2473 4818 2607 4860 estet
2626 4810 2752 4860 fusca
2774 4811 3047 4860 Philinnion
3078 4828 3090 4863 :
3118 4821 3329 4862 attamen
3348 4813 3477 4877 agn&

2152 4892 2367 4956 Mollior,
2390 4902 2438 4942 et
2465 4893 2602 4942 viridi
2620 4893 2818 4960 crispior
2840 4903 2909 4944 est
2930 4894 3057 4961 apio.
