3829 5747
1269 212 1835 283 PROLEGOMENA
1878 220 2287 283 BREVIORA.

3257 232 3368 294 xix

208 351 301 409 Per
317 350 457 406 hunc
479 360 790 405 restaurata
809 358 869 403 et
897 347 1206 421 insigniter
1241 350 1470 407 exculta
1495 350 1718 411 heroici
1809 353 2224 414 Constantinus
2255 356 2802 436 porphyrogeneta,
2846 376 2909 419 ut
2943 364 3233 437 ingentem
3261 386 3362 425 ve·

204 456 377 495 versus
402 436 705 511 elegantia,
755 435 835 493 ita
862 448 927 491 ut
973 448 1183 513 praeter
1212 437 1545 495 varietatem
1592 458 1714 497 ma·

198 526 359 603 jurem
382 524 519 581 nihil
549 523 666 581 sere
687 524 751 581 i'n
767 522 897 599 ejus
915 522 1377 583 conformatione
1396 524 1715 603 desideres,

204 618 364 673 exorti
390 626 521 672 sunt
544 632 674 671 cum
711 612 775 670 in
802 610 1041 670 heroico
1068 631 1313 690 poeseos
1340 632 1571 689 genere,
1595 628 1718 675 tum

206 706 253 761 in
289 704 405 761 aliis
436 701 769 771 nonnullis,
800 712 985 777 poetae
1009 702 1150 777 qui,
1191 701 1345 760 viam
1382 701 1575 761 Nonni
1618 720 1720 759 ve·-

205 793 364 867 stigiis
385 792 716 867 impressam
756 807 962 863 magna
999 809 1131 846 cum
1173 790 1467 847 alacritate
1503 790 1719 861 secuti,

202 896 393 937 veteres
468 876 689 935 fabulas
739 876 890 934 haud
972 877 1390 937 contemnendo
1453 896 1723 939 successu

202 979 533 1025 exornarent.
624 963 692 1021 Et
728 965 1209 1042 epigrammatum
1232 984 1465 1042 quoque
1496 977 1719 1024 sextum

202 1069 313 1133 post
332 1054 459 1113 Chr.
486 1053 759 1112 saeculum
785 1065 843 1109 et
856 1050 1173 1110 Justiniani
1193 1053 1557 1130 potissimum
1588 1067 1723 1112 aetas

204 1146 364 1201 laetum
390 1154 733 1219 proventum
760 1138 983 1197 habuit.
1014 1142 1142 1198 Hoc
1169 1141 1327 1199 enim
1371 1160 1499 1199 aevo
1526 1140 1725 1199 floruit

202 1236 462 1289 Marianus
487 1230 902 1297 Scholasticus,
936 1227 1284 1303 elegantium
1328 1228 1553 1305 aliquot
1593 1229 1721 1306 epi·

201 1330 543 1394 giamniatum
590 1328 828 1387 auctor;
872 1316 1285 1385 christodorus,
1332 1316 1473 1392 qui,
1516 1328 1725 1393 praeter

199 1408 599 1484 epigrammata,
620 1415 937 1462 statuarum
958 1402 1245 1481 Zeuxippi
1263 1404 1718 1481 descriptionem

198 1494 405 1570 reliquit
428 1492 665 1570 optimis
692 1489 964 1548 versibus
987 1492 1388 1549 concinnatam
1411 1512 1427 1564 ς
1459 1494 1723 1548 Julianus

200 1581 509 1655 cognomine
550 1584 880 1655 AEgrptius,
924 1580 1136 1635 Paulus
1180 1578 1433 1655 denique
1456 1580 1721 1635 Silentia-

199 1678 311 1737 νέω,
340 1670 700 1725 Macedonius
735 1664 973 1735 consul,
1005 1668 1288 1739 Agathias
1326 1668 1721 1727 scholasticus.

197 1759 292 1825 Qui
316 1776 502 1813 omnes
518 1753 875 1833 optimorum
894 1766 1192 1829 poetarum
1219 1753 1467 1813 lectione
1486 1752 1720 1825 imbuti,

199 1866 351 1923 quum
380 1863 438 1903 se
466 1844 538 1902 ad
565 1843 989 1919 epigrammata
1030 1840 1344 1900 scribenda
1390 1839 1683 1900 dedissent
1700 1883 1718 1911 ,

200 1954 363 2011 neque
386 1935 565 1992 ullum
597 1932 719 1989 fere
746 1944 1147 2006 argumentum
1175 1949 1375 1990 eorum
1404 1950 1535 2009 quae
1562 1945 1721 1989 vete·

201 2042 277 2081 res
294 2021 547 2081 versibus
572 2032 923 2090 tractarunt,
947 2019 1294 2077 intentatum
1324 2018 1719 2094 reliquissent,

200 2111 419 2187 plurima
439 2109 969 2181 concinnaverunt,
994 2126 1125 2184 quae
1152 2106 1350 2165 saeculi
1381 2107 1544 2176 vitia,
1568 2106 1721 2182 opti·

199 2219 279 2257 mo
311 2200 508 2276 cuique
540 2195 925 2267 inhaerentia,
958 2196 1157 2254 multis
1200 2193 1517 2254 virtutibus
1560 2214 1719 2287 colp-

198 2299 495 2363 pensarunt.
548 2289 715 2342 Inter
770 2302 921 2361 quos
977 2282 1269 2352 homines,
1321 2302 1441 2339 non
1494 2282 1721 2356 ingenii

198 2389 385 2432 tantum
410 2372 704 2449 elegantia
745 2384 803 2429 et
844 2371 1205 2441 eruditione,
1254 2369 1354 2429 sed
1390 2368 1719 2427 honoribus

198 2480 396 2539 quoque
432 2473 491 2517 et
538 2460 682 2517 vitae
730 2458 1043 2535 splendore
1084 2458 1383 2531 insignes,
1430 2460 1721 2514 Asnaus

198 2547 507 2623 Myriuaeus,
547 2544 633 2603 ob
654 2544 811 2621 juris
850 2544 1044 2602 civilis
1091 2543 1513 2622 professionem
1540 2543 1717 2599 Scho-

199 2638 391 2691 lasticus
416 2634 641 2703 dictus,
662 2650 738 2689 ne
762 2632 890 2689 laeta
918 2631 1019 2688 illa
1041 2643 1160 2688 tum
1187 2630 1279 2691 sui
1308 2643 1427 2688 tum
1457 2630 1723 2706 proxime

197 2721 546 2779 antecedentis
590 2719 797 2777 soeculi
828 2720 1032 2778 messis
1068 2718 1364 2789 interiret,
1397 2736 1523 2776 eam
1554 2719 1721 2794 quasi

196 2810 246 2866 in
271 2808 521 2867 horreum
564 2808 821 2881 inferre,
846 2808 909 2867 id
934 2822 1057 2882 est,
1082 2808 1153 2867 ad
1192 2805 1467 2884 Meleagri
1499 2806 1725 2886 Philip-

198 2899 349 2974 pique
388 2899 677 2956 rationem
713 2898 1109 2956 ‚recentiorum
1153 2909 1455 2974 poetarum
1497 2895 1718 2952 florile-

197 2987 329 3059 gium
354 2985 599 3044 condere
622 2985 900 3055 instituit,
921 2986 1002 3044 ita
1024 2997 1237 3055 tamen,
1263 2996 1328 3042 ut
1344 3001 1575 3040 omnem
1602 3003 1721 3042 ma·

199 3075 371 3131 teriam
406 3073 748 3132 .secundum
806 3086 1277 3149 argumentorum
1330 3070 1721 3130 diversitatem

197 3162 247 3218 in
284 3164 467 3240 plures
504 3160 701 3220 libros
746 3160 1054 3236 digereret.
1103 3160 1287 3230 Quam
1326 3159 1721 3218 collectionem

198 3249 379 3306 Κύκλου
436 3248 679 3306 nomine
728 3247 1062 3324 inscripsit,
1114 3247 1295 3318 hanc,
1348 3259 1411 3304 ut
1456 3245 1713 3319 videtur,

196 3335 261 3391 ob
294 3355 545 3414 causam,
575 3336 742 3414 quod
770 3347 1069 3413 poetarum
1112 3333 1187 3393 ab
1220 3335 1351 3412 ipso
1380 3333 1719 3412 compilato·

196 3445 301 3482 rum
348 3427 589 3484 nomina
632 3425 733 3484 ita.
759 3423 1189 3501 implicaret-at,
1241 3436 1304 3481 ut
1342 3441 1405 3480 se
1451 3434 1722 3499 tanquam

194 3515 243 3569 in
264 3516 468 3592 κυκλικῇ
494 3515 689 3594 χορείᾳ
715 3513 921 3570 eodem
964 3529 1194 3589 semper
1236 3509 1449 3567 ordine
1474 3509 1723 3588 excipe-

194 3614 319 3660 rent.
344 3601 461 3660 Hoc
494 3601 849 3672 consilium,
881 3598 1253 3677 capitumque
1277 3598 1339 3655 in
1372 3617 1503 3674 quae
1538 3611 1721 3656 totum

194 3709 318 3765 opus
348 3690 709 3768 descriptum
739 3701 862 3758 est,
894 3701 951 3744 et
978 3686 1153 3746 unius
1195 3684 1481 3763 cujusque
1522 3687 1723 3765 capitis

192 3791 563 3852 argumentum
643 3775 921 3852 Agathias
973 3771 1245 3852 exposuit
1302 3774 1363 3832 in
1431 3775 1723 3852 prooemio

194 3865 324 3938 quod
368 3867 609 3944 corpori
652 3884 689 3922 a
727 3883 790 3922 se
819 3862 1096 3936 conflato,
1143 3875 1208 3920 ut
1241 3861 1531 3937 Meleager
1578 3861 1719 3919 olim

192 3965 236 4008 et
268 3951 561 4032 Philippus
588 3959 812 4010 coronis
838 3951 992 4023 suis,
1021 3951 1274 4028 praefixit
1306 3948 1398 4030 (Ἴ.

254 4041 427 4108 Quum
450 4042 575 4118 jatn
598 4082 619 4112 ,
648 4051 859 4118 praeter
888 4039 1169 4098 Stratonis
1209 4050 1268 4095 et
1293 4036 1573 4112 Diogenis
1600 4035 1723 4094 col-

192 4124 435 4188 lectiones
454 4172 472 4200 ,
504 4129 625 4186 tria
652 4139 947 4186 exstarent
972 4127 1453 4204 epigrammatum
1483 4123 1723 4185 Florile-

194 4217 295 4288 gia,
318 4217 795 4295 antiquissimum
820 4229 1006 4292 poetae
1024 4213 1315 4272 Gadareni
1334 4257 1350 4284 ,
1368 4226 1427 4271 et
1443 4212 1560 4270 duo
1584 4212 1721 4288 alia,

194 4301 338 4378 hujus
366 4317 644 4382 tanquam
690 4303 1127 4381 supplementa,
1164 4301 1428 4380 Philippi
1470 4313 1528 4358 et
1575 4300 1723 4374 Aga·

192 4391 333 4468 thiae,
359 4395 533 4451 tertio
560 4404 704 4470 post
726 4389 1027 4466 Agathiam
1052 4389 1267 4448 saeculo
1282 4433 1298 4461 ,
1318 4409 1436 4466 quo
1464 4400 1724 4465 tempore

239 4539 293 4600 (Ἴ
332 4539 351 4603 [
364 4538 605 4590 addenda
631 4542 711 4590 est
744 4537 989 4590 Palladae
1025 4538 1105 4589 vel
1132 4536 1370 4588 Palladii
1404 4535 1721 4598 epigramma·

192 4610 277 4657 tum
295 4611 509 4661 collectio
527 4649 541 4669 ‚
558 4610 629 4660 de
648 4623 750 4673 qua
775 4607 891 4658 vide
910 4610 1183 4660 Beckerum
1208 4607 1274 4658 ad
1298 4621 1405 4670 cap.
1437 4607 1551 4667 vlt,
1570 4603 1721 4667 epigr.

195 4679 282 4736 ³39,
298 4679 413 4728 intra
438 4692 491 4742 p.
512 4683 631 4730 458.
658 4679 817 4730 Etiam
838 4679 1081 4728 Leonida)
1104 4676 1449 4728 Alexandrini
1476 4676 1724 4737 ἰσοψήωων

194 4749 231 4792 et
254 4749 507 4799 nicodemi
543 4751 873 4800 Heracleotae
890 4749 1287 4812 ἀντιστρεφόντων
1305 4746 1613 4798 collectiones
1639 4759 1723 4796 ex·

195 4814 345 4864 stitisse
368 4817 604 4868 videntur
620 4855 635 4876 ,
660 4817 721 4868 de
748 4815 931 4880 quibus
961 4815 1217 4880 Weigand.
1240 4830 1291 4879 p.
1320 4821 1428 4874 565,
1450 4821 1559 4863 506.
1584 4814 1723 4866 Idem

196 4880 243 4929 de
264 4889 481 4951 Greqorii
500 4889 755 4951 Μαῃὶετνί
787 4886 1158 4949 inscriptionum
1186 4899 1217 4935 a
1246 4899 1301 4935 sc
1330 4885 1501 4936 multis
1529 4887 1576 4936 in
1604 4885 1724 4935 locIs

194 4961 463 5015 repertarum
478 4958 773 5008 collectione
806 4955 936 5007 dixit
966 4969 1017 5021 p.
1054 4959 1164 5018 56'4,
1194 4969 1307 5006 cum
1334 4956 1552 5008 Beckero
1576 4956 1723 5006 Com-

198 5031 317 5077 meat.
342 5031 445 5080 erit.
476 5033 517 5091 l,
544 5045 595 5093 p.
630 5033 715 5078 166
734 5028 903 5092 seqq]

1812 440 1953 498 teris
1981 441 2332 501 eruditionis
2357 447 2656 503 materiam
2685 448 2748 505 in
2769 449 3174 526 compendium
3210 454 3364 512 redi-

1812 540 2005 602 geret,
2035 546 2109 587 ex
2137 530 2437 590 historicis
2457 575 2475 605 ,
2502 534 2776 607 medicis,
2809 538 3184 597 oeconomicis
3213 541 3368 599 aliis·

1815 634 1931 691 que
1995 618 2383 695 scriptoribus
2458 635 2728 699 excerpta
2801 622 3063 682 facienda
3126 644 3368 705 eamque

1812 703 2156 781 farraginem
2188 708 2504 766 secundum
2532 724 3001 785 argumentorum
3028 713 3363 774 varietatem

1812 794 1876 851 in
1926 794 2115 872 capita
2173 795 2546 871 redigendam
2604 798 2875 871 curabat,
2927 800 3078 859 alius
3129 802 3364 878 quidam

1812 882 2248 953 Cossi-mmm
2277 886 2625 959 cognomine
2654 886 2942 946 Carinus
2961 930 2978 960 ,
3016 891 3246 964 ignotus
3276 911 3368 950 ce·

1815 972 2084 1048 teroquin
2113 972 2325 1043 homo,
2363 973 2541 1031 simili
2590 974 2839 1051 quodam
2875 976 3120 1035 consilio
3169 991 3366 1037 vetera

1812 1056 1916 1115 illa
1965 1058 2272 1135 Florilegia
2314 1060 2681 1137 compilanda
2719 1074 2777 1119 et
2816 1081 2891 1120 ex
2929 1064 3364 1141 epigrammatis

1816 1144 1954 1201 inde
1981 1145 2212 1204 selectis
2241 1165 2460 1204 novum
2498 1161 2836 1224 syntagma,
2877 1150 2950 1207 ad
2980 1150 3270 1225 Agathiae,
3301 1166 3366 1213 ut

1814 1231 2064 1303 videtur,
2095 1233 2423 1311 exemplum
2457 1234 2520 1291 in
2553 1234 2724 1313 plura
2752 1236 2942 1313 capita
2969 1235 3359 1315 descriptum,

1815 1320 2182 1378 condendum
2207 1332 2265 1378 et
2287 1322 2755 1381 concinnandum
2781 1325 3058 1402 suscepit.
3089 1323 3230 1383 Post
3253 1326 3391 1385 hoc·

1814 1426 1964 1484 opus
2009 1408 2360 1467 vetustiores
2406 1409 2772 1485 Anthologiae
2813 1425 3214 1486 evanuerunt,
3260 1432 3366 1471 nec

1816 1494 2059 1552 multum
2089 1494 2291 1552 aberat
2319 1495 2464 1571 quin
2493 1495 2855 1554 Constantini
2894 1516 3131 1574 quoque
3171 1497 3368 1557 Flori-

1815 1580 2028 1656 legium
2079 1582 2232 1639 idem
2281 1583 2457 1641 satum
2501 1582 2758 1654 subiret,
2804 1596 3114 1661 postquam
3155 1586 3366 1643 saeculo

1814 1666 2038 1725 decimo
2076 1680 2282 1743 quarto
2321 1668 2594 1727 Maximus
2621 1670 2960 1741 Primnum,
2991 1670 3168 1727 homo
3195 1671 3368 1729 indu-

1814 1755 1994 1812 strius
2021 1773 2210 1831 neque
2236 1755 2506 1814 indoctus
2523 1800 2542 1831 ‚
2569 1756 2933 1815 Constantini
2961 1758 3365 1833 Anthologiam

1814 1842 2007 1900 denuo
2037 1843 2453 1919 compilaverat
2483 1844 2546 1902 in
2575 1844 2870 1921 aliumque
2897 1844 3160 1903 ordinem
3199 1846 3368 1905 rede-

1815 1942 1992 2007 gerat.
2043 1931 2232 2003 Quum
2280 1931 2438 1988 enim
2492 1932 2906 1991 Constantinus
2948 1953 3176 1991 omnem
3227 1936 3367 2013 epi-

1814 2032 2194 2093 grammatum
2217 2036 2522 2076 numerum
2545 2019 2861 2077 secundum
2891 2032 3363 2094 argumentorum

1812 2105 2097 2163 rationem
2143 2104 2204 2161 in
2246 2104 2537 2179 generalia
2563 2104 2826 2182 quaedam
2867 2106 3056 2183 capita
3084 2107 3360 2182 digessis-

1814 2205 1940 2265 set,
1967 2192 2046 2251 ita
2065 2204 2132 2250 ut
2156 2194 2509 2249 dedicatoria
2527 2234 2546 2265 ,
2573 2200 2856 2265 satyrica,
2895 2202 3174 2251 anemoria
3190 2237 3212 2266 ,
3243 2216 3371 2253 con-

1819 2284 2026 2338 vivalia
2096 2293 2401 2357 ceteraque
2469 2280 2718 2359 junctim
2783 2281 3139 2357 legerentur,
3206 2284 3371 2343 nullo

1813 2381 2091 2447 praeterea
2116 2367 2236 2428 alio
2263 2369 2600 2427 discrimine
2631 2368 2956 2437 3Maximus
2992 2370 3280 2430 Planudes
3313 2386 3372 2431 et

1815 2456 2103 2515 librorum
2132 2456 2398 2515 ordinem
2427 2458 2762 2515 immutavit
2786 2470 2848 2515 et
2875 2458 3139 2533 singulos
3181 2460 3370 2521 libros

1815 2546 1877 2603 in
1922 2543 2180 2624 plurima
2217 2546 2409 2623 capita
2448 2544 2791 2623 discerpsit,
2825 2558 3068 2623 excepto
3119 2548 3368 2624 septimo

1813 2632 1917 2710 qui
1968 2641 2248 2691 amatoria
2302 2635 2694 2711 complectens
2740 2631 3212 2693 distributionem
3265 2655 3372 2711 per

1814 2720 1977 2781 locos
2006 2740 2340 2779 communes
2379 2721 2573 2779 minus
2629 2718 2869 2777 serebat.
2919 2720 3188 2778 Ceterum
3229 2721 3367 2779 Pla-

1815 2807 2000 2867 nudes
2041 2809 2106 2865 iu
2152 2807 2268 2865 hoc
2309 2825 2486 2886 opere
2531 2805 2686 2884 quod
2737 2803 3064 2884 Ἀνθολογίαν
3109 2806 3370 2887 διαφόρων

1814 2895 2233 2974 ἐπιγραμμάτων
2267 2895 2603 2974 inscripsit,
2639 2894 2783 2953 nihil
2821 2894 2983 2952 aliud
3011 2897 3129 2970 egit
3151 2897 3266 2954 nisi
3307 2910 3372 2956 ut

1813 2984 2182 3044 Constantini
2208 2997 2512 3063 syntagma
2532 2986 2596 3042 in
2617 2983 3029 3060 compendium
3057 2983 3366 3058 redigeret.

1816 3070 1901 3130 Ex
1928 3072 2046 3132 alio
2081 3073 2235 3131 enim
2272 3071 2430 3130 fonte
2467 3091 2586 3130 non
2628 3070 2850 3141 hausit,
2882 3069 2998 3127 nisi
3027 3068 3184 3145 quod
3215 3069 3371 3128 libro

1815 3173 2026 3236 quarto
2053 3159 2340 3239 plurimas
2365 3158 2540 3217 habet
2557 3159 2622 3216 in
2645 3169 2886 3229 statuas,
2910 3154 3138 3213 tabulas
3159 3155 3368 3232 pictas,

1815 3247 2046 3323 aliaque
2102 3246 2246 3304 artis
2294 3265 2511 3324 opera,
2556 3263 2808 3321 quorum
2867 3247 2932 3302 in
3003 3240 3370 3300 Constantini

1818 3353 2034 3412 opere,
2065 3334 2238 3412 quale
2271 3333 2382 3391 hoc
2421 3334 2485 3392 in
2519 3332 2802 3391 Palatinis
2844 3327 3206 3390 membranis
3247 3347 3372 3388 ser-

1815 3436 2015 3480 vatum
2049 3420 2364 3493 habemus,
2409 3420 2636 3478 nullum
2671 3433 2758 3478 est
2803 3418 3113 3494 vestigium
3155 3437 3170 3474 ε
3217 3415 3373 3474 unde

1815 3511 2181 3588 suspicamur
2197 3507 2516 3566 Planudem
2535 3506 2697 3565 illius
2716 3505 3080 3581 Anthologiae
3098 3502 3372 3563 babuisse

1812 3598 2140 3674 exemplum
2171 3615 2290 3654 uno
2331 3595 2446 3654 hoc
2473 3595 2544 3653 de
2571 3595 2712 3652 artis
2739 3592 3018 3671 operibus
3047 3591 3238 3670 capite
3277 3611 3375 3650 au·

1814 3685 1965 3745 ctius
1993 3686 2090 3764 (Ἴ.
2128 3683 2394 3742 Ceterum
2436 3701 2706 3756 magnum
2745 3681 3224 3758 epigrammatum
3261 3699 3370 3738 nu-

1818 3793 2045 3833 merum
2076 3772 2276 3830 omisit
2298 3813 2315 3842 ,
2340 3784 2399 3828 et
2421 3770 2654 3847 quidem
2673 3812 2690 3841 ,
2721 3781 2929 3848 praeter
2940 3769 3216 3844 puerilem
3239 3770 3370 3824 Mu-

1813 3882 1937 3919 sam
1997 3859 2316 3932 Stratonis,
2367 3859 2565 3918 omnia
2615 3876 2746 3933 quae
2795 3854 3125 3913 lascivioris
3175 3868 3367 3913 essent

1816 3947 2173 4024 argumenti,
2227 3959 2348 4004 tum
2399 3963 2528 4022 quae
2589 3941 2682 4001 ob'
2715 3945 3015 4018 graviores
3069 3939 3368 4016 scripturae

1816 4035 2263 4113 depravationes
2307 4029 2462 4090 haud
2507 4031 2676 4089 facile
2716 4039 2955 4108 possent
2995 4025 3262 4102 intelligi.
3303 4026 3366 4083 Si

1814 4120 1960 4197 quid
1988 4132 2178 4178 autem
2219 4117 2417 4176 velex
2455 4116 2568 4175 hoc
2595 4117 2688 4174 vel
2729 4134 2802 4172 ex
2844 4114 3024 4171 altero
3053 4129 3264 4186 genere
3306 4112 3369 4168 in

1816 4208 2082 4266 ordinem
2112 4206 2362 4283 recepit,
2380 4205 2445 4262 in
2465 4203 2556 4262 his
2579 4203 2922 4278 plerumque
2946 4197 3129 4256 verba
3153 4197 3372 4256 lasciva

1816 4311 1874 4356 et
1902 4295 2152 4354 obscena
2182 4313 2311 4352 cum
2340 4290 2692 4351 castioribus
2726 4286 3140 4359 commutavit,
3169 4287 3233 4343 in
3263 4284 3368 4343 de-

1814 4383 2077 4464 pravatis
2111 4394 2301 4441 autem
2347 4378 2528 4439 verba
2570 4387 2848 4454 corrupta
2896 4388 2994 4433 aut
3034 4374 3234 4432 omisit
3274 4387 3372 4431 aut

1816 4492 1927 4551 pro
1979 4471 2142 4529 virili
2203 4489 2308 4528 sua
2367 4479 2534 4546 parte
2595 4463 2904 4522 emendare
2955 4475 3194 4521 conatus
3259 4473 3364 4521 est.

1815 4559 2008 4630 Quum
2053 4568 2242 4614 autem
2288 4567 2556 4614 neutrum
2602 4549 2813 4610 borum
2861 4549 2916 4608 ei
2945 4549 3087 4608 satis
3128 4547 3373 4607 feliciter

1879 4743 1946 4807 (¹)
1983 4739 2103 4807 [Sui
2134 4739 2308 4790 similis
2347 4736 2630 4788 narduinus
2659 4737 2711 4786 in
2743 4736 2823 4786 his
2864 4748 2978 4798 quae
3006 4734 3248 4785 Bulierius
3281 4747 3375 4785 suo

1814 4812 2035 4874 exemplo
2062 4807 2319 4872 adscripsit
2349 4823 2366 4859 ε
2399 4827 2424 4850 ιι
2451 4806 2717 4858 Planudem
2742 4804 3048 4867 Anthologiae
3077 4818 3174 4854 non
3197 4817 3368 4868 repur-

1815 4886 2034 4949 gatorem
2057 4881 2248 4930 tantum
2266 4917 2280 4942 ,
2300 4881 2362 4928 ut
2386 4879 2534 4942 vulgo
2567 4879 2744 4942 putant
2761 4913 2775 4937 ,
2808 4875 2895 4925 sed
2923 4875 3088 4924 verius
3119 4879 3374 4924 auctorem

1818 4951 2050 5004 credebat
2084 4951 2163 5000 Jo.
2192 4948 2506 5012 narduinus,
2535 4951 2643 4998 Soc.
2669 4949 2770 4997 Jes.
2809 4943 2934 4996 Vide
2971 4943 3077 5008 ejus
3105 4947 3250 5008 oper.
3285 4947 3369 4994 Sc-

1818 5025 1928 5075 lect.
1959 5035 2008 5087 p.
2039 5025 2148 5072 492.
2173 5019 2232 5082 t]
