3829 5747
1552 269 1627 330 IN
1669 269 1918 331 CAPUT
1958 272 2113 333 1-1v.

214 396 352 446 tione
392 397 563 460 injecta
594 394 899 446 christodori
932 396 1171 459 poematis
1188 433 1202 457 ,
1240 409 1301 446 ex
1330 397 1631 462 Anthologiae
1659 399 1769 449 Pla-

3299 283 3416 342 563

1860 401 2032 452 scabra
2057 402 2137 453 illa
2157 406 2208 461 et
2239 403 2424 455 insulsa
2447 409 2500 456 et
2515 419 2544 456 a
2563 420 2678 456 sana
2701 391 2886 458 ratione
2913 409 3068 458 aliena
3089 408 3268 472 quibus
3285 423 3418 460 nunc

216 466 399 516 nudeae
430 469 659 518 lemmate
685 467 835 517 verba
865 467 1078 526 θηὸαίου
1102 468 1340 517 Κοπτίτου
1372 467 1657 532 repetiverit
1681 482 1772 520 nec
1860 475 2064 521 scatent.
2097 491 2123 516 ι
2152 473 2295 532 Quod
2324 474 2500 538 egregii
2517 475 2608 524 viri
2621 475 2863 538 judicium
2887 491 2998 528 sero
3019 479 3240 542 cognovi.

215 537 503 587 eorrexerit.
528 559 552 583 n
582 541 646 589 B.

289 611 359 656 11.
394 627 417 649 σι
444 608 619 658 Merito
644 608 861 672 praetulit
876 607 1071 657 Jacobs.
1094 608 1354 665 aoristumz
1374 623 1523 672 quarn
1547 608 1774 672 syntaxin

215 689 353 740 saepe
391 678 576 729 librarii
605 679 681 728 vel
726 679 1027 742 grammatici
1059 679 1185 730 male
1230 679 1389 730 seduli
1434 683 1770 730 mutaverunt.

214 747 348 796 Vide
384 752 487 798 not.
535 748 599 797 ad
630 748 790 798 Babrii
830 749 926 798 sab.
964 753 1068 808 123,
1108 763 1155 811 p.
1185 755 1276 800 240
1312 763 1417 812 seq.
1450 748 1774 802 Philostratus

210 819 278 867 V.
322 821 412 881 Ap.
449 823 484 874 Ι,
510 824 565 869 31
606 833 619 862 2
657 820 855 868 ἵππον...
898 821 1140 868 καταθύειν
1182 821 1340 882 ἔμελλε
1366 825 1435 882 τῷ
1464 822 1603 884 ἡλίῳ·
1634 821 1769 886 quod

210 887 341 937 bene
360 889 595 951 scriptum
620 891 723 943 est;
754 887 842 936 sed
864 901 1017 950 quum
1036 889 1189 938 codex
1217 889 1429 952 optimus
1462 895 1577 941 1696
1599 890 1777 940 habeat

211 959 522 1017 καταθύσειν,
554 957 737 1020 poterit
776 958 961 1007 haerere
1009 958 1204 1008 tuturus
1249 959 1425 1008 editor.
1473 959 1597 1011 Tres'
1644 961 1773 1010 enim

214 1029 339 1075 sunt
362 1033 446 1076 τοῦ
470 1029 647 1090 μέλλειν
672 1026 986 1076 construendi
1021 1028 1183 1088 modi,
1219 1043 1332 1078 cum
1360 1028 1543 1091 futuro,
1570 1033 1621 1080 et
1644 1043 1771 1093 prae-

213 1099 385 1156 sente,
413 1100 481 1153 et,
511 1097 646 1160 quod
673 1095 847 1146 multis
872 1097 1138 1161 displicuit,
1171 1111 1283 1148 cum
1316 1098 1519 1149 aoristo.
1559 1103 1683 1157 Quae
1710 1099 1775 1148 ad

214 1166 442 1216 Aristan.
474 1181 524 1230 p.
545 1172 637 1218 496
664 1165 833 1215 monui
860 1165 923 1216 de
952 1167 1131 1217 acrisio
1154 1181 1265 1220 cum
1296 1169 1458 1220 verbis
1481 1170 1705 1233 sperandi
1724 1173 1777 1220 et

211 1237 419 1298 optandi
446 1238 594 1288 etiam
612 1237 708 1286 huc
735 1235 1045 1286 conveniunt.
1070 1256 1093 1279 υ
1115 1238 1176 1285 Β.

285 1312 359 1357 13.
387 1328 411 1352 «ι
454 1305 789 1376 metaphoram
821 1307 957 1356 verbi
978 1307 1255 1369 ἀστράπτειν
1285 1306 1347 1356 de
1374 1306 1653 1357 oratoribus
1682 1310 1776 1356 tra-

210 1379 347 1428 ctavi
379 1378 439 1428 ad
462 1378 607 1427 Pselli
628 1377 877 1440 opuscula
903 1391 949 1440 p.
975 1379 1082 1426 283.
1114 1395 1138 1418 »ι
1170 1377 1233 1424 Β.

280 1452 356 1496 29.
391 1465 415 1489 «
448 1450 518 1496 De
544 1447 701 1510 δρόμῳ
742 1445 974 1495 orationis
1012 1443 1126 1494 vide
1161 1458 1271 1495 mea
1314 1444 1379 1496 ad
1405 1445 1605 1510 Niceph.
1639 1447 1771 1496 chu-

208 1531 389 1567 mnum
418 1531 472 1580 p.
515 1523 601 1568 155
630 1530 733 1578 seq.
761 1517 904 1566 Conl'.
937 1516 1065 1565 inl'ra
1093 1517 1225 1564 Plan.
1259 1527 1335 1578 ep.
1370 1521 1451 1565 86.
1476 1536 1500 1560 υ
1527 1519 1589 1566 Β.

277 1593 339 1638 32
380 1601 517 1650 seqq.
557 1607 582 1630 α
620 1590 766 1636 Hunc
788 1585 851 1636 de
886 1585 1119 1648 Euripide
1149 1586 1313 1635 locum
1353 1585 1518 1636 latinis
1546 1586 1771 1637 versibus

212 1655 434 1706 reddidit
460 1660 655 1706 Barnes.
687 1656 804 1706 Vita
830 1659 943 1706 Eur.
973 1656 1003 1720 §
1029 1660 1076 1706 7.
1100 1675 1125 1700 υ
1156 1658 1219 1705 Β.

275 1733 355 1776 37.
381 1745 406 1770 οι
440 1727 692 1777 Fabricius
722 1727 872 1777 tacite
902 1727 1164 1789 scripserat
1188 1726 1469 1786 στεψὸμενος
1484 1763 1498 1786 ,
1526 1739 1623 1775 non
1646 1729 1772 1778 male

210 1795 415 1846 omnino
431 1811 445 1841 :
462 1797 629 1858 ἔπρεπε
638 1795 937 1858 στεψὸμενος,
953 1809 1181 1845 coronam
1190 1808 1337 1844 manu
1348 1797 1518 1845 teneus
1531 1796 1582 1844 in
1592 1809 1653 1846 eo
1665 1809 1773 1846 esse

210 1866 481 1916 ridebatur
502 1869 558 1915 ut
580 1865 713 1915 illam
739 1865 1011 1928 imponeret
1032 1865 1199 1928 capiti.
1227 1865 1370 1914 Gonf.
1390 1879 1441 1914 v.
1469 1868 1585 1915 368.
1614 1885 1639 1909 ιι
1673 1870 1738 1916 Β.

272 1940 461 1986 61--64
491 1949 665 1985 versus
687 1935 737 1984 in
765 1935 945 1986 Codice
971 1936 1181 1985 omissos
1213 1948 1321 1984 esse
1356 1935 1528 1984 scribit
1552 1935 1769 1997 Jacobs„

208 2007 494 2058 tacentibus
521 2008 572 2055 et
610 2004 890 2055 Paulssenio
928 2009 979 2055 et
1013 2004 1333 2054 Boissonadio
1356 2003 1421 2054 de
1464 2005 1740 2068 apographo
1755 2043 1769 2065 ‚

208 2089 517 2138 quamquam
548 2074 629 2124 hic
650 2075 796 2124 affert
826 2093 849 2117 n
876 2078 1077 2124 Lemma
1106 2095 1119 2124 ε
1158 2076 1223 2132 εἰς
1258 2075 1531 2137 Ἀμυμώνην
1559 2080 1643 2124 τοῦ
1681 2081 1773 2125 Aez—

206 2151 327 2194 ναοῦ
374 2146 616 2206 θυγατέρα.
658 2165 683 2188 υ
719 2146 895 2194 Mirum
938 2148 1015 2195 est
1048 2145 1198 2208 igitur
1222 2144 1355 2208 quod
1383 2145 1651 2194 Sahnasius
1688 2145 1770 2196 his

206 2215 475 2278 adscripsit
492 2215 543 2264 in
577 2213 839 2264 Planudeae
858 2216 1081 2278 exemplo
1116 2213 1389 2264 Buheriano
1416 2229 1430 2258 τ
1460 2235 1485 2257 α
1519 2218 1591 2264 Ex
1620 2218 1678 2265 V.
1710 2218 1766 2263 c.

206 2285 546 2348 reponendum
563 2285 640 2333 est
665 2283 799 2333 istud
825 2284 1121 2348 epigramma
1142 2285 1351 2346 (61-64
1374 2283 1390 2347 )
1422 2287 1536 2347 post
1558 2298 1770 2348 sequens

205 2355 258 2405 in
282 2358 565 2417 Neptunum
588 2356 810 2415 (65·08).
841 2373 865 2397 υ

270 2429 356 2485 82.
406 2441 431 2465 α
480 2426 552 2472 De
597 2421 751 2472 verbo
796 2425 971 2480 τέθηπα
1013 2423 1185 2472 monui
1220 2422 1285 2472 ad
1324 2422 1574 2486 opuscula
1622 2423 1769 2473 Pselli

243 2532 256 2543 .
290 2498 411 2544 253.
452 2513 475 2535 1»
511 2497 567 2544 B.

204 2509 239 2559 p
270 2569 352 2613 91.
398 2567 491 2613 Pro
530 2563 753 2617 ἄπλατος
797 2562 1014 2611 Boisson.
1047 2563 1292 2618 εῠπλεκτος
1326 2561 1553 2625 proponit
1592 2560 1655 2612 ad
1700 2565 1762 2622 V,

204 2649 285 2697 ep.
325 2636 437 2692 287,
466 2639 496 2681 6
519 2645 531 2676 :
554 2631 804 2680 εῦπλέκτου
825 2631 987 2694 βότρυν
1009 2631 1177 2692 κόμης.

266 2707 351 2752 96.
395 2721 421 2743 κ
461 2703 658 2749 Ἁκούων
676 2737 689 2760 ,
718 2698 888 2750 dictim
900 2719 921 2757 ;
965 2698 1079 2748 vide
1122 2701 1224 2749 not.
1267 2699 1332 2748 ad
1370 2698 1600 2749 Philostr.
1643 2701 1759 2749 Her.

202 2787 249 2836 p.
279 2775 395 2821 307.
424 2790 446 2813 υ
478 2774 533 2818 13.
768 2787 775 2794 ·

271 2846 381 2893 111.
420 2861 443 2885 ιι
476 2844 547 2891 De
568 2839 850 2905 'terpandro
866 2837 967 2902 egit
996 2836 1116 2888 nod.
1146 2837 1197 2887 in
1226 2838 1422 2901 Orpheo
1444 2849 1494 2900 p.
1522 2842 1577 2887 10
1605 2851 1763 2901 seqq„

201 2918 255 2963 et
278 2912 595 2976 peculiariter
610 2926 660 2975 p.
698 2917 755 2961 16
778 2910 840 2961 de
864 2922 993 2959 eare
1021 2922 1171 2971 quam
1198 2909 1353 2973 tangit
1382 2912 1543 2972 poeta.
1577 2928 1602 2953 ι
1640 2914 1699 2959 Β.

270 2989 379 3033 125.
420 3002 444 3026 ει
468 2986 653 3032 Locum
678 2981 877 3031 adhibet
901 2982 952 3029 et
976 2980 1190 3029 illustrat
1210 2980 1365 3029 Klein.
1395 2982 1466 3029 De
1489 2980 1766 3030 stesichoro

200 3068 248 3118 p.
288 3062 366 3104 ¹6.
402 3074 427 3097 ιο
456 3058 518 3105 B.

268 3130 379 3176 139.
412 3144 437 3169 «ι
464 3128 539 3175 De
578 3129 741 3187 Auges
774 3125 826 3173 et
851 3120 1071 3171 Herculis
1114 3120 1275 3169 sabula
1306 3120 1418 3170 vide
1442 3122 1672 3170 Creuzer.
1702 3120 1767 3171 ad

201 3198 381 3247 liccat.
412 3207 461 3257 p.
492 3198 552 3244 48
574 3198 625 3244 et
648 3198 768 3253 233;
796 3190 1003 3241 clavier.
1038 3190 1099 3239 ad
1131 3190 1353 3254 Apollod.
1395 3193 1435 3240 t.
1466 3192 1531 3251 Il,
1563 3204 1611 3253 p.
1638 3194 1762 3252 4¹⁵3

108 3325 117 3332 ο
200 3264 385 3314 matth.
417 3264 482 3313 ad
508 3263 674 3332 iiurip.
705 3268 891 3326 Augen.
928 3280 952 3304 υ
975 3264 1034 3310 Β.

270 3341 381 3395 155,
406 3333 491 3389 lin.
534 3336 565 3383 4
602 3331 791 3395 corrige
830 3351 854 3375 «ι
882 3329 1256 3395 propensionem
1289 3328 1664 3379 illustrandam
1688 3329 1762 3378 fa·

200 3405 359 3455 ciunt.
387 3425 413 3448 n

262 3480 381 3525 221.
408 3494 433 3517 ι
461 3476 537 3522 De
566 3468 806 3521 Cebrenia
836 3468 959 3519 urbe
978 3471 1029 3519 et
1061 3468 1255 3531 regione
1282 3464 1488 3516 Troadis
1516 3464 1631 3515 vide
1650 3468 1758 3515 Sta-

198 3560 308 3595 ver.
334 3544 401 3594 ad
426 3543 607 3606 Hygin.
645 3554 695 3604 p.
740 3542 843 3590 170.
868 3560 893 3583 ι»
917 3543 974 3589 Β.

260 3619 377 3665 243.
410 3633 435 3657 ι
461 3616 536 3663 De
561 3610 865 3676 Melampode
893 3610 1005 3659 vide
1044 3611 1213 3659 Franz.
1259 3607 1403 3656 Prael'.
1444 3605 1509 3655 ad
1549 3606 1763 3670 Scripto-

197 3696 278 3733 res
322 3679 820 3746 physiognomonicae,
854 3679 982 3729 inter
1008 3690 1133 3741 quos
1154 3679 1233 3727 est
1269 3674 1763 3739 Pseudo-Melampus

196 3768 245 3816 p.
280 3757 371 3811 24ς
400 3755 501 3803 not.
522 3749 587 3800 ad
602 3749 842 3799 Marinum
862 3762 913 3812 p.
934 3752 995 3799 88
1022 3750 1075 3797 et
1102 3746 1277 3797 Notitt.
1312 3748 1428 3796 Mes.
1458 3747 1499 3794 t.
1528 3746 1611 3803 xl,
1632 3747 1759 3807 part.

198 3830 244 3881 2,
276 3836 330 3885 p.
363 3824 439 3869 88.
469 3846 534 3858 -
552 3824 662 3869 245.
690 3821 763 3867 De
786 3817 1012 3867 hocloco
1031 3820 1077 3865 J.
1103 3818 1159 3867 B.
1196 3815 1315 3865 Pius
1335 3816 1539 3865 Annott.
1570 3814 1759 3863 Poster.

195 3904 247 3940 c.
290 3893 395 3939 193.
425 3908 448 3931 ‘³
472 3891 537 3937 B.

260 3964 382 4009 263.
421 3960 514 4007 mc
536 3958 691 4007 Boiss.
734 3959 903 4007 contra
940 3954 1227 4005 Jacobsium
1250 3954 1534 4018 disputabat
1570 3953 1634 4005 de
1668 3966 1749 4003 ac·

194 4032 347 4079 centu
374 4027 557 4092 proprii
586 4028 773 4089 Ἀγλαός
787 4065 800 4087 ,
832 4026 921 4077 sed
934 4026 1089 4089 major
1112 4038 1225 4088 pars
1248 4024 1392 4087 periit
1420 4028 1551 4073 notae
1575 4024 1626 4073 in
1640 4022 1749 4072 haec

193 4098 493 4151 desinentis:
522 4117 547 4141 οι
568 4096 777 4147 Videad
794 4110 899 4159 cap.
921 4099 981 4156 V,
1001 4109 1078 4157 ep.
1108 4101 1157 4154 9,
1183 4098 1333 4156 1;ep.
1370 4098 1472 4155 154,
1500 4098 1604 4154 185,
1631 4097 1753 4154 218;

197 4174 285 4233 vl,
312 4184 394 4233 ep.
425 4176 529 4220 125.
558 4190 582 4212 ιι
607 4170 722 4217 l‘ost
753 4182 951 4218 versum
981 4170 1067 4217 267
1097 4164 1473 4215 Boissonafflam
1499 4166 1555 4214 οὐ
1580 4166 1755 4223 σώζον-

194 4259 289 4290 ται.

773 4485 1036 4541 CAPUT
1076 4486 1184 4540 111.

252 4630 524 4681 Meineltius
551 4628 603 4679 in
628 4629 873 4690 Philologo
905 4631 1040 4686 1860,
1072 4640 1129 4692 p.
1177 4630 1261 4677 158
1291 4637 1393 4689 seq.
1425 4644 1437 4673 ι
1464 4642 1488 4666 ει
1516 4622 1755 4685 Cyzicena

192 4702 303 4751 haec
322 4700 673 4764 epigrammata
698 4699 758 4748 ab
786 4697 981 4748 homine
999 4694 1423 4760 indiligentissimo
1441 4697 1492 4744 et
1520 4692 1752 4743 indoctis-

192 4772 319 4820 simo
363 4772 517 4820 relata
555 4772 672 4819 sunt
714 4783 773 4818 ex
818 4764 1173 4825 marmoribus,
1212 4764 1300 4827 qui
1333 4764 1417 4813 ubi
1456 4761 1751 4825 scripturam

192 4854 323 4904 saepe
343 4838 613 4889 deletitiam
650 4852 747 4887 non
779 4834 1145 4896 assequebatur,
1181 4831 1491 4896 impudenter
1516 4844 1605 4881 sua
1633 4830 1747 4879 bar-

190 4910 377 4958 baraet
401 4908 567 4971 inepta
586 4906 802 4969 antiquis
829 4904 1174 4954 substituebat.
1209 4904 1383 4953 Nativa
1406 4902 1535 4951 enim
1562 4900 1751 4963 elegan-

189 4980 261 5028 tia
280 4978 334 5027 in
358 4978 437 5027 his
460 4976 717 5040 poematiis
736 4975 885 5025 etiam
898 4986 1028 5023 nunc
1048 4973 1357 5037 agnoscitur3
1378 4984 1529 5033 quare
1556 4982 1750 5019 summa

188 5048 369 5111 injuria
412 5045 571 5097 critici
612 5046 675 5095 ad
710 5045 870 5108 ipsum
920 5045 1169 5093 auctorem
1212 5041 1484 5092 carminum
1527 5040 1747 5090 referunt

1921 604 2009 652 ΠΙ.
2035 633 2098 646 -
2121 622 2145 646 ει
2172 605 2434 658 Historiam
2460 608 2706 659 illustrant
2737 610 2944 660 Clavier.
2973 609 3038 659 ad
3070 612 3289 675 Apollod.
3327 617 3417 674 ΠΙ,

1866 676 1940 732 14,
1959 686 2009 736 p.
2029 677 2148 734 4633
2167 677 2408 728 Meziriac.
2423 679 2487 728 ad
2515 678 2659 729 ovid.
2683 679 2834 742 Epist.
2856 682 2894 729 t.
2915 681 2956 738 1,
2985 693 3034 742 p.
3059 686 3165 731 251.
3198 703 3220 726 υ
3244 688 3298 732 Β.
3321 684 3419 742 Qui

1862 742 1925 791 ad
1943 745 2128 793 Tzetzae
2145 746 2352 810 Allegor.
2380 762 2427 812 p.
2452 752 2508 798 27
2539 763 2552 794 t
2578 770 2602 793 ιι
2625 752 2783 799 Versu
2813 757 2839 798 2
2859 748 3023 798 Codex
3052 753 3081 808 ἡ
3101 752 3142 800 δ’
3161 753 3318 804 ἐθέὶει.
3340 753 3417 803 Nil

1862 814 2151 865 mutandum
2187 821 2307 868 erat.
2348 819 2601 870 Junxorim
2643 820 2794 883 ἐρύκει
2821 821 3054 878 Φοίνικος·
3082 825 3114 880 ἡ
3143 822 3184 872 δ’
3213 825 3414 874 ἐθέλει...

1867 884 2128 935 Alcimede
2151 901 2401 951 sponsum
2427 893 2716 954 Amyntam
2737 907 2772 942 a
2794 891 3036 943 Phoenice
3054 893 3248 944 inhibet
3270 891 3418 958 fillo,-

1866 952 1982 1002 vult
2015 957 2195 1005 atatem
2216 961 2392 1020 patris
2417 963 2557 1010 iram
2582 961 2821 1025 placare.
2852 965 3078 1014 Potuisse
3099 963 3296 1014 videtur
3321 965 3415 1028 epi-

1863 1027 2262 1088 grammatarius,
2305 1029 2385 1078 cui
2429 1030 2525 1079 suit
2551 1036 2733 1079 παῦσαι
2771 1044 2860 1094 pro
2887 1034 3133 1092 trochaeo,
3177 1035 3416 1091 Φοίνικος,

1864 1107 1962 1142 usu
2001 1094 2258 1159 despecto,
2297 1099 2454 1150 facere
2493 1098 2758 1162 dactylum.
2803 1121 2825 1144 υ
2870 1104 3030 1152 Versu
3073 1108 3091 1153 1
3137 1103 3418 1164 Ἀλκιμὲδεια

1864 1165 2080 1214 σύνευνον
2104 1167 2389 1219 Meinekius.

1924 1305 2011 1353 lv.
2042 1331 2102 1340 -
2126 1308 2172 1355 3.
2192 1325 2215 1348 κ
2238 1307 2310 1355 De
2324 1306 2578 1370 Cleopatra
2599 1306 2764 1356 Phinei
2786 1321 2934 1358 uxore
2961 1308 3169 1360 clavier.
3195 1307 3262 1358 ad
3279 1309 3418 1374 Apol·

1862 1373 1963 1424 lod.
1999 1377 2036 1424 t.
2065 1377 2129 1436 11,
2160 1389 2211 1439 p.
2241 1380 2346 1427 177.
2378 1397 2402 1420 υ
2436 1382 2494 1428 Β.

1925 1516 2002 1634 *ib
2019 1521 2136 1570 -2
2165 1521 2341 1577 μιανεῖν
2373 1515 2656 1578 Meinekius‚
2702 1517 2814 1567 coll.
2857 1517 3031 1567 Schael'.
3062 1517 3126 1568 ad
3153 1518 3418 1568 Gnomicos

1860 1597 1911 1647 p.
2007 1619 2020 1632 .

1921 1719 2006 1766 1x.
2047 1747 2104 1760 -·
2134 1721 2182 1768 4.
2217 1719 2570 1780 Καθεζομὲνους.
2614 1739 2638 1764 α
2667 1722 2775 1770 Hoc
2811 1719 3021 1771 illustrat
3049 1724 3166 1772 otto
3193 1721 3321 1772 Jahn
3366 1725 3418 1774 in

1861 1786 2020 1837 Berol.
2050 1787 2208 1836 annal.
2241 1787 2466 1840 archaeol.
2505 1794 2640 1849 1853,
2663 1793 2774 1840 Oct.
2805 1803 2853 1854 p.
2885 1783 2989 1850 127,
3019 1792 3195 1842 collato
3217 1795 3418 1856 speculo

1860 1857 1911 1906 in
1938 1859 2062 1906 Mus.
2091 1859 2291 1920 Gregor.
2323 1861 2364 1916 Ι,
2390 1865 2468 1920 22,
2490 1860 2576 1908 ubi
2602 1861 2812 1922 juvenes
2838 1860 2938 1911 duo
2961 1861 3014 1910 in
3048 1863 3180 1912 saxis
3212 1862 3414 1923 sedent,

1860 1926 2023 1977 media
2039 1931 2200 1979 stante
2217 1931 2386 1978 Inone.
2411 1948 2435 1972 υ
2475 1930 2658 1994 Wolff.

1923 2070 1978 2116 X.
2015 2098 2073 2110 -
2109 2087 2132 2111 «ι
2167 2071 2290 2118 Sunt
2317 2083 2430 2132 qum
2462 2070 2561 2120 huc
2597 2070 2778 2122 faciant
2815 2072 3021 2123 collecta
3056 2086 3086 2122 a
3109 2075 3316 2124 Matthia
3349 2074 3413 2125 ad

1860 2138 2102 2201 Euripidis
2134 2141 2444 2203 Hypsipylen.
2487 2161 2510 2186 υ
2544 2145 2606 2191 Β.
2637 2171 2696 2182 -
2716 2148 2744 2191 2
2773 2143 3030 2205 Ὕψιπὺλαν
3057 2147 3200 2194 ἱκέτιν
3229 2145 3416 2196 Meine-

1862 2207 1994 2267 kius‚
2039 2211 2098 2258 ut
2145 2209 2194 2257 in
2239 2211 2367 2260 notis
2405 2213 2764 2262 mss.·sacobs.
2809 2239 2870 2249 —
2907 2217 2936 2262 8
2977 2213 3097 2275 ἦμος
3143 2215 3415 2278 ἀπούρας

1858 2278 2085 2337 Meinek„
2106 2278 2403 2342 probabilius
2427 2295 2577 2343 quam
2595 2281 2762 2332 ceteri.

1919 2417 2046 2467 xlv.
2080 2442 2145 2454 —
2185 2421 2232 2468 4.
2269 2419 2380 2468 Ἐπὶ
2421 2423 2526 2480 γᾶς
2557 2421 2678 2482 (pro
2713 2419 2803 2483 γᾷ)
2845 2420 3162 2485 probabiliter
3205 2423 3418 2476 correxit

1857 2486 2020 2537 Boias.
2050 2487 2115 2536 ad
2137 2487 2416 2538 Clioricium
2448 2503 2496 2553 p.
2530 2493 2637 2539 318.

1918 2633 2024 2680 XV.
2055 2657 2117 2668 —-
2148 2637 2190 2680 1.
2215 2651 2238 2674 «ι
2268 2634 2396 2694 Lege
2426 2649 2439 2680 ι
2474 2633 2644 2682 Οὐκέτι
2675 2633 3046 2696 Προιτιιιίδου
3081 2636 3218 2698 φόνον
3249 2638 3412 2702 ἔσχεθε

1857 2703 1989 2750 Βελλ.
2011 2721 2034 2743 ’³
2061 2703 2118 2751 M
2119 2701 2283 2752 einek.

1918 2843 2048 2892 XVI.
2097 2869 2157 2881 —
2204 2862 2228 2885 α
2283 2843 2410 2894 Vide
2457 2845 2678 2896 Matthias
2727 2847 3027 2897 collectanea
3066 2845 3131 2897 ad
3162 2847 3411 2913 Euripidis

1855 2913 2171 2976 Melanippen.
2198 2932 2222 2956 υ
2263 2918 2322 2963 Β.
2353 2941 2416 2951 -
2441 2919 2468 2964 4
2505 2916 2555 2972 ὃς
2595 2915 2636 2965 δ’
2664 2916 2737 2979 ἄρ’
2771 2918 2852 2967 ἀπ’
2886 2916 3111 2978 Ἀονίης
3137 2917 3410 2971 Meinekius

1854 2996 1944 3045 pro
1965 2983 2144 3033 misero
2171 2984 2263 3033 ἀπὸ
2287 2985 2527 3045 Βοιωτίης.
2845 2990 2856 3001 '

1914 3123 2070 3243 {XIL
2085 3149 2166 3243 B·-
2189 3142 2213 3166 ιι
2243 3121 2381 3173 Adde
2409 3123 2621 3187 catalog.
2650 3124 2812 3174 Clark.
2839 3138 2870 3173 a
2903 3123 3184 3175 Gaist'ordio
3219 3125 3411 3177 editum

1853 3204 1902 3255 p.
1991 3228 2004 3240 .
2035 3214 2060 3237 ι»
2139 3226 2153 3241 .

1914 3333 2086 3383 xvm.
2111 3358 2171 3368 -—
2195 3352 2218 3372 a
2248 3334 2306 3381 In
2325 3332 2554 3382 lemmate
2571 3345 2738 3396 apogr.
2770 3333 2882 3381 Par.
2906 3332 2953 3379 ἐν
2971 3332 3021 3381 δὲ
3039 3336 3108 3394 τῷ
3137 3334 3201 3382 m
3220 3334 3410 3391 Κλὲοδίς

1852 3418 1903 3451 τε
1925 3403 2006 3451 καὶ
2031 3404 2090 3451 Β.
2133 3404 2206 3451 De
2240 3400 2420 3464 quibus
2450 3402 2634 3452 multos
2673 3400 2892 3451 indicant
2929 3400 3065 3451 locos
3101 3401 3316 3453 Fischer.
3346 3402 3412 3453 ad

1852 3472 2053 3522 Axioch.
2095 3477 2149 3521 1ο
2168 3509 2182 3531 ,
2225 3471 2412 3521 Fabric.
2460 3472 2526 3521 ad
2561 3474 2763 3522 Sextum
2809 3474 2950 3532 Emp.
2993 3472 3169 3533 Hypot.
3196 3472 3284 3532 111,
3319 3476 3406 3533 24,

1853 3558 1903 3608 p.
1929 3549 2036 3594 286.
2074 3542 2199 3592 Vide
2235 3546 2284 3593 et
2311 3542 2511 3606 Hering.
2543 3543 2752 3595 observ.
2779 3556 2828 3605 p.
2859 3545 2936 3591 29.
2967 3541 3112 3591 conf.
3141 3540 3273 3591 infra
3305 3548 3408 3606 Ap·

1852 3614 1998 3679 peud.
2029 3627 2110 3677 ep.
2147 3618 2255 3664 264.
2293 3633 2317 3656 n
2353 3616 2412 3662 B.

1912 3749 2038 3797 xlx.
2058 3774 2120 3783 —
2147 3752 2194 3795 2.
2226 3765 2250 3789 c<
2285 3742 2607 3795 scribendum
2633 3752 2648 3795 ὲ.
2677 3743 2900 3807 Ῥῶμόν
2933 3758 2986 3793 τι
3019 3746 3162 3799 ξυνῶν
3189 3745 3271 3793 καὶ
3295 3746 3406 3795 ‘Pc-

1850 3819 1928 3883 μῦ
1943 3820 2030 3867 λον
2054 3820 2245 3879 λεχέων.
2277 3834 2301 3858 υ
2323 3814 2543 3865 ΜεῐιιεΙί.

2429 4100 2695 4157 CAPUT
2735 4102 2838 4157 lv,

1910 4268 1952 4315 1.
1980 4292 2040 4302 —
2066 4268 2144 4314 47.
2173 4282 2196 4305 «ι
2221 4266 2295 4312 De
2326 4262 2538 4311 formula
2563 4262 2638 4310 ναὶ
2669 4262 2758 4323 μὴν
2787 4261 2866 4308 καὶ
2891 4258 3001 4309 vide
3027 4260 3131 4309 not.
3158 4256 3221 4308 ad
3247 4257 3402 4310 Nloet.

1848 4340 2031 4401 Eugen.
2061 4349 2108 4398 p.
2138 4338 2248 4390 387,
2287 4332 2352 4382 ad
2380 4333 2556 4381 Simoc.
2598 4344 2645 4395 p.
2680 4334 2804 4389 204,
2829 4329 2894 4379 ad
2928 4329 3214 4379 zachariam
3243 4328 3396 4392 Mityl.

1846 4422 1894 4472 p.
1926 4411 2004 4465 94,
2039 4410 2110 4463 18,
2127 4404 2188 4453 ad
2204 4403 2485 4453 Clioricium
2505 4416 2552 4465 p.
2575 4405 2684 4452 328.
2704 4401 2845 4451 Cous.
2877 4402 2927 4449 et
2945 4399 3162 4463 Agathiae
3188 4412 3399 4463 procem.

1846 4477 1974 4528 infra
1996 4489 2044 4524 v,
2075 4482 2154 4527 82..
2185 4476 2303 4522 Eam
2335 4473 2457 4522 citra
2478 4472 2820 4521 necessitatem
2849 4469 3118 4519 Brunckius
3141 4468 3402 4519 substituit

1846 4547 1994 4599 modo
2021 4561 2071 4595 V.
2101 4551 2160 4595 43
2183 4544 2378 4606 scriptae
2398 4541 2598 4592 lectioni
2615 4544 2695 4590 καὶ
2713 4542 2802 4602 μὴν
2825 4541 2921 4589 καί.
2949 4560 2972 4583 υ
2995 4542 3058 4590 Β.

1906 4691 1995 4739 IV.
2026 4712 2087 4723 -
2107 4691 2153 4737 7.
2186 4706 2208 4729 α
2227 4688 2298 4735 De
2330 4684 2482 4735 verbo
2510 4684 2806 4748 βρενθύεσθαι
2836 4678 2950 4729 vide
2979 4680 3084 4729 not.
3104 4677 3168 4729 ad
3197 4678 3402 4728 zachar.

1844 4757 2003 4820 Mityl.
2030 4770 2079 4821 p.
2109 4760 2219 4807 429.
2241 4776 2266 4799 ..
2297 4758 2360 4806 Β.
