3829 5747
1282 228 1849 293 PROLEGOMENA
1890 178 2299 290 BREVIORA.

3277 238 3375 301 xxi
3383 240 3420 314 ἰ]

230 360 571 419 Constantini
601 358 871 438 Cephalae
907 360 979 418 ad
1024 360 1198 438 hujus
1237 364 1556 443 apographi
1589 363 1761 422 fidem
1867 378 2098 435 rerunt,
2123 382 2310 441 neque
2337 382 2470 442 spes
2502 364 2738 443 affulget
2765 386 2864 425 eas
2890 368 3287 428 continuatum
3310 372 3420 445 iri;

230 450 443 509 edendae
470 450 665 508 denuo
708 450 959 526 suscepi.
1006 450 1137 509 naec
1174 471 1409 530 quoque
1446 453 1629 511 editio
1668 451 1771 509 Li-

230 539 354 617 psiae
388 536 645 615 prodiit,
664 538 836 596 annis
866 538 1011 598 1813
1040 551 1098 595 01
1133 539 1317 611 1814,
1344 538 1575 599 duobus
1602 541 1773 598 volu·

234 624 471 685 minibus
492 625 933 705 comprehensa,
954 645 1087 703 quae
1110 639 1321 705 praeter
1348 640 1569 686 textum
1594 647 1773 686 mem·

230 716 525 775 branarum
543 759 561 785 ‚
584 714 647 771 in
670 712 769 771 XV
796 712 982 771 libros
1010 714 1138 772 sive
1162 715 1349 792 capita
1371 715 1773 791 distributum,

231 804 617 882 supplementa
688 801 864 860 habet
929 802 1411 879 epigrammatum
1468 802 1775 880 Florilegii

232 890 497 951 Plauudei
538 910 669 968 quae
716 891 780 949 in
820 889 1097 949 Vaticano
1143 888 1299 949 libro
1342 891 1771 963 desiderantur,

231 979 588 1058 appendicem
619 991 903 1058 praeterea
937 999 1139 1036 eornm
1169 998 1301 1057 quae
1339 980 1403 1038 in
1442 980 1577 1040 aliis
1603 980 1777 1039 libris

230 1067 381 1125 editis
420 1081 477 1126 et
508 1068 569 1125 in
615 1066 1010 1126 marmoribus
1039 1068 1329 1142 leguntur.
1360 1068 1451 1126 Ad
1491 1068 1609 1127 duo
1655 1069 1778 1127 haec

230 1156 519 1215 volumina
572 1156 817 1213 accessit
870 1174 1023 1214 anno
1084 1157 1232 1228 1817
1297 1157 1529 1215 tertium
1550 1157 1775 1241 „quod

234 1262 443 1301 omnem
492 1240 565 1301 a‘d
617 1242 1035 1321 epigrammata
1082 1255 1421 1321 apparatum
1472 1243 1736 1303 criticum
1756 1288 1773 1317 ,

234 1342 333 1387 tam
348 1350 421 1389 ex
438 1329 745 1389 codicibus
764 1350 936 1408 quam
966 1348 1041 1388 ex
1068 1330 1365 1389 veteribus
1388 1333 1777 1407 grammaticis

1865 464 1923 511 et
1947 451 2009 508 in
2042 452 2273 507 Thomae
2295 450 2611 525 Gaissordie·
2625 496 2642 525 ,
2669 454 2788 511 viri
2813 454 3202 530 celeberrimi,
3226 458 3423 518 Poetis

1868 537 2224 611 minoribus,
2255 540 2359 615 qui
2387 552 2446 597 et
2474 540 2591 598 alia
2617 542 2874 619 plurima
2905 556 2963 601 et
3004 545 3422 622 epigrammata

1865 626 2040 684 etiam
2054 626 2376 685 Simonidis
2390 670 2406 699 ‚
2426 626 2725 687 Theocriti
2748 673 2765 700 ,
2787 629 3149 703 Callimachi,
3175 633 3423 693 aliorum

1866 714 2351 793 complectuntur,
2383 714 2456 772 ad
2486 718 2932 775 commentarios
2972 717 3058 776 ibi
3087 738 3160 777 ex
3204 723 3424 779 nostris

1866 802 2146 880 repetitos
2178 821 2362 879 pauca
2387 801 2694 861 admodum
2723 823 2795 861 ex
2825 806 3087 883 propriis
3110 806 3421 867 clarissimi

1866 888 2113 947 editoris
2142 888 2426 949 thesauris
2454 904 2843 952 accesserunt.

1949 1172 2084 1232 Haec
2110 1172 2417 1232 Jsconsms
2457 1175 2696 1253 scripsit
2736 1193 2889 1233 anno
2924 1177 3072 1234 1826
3091 1218 3110 1249 ,
3141 1198 3259 1255 quo
3286 1199 3428 1259 pro-

1868 1259 1980 1318 diit
2023 1261 2232 1319 Gothae
2277 1264 2534 1319 Deiectus
2570 1268 3039 1336 epigrammatum
3077 1284 3426 1338 gracorum,

1868 1366 2020 1425 opus
2047 1348 2456 1427 dignissimum
2486 1350 2630 1408 tanti
2660 1350 2916 1410 nominis
2939 1352 3094 1413 viro.
3125 1349 3426 1411 Per-dura-

232 1418 636 1495 dOdOfflmque
708 1418 976 1476 Virorum
1048 1417 1330 1497 Operibus
1416 1420 1775 1493 derivatum,
1869 1438 1959 1495 vit
1985 1450 2176 1496 autem
2203 1456 2379 1515 quam
2410 1450 2531 1496 tum
2555 1438 2922 1515 significabat
2950 1458 3144 1498 rerum
3171 1440 3431 1501 conditio

232 1505 659 1583 001111).Μὶῑῦΐί
706 1504 917 1583 hisque
950 1505 1205 1580 ‘allectus
1236 1520 1323 1565 0⁵⁸
1356 1505 1597 1567 libella-³
1628 1529 1781 1587 1²¹⁸ae-
1868 1544 2056 1603 nsque
2085 1525 2158 1585 ad
2188 1545 2404 1585 annum
2442 1528 2591 1593 1840
2613 1568 2632 1603 ,
2660 1545 2778 1603 quo
2804 1527 3111 1587 Aucusrus
3135 1526 3429 1601 Mersus,

231 1594 606 1653 stantissimus
630 1592 947 1653 lectionum
970 1613 1044 1651 ex
1066 1594 1215 1673 ipsis
1242 1594 1597 1655 membranis
1619 1615 1770 1674 qnae,
1820 1579 1833 1681 Ι
1870 1612 1967 1671 vi,-
1995 1614 2248 1673 eximius
2269 1658 2285 1687 ‚
2318 1614 2580 1675 Berolini
2611 1613 2796 1673 edidit
2825 1617 3114 1674 Dete-ctum
3137 1631 3432 1692 poetarum

232 1680 355 1738 dum
388 1700 546 1739 nova
569 1681 755 1740 editio
782 1682 944 1758 typis
965 1680 1431 1759 exscribebatur,
1458 1682 1617 1743 bello
1642 1685 1781 1744 feli-

230 1768 361 1825 citer
383 1767 702 1847 profligato
723 1811 741 1840 ,
763 1786 838 1827 ex
862 1767 1220 1827 bibliotheca
1238 1770 1522 1831 Vaticana
1550 1772 1783 1830 Heidel-

232 1853 449 1931 bergam
470 1856 789 1927 redierant,
814 1876 921 1935 per
948 1863 1253 1915 Antonium
1274 1854 1549 1917 Jacobu'm
1576 1863 1785 1917 Pauls-

228 1963 313 1998 sen
343 1942 687 2003 incredibili
719 1944 837 2003 sere
863 1943 1175 2020 diligentia
1201 1960 1504 2005 erutarum
1536 1946 1631 2023 (⁴).
1654 1948 1784 2019 Qua

232 2029 537 2105 conjuncta
598 2049 778 2109 opera
842 2031 1382 2111 supplementisque
1452 2035 1784 2096 utilissimis

228 2117 335 2193 jam
362 2118 657 2177 voluntati
695 2138 901 2177 eorum
946 2120 1049 2197 qui
1094 2120 1159 2177 in
1188 2120 1780 2181 Animadversionum

236 2218 555 2265 nostrarum
584 2205 997 2266 voluminibus
1021 2210 1439 2270 accuratiorem
1466 2210 1783 2271 lectionum

230 2294 833 2353 commemorationem
874 2308 935 2354 et
972 2298 1409 2357 aestimationem
1454 2300 1785 2377 requisive-

234 2396 384 2454 rant,
426 2382 793 2442 satisfactum
840 2384 1033 2444 videri
1080 2399 1338 2464 poterat,
1384 2386 1581 2465 posito
1601 2428 1619 2458 ,
1666 2408 1785 2465 quo

234 2470 578 2547 anthologia
608 2472 778 2549 prins
804 2486 1070 2532 caruerat
1088 2516 1107 2545 ,
1151 2474 1525 2534 fundamento
1556 2476 1783 2553 solido,

234 2558 289 2615 in
314 2579 429 2635 quo
460 2559 573 2637 qui
599 2559 741 2619 huic
775 2561 940 2639 operi
982 2575 1083 2621 aut
1107 2562 1455 2622 illustrando
1494 2576 1552 2622 et
1580 2563 1789 2641 depra-

234 2650 373 2705 vatis
403 2648 466 2705 in
486 2666 563 2705 eo
585 2648 770 2720 10010,
800 2648 904 2727 qui
935 2649 1182 2727 plurimi
1210 2665 1379 2723 sunt,
1408 2651 1787 2713 emendandis

232 2754 453 2811 operam
514 2748 731 2793 navare
782 2736 1010 2810 velint,
1070 2740 1262 2797 securi
1316 2753 1375 2798 et
1428 2738 1789 2801 confidenter

236 2822 473 2898 vestigia
508 2840 731 2900 ponere
753 2837 1017 2902 possunt.

306 2913 505 2990 Neque
536 2925 731 2970 tamen
762 2911 838 2970 ab
860 2913 995 2972 aliis
1022 2927 1157 2992 post
1181 2914 1333 2975 hanc
1360 2918 1677 2978 editionem
1696 2963 1713 2993 ,
1736 2919 1784 2979 si

236 2997 301 3054 ab
332 2999 853 3061 emendationibus
903 3004 1205 3062 nonnullis
1262 3004 1454 3066 obiter
1496 3009 1785 3087 prolatis,

234 3086 843 3165 explicationibumlue
873 3090 1133 3149 locorum
1163 3096 1527 3169 quorundam
1572 3097 1789 3156 disces-

236 3174 397 3246 seris,
418 3175 720 3248 insignior
746 3176 808 3232 in
838 3176 943 3233 illo
964 3176 1275 3254 Florilegio
1307 3201 1485 3258 opera
1510 3183 1791 3242 collocata

232 3279 347 3320 esse
373 3263 641 3322 videtur.
678 3261 1133 3326 Observationes
1160 3269 1317 3326 enim
1362 3289 1397 3327 a
1428 3272 1562 3330 viro
1591 3273 1791 3331 erudi-

234 3351 487 3423 tissimo,
516 3351 689 3412 Fam.
722 3352 990 3425 Gan-10,
1019 3357 1121 3432 qni
1159 3371 1291 3415 ante
1317 3358 1425 3418 hos
1456 3361 1789 3438 quindecim

230 3455 405 3497 annos
486 3439 771 3516 Meleagri
841 3442 1099 3500 carmina
1167 3445 1397 3520 egregie
1476 3447 1793 3507 illustravit

234 3523 406 3603 (Lips.
434 3549 453 3584 1
468 3530 541 3586 81
558 3530 637 3604 1),
654 3547 774 3586 11011
792 3529 949 3586 ultra
968 3531 1263 3606 octoginta
1289 3533 1532 3610 paginas
1551 3555 1793 3614 procur·

1873 1702 2232 1777 Anthologioe
2261 1722 2476 1776 groecoe
2519 1722 2644 1759 cum
2675 1704 3036 1761 adnotatione
3075 1710 3292 1774 critica,
3328 1706 3434 1783 qui

1871 1790 2492 1866 praestantissimorum
2527 1790 2868 1849 criticorum
2904 1793 3158 1852 advertit
3203 1794 3434 1855 animos

1871 1888 1930 1933 et
1951 1877 2212 1936 incendit
2233 1877 2426 1937 studia
2450 1899 2464 1935 :
2488 1878 2642 1939 Gon.
2668 1879 2981 1937 Heumann
2997 1926 3013 1953 ,
3030 1880 3170 1943 Οϊι.
3192 1882 3436 1943 Scamn-

1874 1984 2040 2038 mtm,
2086 1964 2516 2037 scumnnwm,
2567 1964 2796 2025 Uncznr
2815 2009 2834 2040 ,
2894 1967 3125 2028 Grais-ru
3172 1984 3232 2029 et
3291 1972 3437 2031 alio-

1874 2069 2006 2109 rum
2037 2072 2184 2129 quos
2228 2053 2351 2113 suis
2395 2053 2544 2114 locis
2581 2073 2991 2115 memoramus.
3025 2054 3245 2118 Eodem
3289 2071 3434 2117 tem-

1874 2157 2020 2217 pore
2041 2139 2280 2217 juvenis
2324 2159 2462 2199 rara
2507 2154 2567 2200 et
2593 2141 2878 2200 doctrinae
2922 2142 3098 2220 copia
3141 2157 3199 2203 et
3225 2148 3437 2206 mentis

1876 2227 2318 2305 perspicacitate
2344 2243 2615 2302 ornatus,
2643 2230 2989 2302 Amnonsus
3011 2230 3269 2304 limus,
3301 2235 3440 2293 scri·

1876 2314 1997 2389 psit
2026 2313 2264 2373 uberem
2297 2319 2834 2375 Commentationem
2859 2324 3107 2375 criticam
3131 2322 3204 2377 de
3224 2322 3438 2381 Antho-

1878 2405 2036 2475 loge’a
2055 2424 2284 2478 groeca,
2319 2424 2448 2481 quae
2481 2403 2752 2481 Lugduni
2772 2404 2896 2466 Bat.
2925 2404 3146 2484 prodiit
3171 2426 3226 2465 a.
3260 2409 3434 2477 1843.

1876 2488 2176 2548 Decennio
2207 2505 2339 2570 post
2366 2490 2556 2549 eidem
2600 2505 2922 2551 retractatae
2947 2501 3274 2568 qua-stiones
3310 2504 3440 2572 epi-

1874 2579 2184 2653 graphe'cas
2207 2590 2266 2636 et
2296 2579 2410 2637 alia
2437 2597 2590 2636 nova
2617 2579 2874 2658 plurima
2891 2579 3149 2653 addidit,
3172 2602 3302 2659 quae
3329 2582 3441 2642 hoc

1878 2664 2074 2723 indice
2102 2663 2328 2744 publici
2363 2665 2518 2743 juris
2564 2666 2699 2725 fecit
2733 2688 2748 2725 :
2799 2670 3292 2728 Commentationis
3325 2678 3442 2729 cri·

1876 2759 2005 2810 ticoe
2030 2756 2104 2810 de
2124 2754 2467 2827 Anthologe'a
2494 2770 2690 2825 graeca
2719 2772 2851 2812 rins
2880 2773 3071 2811 amon.
3101 2754 3287 2831 Lugd.
3313 2757 3439 2820 Bat.

1885 2841 2061 2902 1852.
2113 2838 2343 2900 Partem
2393 2844 2634 2899 alteram
2678 2840 2930 2902 dolenda
2977 2863 3134 2904 mors
3186 2847 3442 2908 auctoris

1878 2928 2160 3009 abripuit.
2198 2930 2506 2988 Breviores
2543 2943 2642 2989 aut
2670 2931 2919 2990 minoris
2955 2933 3234 2993 momenti
3269 2932 3441 2996 libel·

1879 3016 1971 3076 los
2001 3036 2119 3075 non
2145 3029 2234 3075 est
2261 3029 2328 3074 ut
2353 3015 2451 3075 1110
2482 3035 2904 3097 memoremus,
2931 3018 3219 3080 indicatos
3240 3021 3304 3079 in
3340 3025 3442 3078 Be·-

1880 3106 2164 3162 bliotheca
2230 3112 2553 3182 scriptorum
2637 3109 2989 3165 classicorum
3059 3105 3442 3183 Engelmanni

1880 3212 1942 3269 p.
1975 3195 2170 3265 67—70
2199 3191 2295 3253 ed.
2318 3193 2620 3271 septimae.
2667 3191 2785 3252 Ubi
2824 3195 3106 3254 omissum
3133 3195 3444 3272 elegantis·

1883 3279 2020 3338 simi
2051 3280 2168 3337 viri
2195 3277 2267 3339 N.
2300 3279 2585 3339 P1ccoms
2613 3283 3036 3358 Supplememb
3062 3283 3446 3357 I'Anthologe'e

1879 3386 2120 3442 grecque
2143 3381 2441 3425 concertant
2455 3371 2555 3425 des
2571 3373 2946 3445 epigr-ammes
2962 3384 3021 3427 et
3033 3385 3220 3428 autres
3231 3374 3447 3446 poese'es

1885 3454 2096 3528 legeres
2139 3457 2367 3512 e'ne'de'tes
2381 3498 2400 3525 ,
2435 3460 2680 3533 pre'ce'de'
2709 3459 3145 3516 d'observations
3169 3479 3268 3516 sur
3290 3463 3446 3516 l’An-

1885 3541 2154 3616 thologe'e,
2189 3554 2298 3599 etc.
2322 3542 2512 3603 Paris.
2539 3545 2713 3602 1853.

1967 3628 2255 3704 Integram
2288 3633 2688 3707 Anthologiam
2699 3639 3028 3710 palau'nam
3042 3677 3059 3706 ,
3092 3655 3210 3712 quo
3239 3637 3445 3696 ordine

286 3698 345 3758 (⁶)
372 3697 528 3761 [Quo
556 3699 715 3762 magis
741 3690 954 3750 mirabar
983 3715 1137 3764 quum
1168 3702 1219 3752 in
1263 3705 1535 3756 Buheriano
1574 3710 1797 3774 exemplo

232 3765 561 3818 chhelianoe
613 3769 845 3820 editionis
884 3784 1003 3821 casn
1041 3773 1373 3836 conspicerem
1410 3776 1596 3840 aliquid
1613 3816 1625 3840 ‚
1664 3780 1795 3842 quod

226 3848 390 3886 omnies
416 3852 661 3889 numeros
681 3841 905 3891 veritatis
930 3841 1110 3893 habere
1140 3841 1413 3908 videbatur,
1435 3846 1538 3910 jam
1561 3862 1591 3898 a
1611 3851 1798 3900 Salma-

230 3905 299 3954 sio
323 3911 623 3959 annotatum
638 3948 651 3970 ‚
685 3923 715 3959 a
756 3911 975 3974 Spaletto
1010 3915 1063 3962 et
1088 3913 1371 3965 Paulssenio
1400 3929 1603 3979 prorsus
1638 3920 1799 3984 negle-

230 3979 387 4036 ctnm3
406 3980 611 4029 narravi
634 3979 845 4044 snpra.]

1886 3716 2068 3776 edidit
2102 3717 2444 3790 Jacobsius,
2476 3741 2686 3798 magno
2714 3735 2773 3781 et
2799 3724 2956 3782 felici
2985 3725 3179 3783 studio
3219 3725 3445 3801 primus

1886 3804 2094 3879 gallice
2140 3808 2317 3866 vertit
2360 3810 2456 3866 vir
2498 3821 2615 3867 tam
2659 3811 2848 3870 literis
2874 3831 3048 3890 qnam
3089 3810 3446 3871 humanitate

1888 3892 2044 3950 inter
2071 3913 2286 3972 paucos
2311 3899 2686 3975 conspicuus,
2717 3899 2776 3960 F.
2808 3903 2881 3960 D.
2914 3901 3222 3973 Duasque,
3252 3901 3441 3961 Paris.

1898 3981 2073 4056 1863,
2104 3983 2506 4043 voluminibus
2526 3986 2777 4048 duobus.

1578 4182 2148 4210 4-—

322 4358 491 4424 Haec
554 4378 705 4450 quo
765 4353 886 4425 die
928 4357 1323 4454 typothetis
1358 4365 1553 4454 misi,
1604 4367 2015 4439 delectabar
2046 4369 2473 4468 dulcissimis
2519 4373 2594 4442 in
2649 4375 3166 4446 Anacreontica
3204 4375 3446 4474 prole-

235 4478 563 4569 gomenis
600 4478 901 4548 Firmini
946 4481 1200 4574 Didot,
1259 4486 1846 4586 splendidissimae
1900 4517 2117 4590 quam
2161 4509 2365 4592 parat
2421 4495 2721 4567 editioni
2759 4499 3302 4595 praemittendis·
3343 4498 3450 4571 lbi

234 4625 300 4696 p.
348 4625 449 4697 29
510 4618 1131 4675 commemoratur
1175 4609 1609 4706 epigramma
1658 4640 1805 4712 qno
1853 4617 2225 4714 Antipater
2289 4617 2624 4690 Sidonius
2671 4624 3191 4695 Anacreontem
3251 4648 3448 4696 mor-

238 4733 437 4792 tuum
480 4720 909 4818 alloquitur,
942 4749 1099 4824 cap.
1156 4733 1306 4821 vll,
1339 4757 1454 4830 ep.
1496 4761 1613 4832 27.
1648 4739 1865 4834 Cujus
1897 4739 2159 4811 iterum
2204 4741 2507 4840 inspecti
2534 4767 2742 4814 versu
2791 4757 3046 4815 octavo
3096 4768 3290 4816 nunc
3337 4768 3452 4816 me

240 4846 549 4940 poenitet
588 4843 857 4916 horum
916 4874 934 4915 t
1005 4879 1039 4913 t<
1090 4851 1375 4924 λείὸων
1432 4855 1651 4958 νέκτάρ
1701 4865 1825 4930 ἀπὸ
1878 4861 2182 4933 στολίδων
2243 4865 2641 4955 Heckcrus;
2700 4865 3064 4961 legebatur
3121 4870 3248 4939 θλί
3262 4865 3302 4937 ὅ
3317 4896 3446 4958 ων,

240 4967 557 5064 imagine
602 4967 931 5040 ridicula.
990 5004 1024 5038 1)
1090 4978 1475 5074 Tantologa
1539 5000 1706 5056 sunt
1751 4987 1946 5057 enim
1997 5002 2075 5058 nt
2119 5013 2276 5085 quae
2322 4989 2629 5060 maxime
2681 4987 2935 5084 ἀμφίὸ
2951 5019 3084 5088 ροχ
3097 5021 3174 5075 ος
3235 4996 3454 5090 εἵματα
