3829 5747
452 201 568 261 508

449 331 762 379 mutaverunt
790 350 802 379 :
827 330 1096 393 Bruncliius
1116 342 1228 379 cum
1255 328 1491 379 salmasio
1509 329 1806 393 ἐναψόμενος,
1828 326 2005 378 Sladus

449 404 502 449 ct
529 403 775 449 l‘orsonus
801 400 864 449 ad
893 399 1144 461 Hephaest.
1171 412 1220 463 p.
1258 405 1314 449 10
1342 399 1492 449 Gaist‘.
1529 400 1829 463 ἐνοψόμενος,
1865 413 2004 449 rece-

450 474 592 533 ptum
635 484 666 519 a
705 470 880 530 Boiss.‚
913 469 1002 519 sed
1045 468 1178 532 apud
1209 472 1478 519 Porsonum
1518 473 1570 520 et
1607 484 1637 520 a
1680 470 1906 520 Jacobsio
1952 470 2003 519 in

449 544 618 589 nostro
647 541 864 603 exemplo
885 540 964 603 (in
983 540 1200 603 ipsisque
1218 540 1460 590 AnalectIs
1487 540 1566 591 ed.
1593 541 1723 605 Lips.
1747 543 1787 603 1,
1815 554 1865 604 p.
1893 540 2000 601 129)

449 610 683 673 scriptum
724 616 832 659 τᾶν
874 612 1099 671 Σαπφὼ
1140 610 1356 673 Χαρίτων
1406 611 1538 667 ἄνθος
1583 610 1884 673 ἐνοψόμινος,
1916 608 2003 673 qui

449 680 582 730 haud
621 681 770 731 dubie
793 682 1058 732 voluerunt
1091 682 1198 731 τάν
1235 683 1438 743 Σαπφὼ,
1467 684 1598 731 recte
1623 681 1936 745 repudiatum
1974 693 2003 729 a

449 751 604 801 Boiss.
631 753 740 813 lpse
767 754 870 801 Jac.
892 752 1082 814 χάριτας
1107 750 1170 801 de
1195 749 1492 800 carminibus
1519 750 1793 815 explicabat
1819 754 1870 800 et
1885 752 2003 799 Nos-

449 819 604 869 sidem
647 820 890 884 Sapphoni
931 820 1128 871 minime
1175 820 1326 872 fuisse
1381 823 1619 885 aaqualem
1664 822 1999 870 annotaverat.

447 891 698 943 Beckerus
732 909 744 939 ι

571 1040 684 1098 γᾶν
701 1038 913 1098 Σαπφοῦς
931 1074 946 1097 ,
975 1038 1178 1102 χαρίτων
1197 1036 1330 1093 ἄνθος
1353 1038 1515 1100 ἀμασ
1532 1040 1676 1099 αμέν
1691 1052 1780 1097 ας,

449 1176 506 1223 ut
524 1174 639 1225 alibi
667 1188 798 1237 soepe
825 1176 1125 1238 δρεψαμένης.
1152 1176 1246 1225 Cui
1267 1174 1618 1236 emendationi,
1645 1188 1734 1238 per
1758 1187 1812 1225 se
1837 1173 2005 1237 proba-

451 1244 536 1294 bili
551 1282 564 1306 ,
591 1258 760 1295 ansam
788 1246 1061 1308 praebuerat
1082 1246 1299 1307 Jacobs„
1333 1246 1448 1295 olim
1471 1245 1731 1309 propositis
1759 1244 1999 1305 ἀμησόμε·

447 1333 522 1371 νος
540 1318 592 1365 ct
617 1316 774 1365 ἄνθεσι
807 1320 1106 1379 γαννυμὲνιις.
1138 1316 1352 1367 Verbum
1379 1330 1474 1365 non
1501 1314 1729 1377 tangebat
1757 1313 2003 1362 Bentleius

446 1386 498 1435 in
538 1386 742 1435 Dissert.
779 1384 980 1435 Phalan-
1002 1401 1052 1450 p.
1099 1392 1204 1447 198,
1231 1400 1388 1450 neque
1409 1386 1675 1436 Meinekius
1708 1399 1755 1447 p.
1783 1391 1813 1433 9
1837 1403 1848 1431 :
1877 1382 2003 1431 bene

449 1456 633 1505 factum
647 1492 660 1514 ,
691 1468 806 1504 nam
829 1456 880 1504 in
903 1456 1084 1506 talibus
1116 1456 1384 1507 verendum
1405 1470 1466 1505 ne
1491 1455 1716 1505 deleatur
1732 1451 1866 1516 quod
1887 1466 2001 1501 con·

447 1524 581 1575 sulto
619 1524 692 1574 sic
719 1524 978 1589 scripserat
1005 1530 1152 1590 poeta
1165 1566 1177 1587 ‚
1219 1540 1514 1589 quamquam
1554 1525 1702 1575 hodie
1731 1538 1828 1573 non
1861 1523 2003 1586 plane

447 1593 787 1658 intelligimu53
829 1609 987 1658 neque
1021 1598 1345 1661 corruptionis
1382 1596 1597 1659 suspicio
1629 1595 1763 1659 justa
1787 1593 1919 1643 cadit
1954 1593 2003 1642 in

447 1666 770 1729 ἐναυσὸμενος.
793 1669 865 1715 Ex
902 1666 1175 1731 hospitibus
1199 1668 1448 1717 tumulum
1484 1662 2002 1729 praeternavigantibus

447 1750 533 1785 eos
559 1735 744 1798 alloqui
768 1736 980 1798 videtur,
1006 1737 1185 1799 quibus
1201 1752 1231 1787 a
1251 1738 1384 1801 poesi
1401 1750 1494 1785 non
1519 1734 1686 1785 alienis
1701 1772 1714 1795 ‚
1731 1746 2001 1783 commora-

443 1806 515 1857 tio
537 1805 778 1869 Mytilenas
801 1807 948 1856 etiam
981 1806 1116 1856 hunc
1143 1808 1356 1857 fructum
1385 1806 1589 1856 allatura
1624 1805 1713 1865 sit,
1735 1807 1792 1853 ut
1816 1803 2003 1853 Lesbioe

444 1876 712 1925 carminum
727 1877 983 1927 veneribus
1000 1876 1050 1926 in
1062 1878 1168 1941 ipsa
1193 1878 1392 1940 poetrim
1413 1877 1568 1941 patria
1577 1875 1791 1925 vividius
1807 1876 2002 1936 tangan-

443 1949 544 2005 tur,
563 1948 616 1995 et
645 1946 971 1997 accendantur
1011 1948 1186 1997 animis
1221 1947 1344 1997 adeo
1372 1951 1428 1997 ut
1465 1946 1549 1996 tali
1576 1945 1777 1995 consilio
1803 1944 1922 1994 illuc
1947 1958 2001 1995 se

444 2014 664 2065 conferre
691 2014 788 2065 dici
804 2016 1008 2079 possint.
1042 2020 1142 2067 Hos
1169 2017 1293 2067 seire
1320 2016 1427 2066 vult
1448 2020 1498 2065 et
1529 2016 1816 2077 Mytilenaeis
1840 2014 2001 2065 dicere

444 2089 592 2139 etiam
609 2093 871 2141 Locrenses
890 2090 1070 2141 habere
1103 2092 1337 2155 virginem
1367 2091 1521 2141 Musis
1539 2090 1782 2140 dilectam.
1803 2117 1864 2125 —
1891 2095 1940 2150 3,
1970 2096 1998 2139 4

448 2159 558 2221 φίλα
570 2166 703 2217 τῆναι
740 2177 790 2210 ἰε
809 2164 969 2224 >.οκρὶσ
989 2177 1052 2210 σα
1071 2163 1240 2210 τίκτειν
1270 2162 1392 2217 ἴσαις
1413 2160 1451 2210 δ’
1471 2162 1539 2210 ὅτι
1559 2178 1636 2224 μοι
1657 2161 1838 2211 Codex.
1870 2166 1997 2220 Qum
2044 2183 2048 2212 ι

444 2230 690 2279 Bentleius
719 2230 787 2279 ita
820 2230 1089 2294 corrigebat
1124 2252 1136 2280 ι
1172 2234 1234 2287 ὡς
1260 2233 1499 2281 Μούσαισι
1527 2232 1662 2293 φίλα,
1689 2232 1804 2294 τὴνᾳ
1829 2248 1878 2281 τε
1906 2234 1999 2281 Δό-

444 2316 616 2361 κρισσα
649 2299 870 2363 (poetria)
897 2300 1048 2349 τίκτεν
1070 2302 1178 2355 ἴσας
1214 2302 1299 2361 (sc.
1341 2302 1584 2364 χάριτας),
1605 2302 1673 2349 ὅτι
1703 2302 1744 2348 (ι’
1775 2304 1820 2350 οἱ
1853 2303 1997 2362 rafim,

447 2390 469 2411 «ι
496 2369 726 2420 ultimum
767 2374 968 2430 temere,
1004 2384 1156 2433 quum
1201 2371 1383 2434 smpius
1421 2371 1937 2435 epigrammatcgraphi
1972 2386 2001 2421 a

444 2440 588 2489 tertia
607 2454 812 2503 persona
833 2442 896 2491 ad
911 2441 1116 2504 primam
1129 2478 1143 2500 ‚
1175 2455 1204 2490 a
1224 2442 1380 2504 prima
1409 2441 1472 2489 ad
1501 2441 1692 2491 tertiam
1721 2444 1996 2503 transeant;

443 2523 596 2571 quare
619 2511 784 2561 malim
813 2512 964 2561 τίκτεν
977 2512 1085 2567 ἴσας
1103 2548 1117 2573 ,
1137 2513 1232 2574 χῶς
1255 2528 1332 2574 μοι
1353 2511 1478 2560 τοῦν.
1505 2532 1528 2555 »ι
1550 2514 1658 2561 lac.
1693 2511 1997 2561 Bruncliius:

446 2581 685 2629 Μούσαισι
711 2583 846 2643 φίλαν
864 2619 877 2642 ,
914 2583 1030 2645 τήνᾳ
1059 2597 1108 2630 τε
1135 2584 1303 2644 Λοκρὶς
1329 2586 1390 2640 γᾶ
1422 2582 1574 2630 τίκτεν
1610 2580 1746 2639 ῐσαν,
1782 2582 1853 2629 ότι
1871 2579 1910 2629 θ’
1936 2584 1997 2631 οἱ.

444 2651 691 2699 Porscnus
722 2671 734 2699 ι
762 2653 999 2701 Μούσαισι
1021 2652 1234 2712 φιλαθην,
1261 2651 1294 2698 ἅ
1319 2667 1372 2700 τε
1405 2652 1573 2714 Λοκρὶς
1589 2656 1653 2711 γᾶ
1682 2650 1856 2711 τίκτεν,
1874 2651 2000 2706 ῑσαις

446 2720 489 2767 θ’
505 2721 577 2769 ὅτι
602 2738 698 2782 μοι.
721 2724 793 2771 De
813 2734 910 2783 quo
931 2721 1086 2771 Boias,
1121 2741 1132 2769 :
1167 2740 1188 2761 e«
1218 2720 1394 2784 Recepi
1412 2719 1644 2769 lectiones
1669 2722 1894 2779 Porsoni,
1914 2721 1999 2783 qui

443 2793 608 2840 tamen
641 2792 766 2847 ἰσαις
805 2792 844 2841 θ’
872 2791 977 2842 sinc
1009 2790 1298 2841 necessitate
1325 2790 1518 2853 scripsit
1551 2804 1638 2853 pro
1673 2792 1797 2846 ἴσαις
1823 2790 1879 2839 δ’.
1916 2794 2003 2841 Est

443 2862 567 2916 ῐσιις
591 2860 894 2926 participium
912 2861 1132 2912 doricum
1153 2862 1288 2912 verbi
1314 2862 1466 2924 ἷσημι.
1493 2883 1516 2904 υ
1540 2865 1662 2918 Qum
1685 2865 1794 2912 ante
1811 2860 2001 2912 editum

445 2932 696 2982 Deiectum
723 2932 942 2982 Meinekii
971 2932 1174 2995 scripta,
1201 2931 1332 2982 idem
1359 2932 1578 2982 docentis
1605 2945 1653 2994 p.
1676 2937 1732 2982 97
1771 2952 1783 2980 :
1809 2935 1851 2980 si
1869 2943 2000 2993 prm-

445 3004 587 3050 ie'rea
613 3004 883 3050 resolveris
909 3015 993 3050 me
1025 3001 1294 3052 Νοεείἀοηι
1323 3005 1535 3062 vocari,
1555 3002 1660 3051 abi.
1693 3003 1788 3050 Pro
1809 3001 2000 3062 φιλάθην

445 3075 622 3134 proeter
643 3072 938 3122 Meinekium
969 3073 1116 3122 etiam
1142 3072 1332 3122 Jacobs.
1369 3070 1420 3121 in
1459 3074 1626 3121 nostro
1653 3071 1871 3134 exemplo
1893 3071 2001 3130 φίλα

443 3141 486 3190 τ’
514 3141 572 3202 ἦν
585 3177 600 3198 ,
643 3161 666 3184 ιι
700 3141 907 3206 Reisigio
949 3163 972 3184 υ
1017 3146 1233 3192 auctore.
1273 3141 1542 3192 Meinekius
1585 3143 1822 3204 praeterea
1873 3141 2001 3189 τίκτε

447 3211 514 3273 μ’,
557 3210 636 3258 cui
661 3209 804 3260 τίκτει
831 3210 1026 3274 proefert
1061 3213 1336 3272 Beckerus,
1365 3214 1482 3261 noto
1510 3223 1620 3260 usu.

511 3358 767 3407 Dccxlx.
795 3359 993 3407 Lemma
1015 3360 1107 3414 ιεὶς
1137 3359 1309 3416 Τέλλην
1331 3359 1462 3419 (imo
1494 3360 1730 3416 Τέλληνι)
1755 3361 1836 3407 τὸν
1862 3359 2003 3419 γελω-

446 3431 652 3476 τοποιεῖν
685 3433 867 3490 πρῶτον
901 3427 1114 3489 ἄρξαντα.
1143 3429 1216 3476 De
1255 3427 1449 3476 Tellene
1481 3427 1721 3477 zenobius
1757 3429 1902 3476 Prov.
1950 3429 1993 3487 1,

447 3501 508 3546 45
535 3513 548 3544 ι
573 3499 744 3554 Τέλλην
777 3498 977 3554 αὑλητὴς
1003 3497 1182 3556 ἐγένετο
1202 3498 1282 3545 καὶ
1303 3500 1454 3558 μελῶν
1475 3499 1670 3554 ποιητὴς
1689 3535 1702 3556 ,
1726 3496 1920 3557 παίγνιά
1948 3513 1999 3544 τε

447 3569 688 3617 κατέλιπεν
707 3567 1024 3630 εὐρυθμότατα
1049 3569 1128 3616 καὶ
1145 3568 1276 3630 χάριν
1295 3569 1462 3629 ἔχοντα
1479 3567 1698 3624 πλείστην
1711 3603 1724 3627 ,
1744 3567 1824 3614 καὶ
1843 3566 2002 3626 σκώμ-

453 3654 578 3699 ματα
611 3639 904 3700 κομψότατα.
947 3635 1069 3685 Vide
1099 3635 1300 3685 Meinek.
1342 3636 1468 3685 nist.
1509 3635 1691 3685 Comic.
1725 3637 1808 3684 Gr.
1839 3649 1888 3698 p.
1918 3639 1997 3684 38.

449 3735 508 3750 -
539 3711 580 3756 1.
611 3727 632 3748 τι
659 3709 764 3756 Non
805 3704 1034 3755 credibile
1071 3709 1148 3755 est
1182 3706 1442 3756 Leonidam
1456 3744 1468 3766 ,
1505 3703 1777 3769 pracsertim
1817 3706 1867 3754 in
1892 3707 1999 3754 tam

445 3777 581 3828 brevi
613 3776 849 3836 carmine,
881 3777 1102 3826 ultimam
1130 3775 1181 3825 in
1203 3777 1426 3834 Τέλληνος
1456 3779 1568 3827 ante
1590 3777 1666 3826 ὅδε
1695 3776 1997 3840 produxisse.

447 3851 597 3897 Poeta
631 3847 824 3909 scripsit
853 3847 956 3896 sine
988 3846 1140 3895 dubio
1167 3849 1390 3904 Τέλληνος
1425 3849 1506 3910 μὲν
1535 3849 1562 3896 ὁ
1600 3848 1786 3909 τὺμῦος.
1819 3845 1999 3907 [Quod

446 3919 700 3970 sententiaa
723 3933 818 3967 non
841 3918 960 3967 satis
983 3917 1403 3968 accommodatum
1423 3931 1531 3967 esse
1555 3922 1686 3967 recte
1706 3920 1870 3967 monet
1893 3915 1999 3966 Gei-

445 3989 620 4053 stius.]
641 3987 822 4038 Deinde
838 3987 956 4037 cod.
979 3990 1069 4036 ὑπὸ
1089 3991 1270 4051 βώλεω.
1293 3989 1463 4037 Latere
1481 3987 1676 4037 videtur
1703 3987 1999 4048 adjectivum

445 4061 510 4110 ad
535 4061 737 4122 πρὲσΰυν
750 4057 1083 4116 referendum,
1105 4061 1164 4108 ut
1181 4059 1411 4112 ὑθλώδεα.
1425 4071 1698 4121 nuyacem.
1729 4077 1752 4101 υ
1775 4057 1995 4106 Meinek.

445 4145 494 4193 p.
526 4136 631 4181 130.
669 4129 813 4187 Quod
839 4143 936 4178 non
967 4128 1213 4192 probabile
1232 4167 1245 4188 ‚
1266 4141 1426 4190 neque
1462 4129 1676 4178 Piccolou
1709 4129 1806 4192 ἔχω
1838 4129 1878 4177 δ’
1905 4129 1998 4176 ὑπὸ

447 4203 640 4264 pauzona
657 4218 733 4262 πρ.
765 4198 1088 4262 Aptissimum
1118 4198 1296 4248 Reiskii
1325 4200 1417 4248 ὑπὸ
1439 4201 1617 4262 βώλακι
1640 4217 1720 4262 πρ.
1757 4219 1780 4242 ιι
1823 4204 1995 4263 Apogr.

450 4275 552 4322 par.
575 4273 847 4322 ὑποὸώὶεω.
877 4273 930 4319 L.
954 4269 1237 4319 Dindoriius
1261 4269 1310 4318 in
1332 4270 1476 4318 Thes.
1497 4270 1664 4331 Stepb.
1698 4269 1791 4319 sub
1813 4272 1868 4319 τὸ
1897 4273 1994 4333 βῶ-
2041 4262 2047 4367 Ι

445 4345 521 4400 λος
549 4343 800 4408 proposuit
814 4381 827 4403 ‚
845 4343 944 4406 ἔχω
961 4343 1162 4403 xps-56⁹2
1178 4341 1220 4389 δ’
1243 4342 1334 4390 ὑπὸ
1358 4343 1515 4404 βώλῳ.
1546 4341 1655 4390 Feci
1673 4341 1997 4404 compositum
2041 4378 2046 4409 ¹

445 4416 733 4470 ὺποὸωλεὺς.
769 4412 907 4462 Adde
933 4411 996 4460 de
1021 4409 1118 4460 lioc
1144 4409 1294 4474 epigr.
1319 4411 1575 4460 Ruhnken.
1597 4409 1749 4474 Epist.
1771 4410 1834 4458 ad
1851 4409 1999 4460 Valc-

447 4483 607 4534 kenar.
639 4497 686 4548 p.
711 4489 770 4534 53
798 4486 850 4533 et
873 4489 950 4532 oo.
985 4503 1009 4526 »
1040 4485 1102 4530 B.

510 4633 734 4680 Dccxx.
758 4631 957 4681 Lemma
979 4631 1273 4693 χαιρήμωνος
1291 4664 1304 4685 ,
1329 4627 1635 4690 superposito
1651 4644 1693 4676 c.
1710 4655 1768 4663 —
1793 4633 1810 4675 1
1839 4629 1998 4676 κλευα-
2043 4638 2046 4647 ·

448 4720 534 4752 σου
557 4705 853 4762 τοιμοικλειος
891 4701 1032 4762 θοὰ,
1057 4699 1271 4751 correxit
1305 4699 1578 4758 flecken-us,
1611 4697 1788 4752 Κλεὺας
1817 4699 1842 4744 ὁ
1859 4695 1996 4746 Ἐτυ-

451 4773 677 4834 μοκλεῖος.
715 4792 738 4814 «ι
777 4774 845 4822 De
868 4772 1080 4835 genitivo
1107 4769 1222 4819 vide
1250 4769 1456 4818 Alii-ene.
1488 4768 1610 4816 Dial.
1649 4767 1769 4816 AEol.
1805 4779 1852 4829 p.
1888 4772 1995 4816 202.

449 4842 631 4892 Eadem
668 4843 944 4904 corruptela
988 4843 1038 4890 in
1077 4845 1286 4891 Pausan.
1327 4841 1415 4899 111,
1470 4843 1544 4896 1⁴,
1588 4842 1634 4888 7.
1663 4857 1688 4881 1·
1729 4836 2000 4900 Legebatur

453 4913 626 4967 κὶεύας
654 4913 912 4973 Τιμοκλῆος
939 4923 1053 4961 cum
1081 4907 1365 4960 Rulinkenio
1397 4906 1548 4970 Epist.
1579 4907 1686 4956 crit.
1729 4908 1768 4965 1,
1799 4920 1845 4968 p.
1892 4909 1997 4964 ris,
2044 4943 2047 4963 ,
3508 4959 3521 4970 .

2042 4970 2049 5034 ζ
2088 4978 2286 5024 Memor.
2312 4971 2458 5022 Acad.
2486 4971 2723 5034 Petropol.
2752 4975 2886 5028 1822,
2902 4967 2999 5016 vol.
3023 4967 3153 5024 vni.
3174 4978 3222 5027 p.
3249 4966 3340 5012 014
3360 4964 3411 5012 et
3428 4959 3633 5010 Memek.

449 4983 536 5046 qui
561 4986 738 5044 Θυρεᾶν
773 4979 963 5044 scripsit
985 4995 1074 5043 pro
1115 4980 1301 5042 θυρέαν,
1334 4977 1464 5040 quod
1503 4981 1578 5027 est
1613 4977 1660 5026 in
1699 4975 1840 5037 cod,
1879 4976 1996 5025 item

1549 196 2054 259 ANTHOLOGIAE
2100 198 2501 259 PALATINAE
2568 236 2575 241 ·

2088 327 2402 379 emendatum
2431 343 2462 379 a
2506 330 2738 380 Dorvillio
2774 329 2836 380 ad
2863 329 3046 381 charit.
3086 344 3135 395 p.
3180 335 3297 393 422,
3339 334 3389 381 et
3424 332 3669 383 Meioek.

2090 412 2139 461 p.
2173 405 2282 450 205.
2309 426 2374 437 —
2396 407 2423 450 2
2450 402 2704 464 ἀμφιλόγον
2738 408 2827 465 γᾶν
2858 404 3243 465 ἀμφιτεμνόμενος
3273 404 3414 465 cod„
3444 426 3468 448 a
3502 404 3669 469 quod

2091 470 2302 521 correxit
2342 472 2601 522 Boeckhius
2626 475 2805 523 Inscrr.
2835 477 2873 524 t.
2918 477 2959 534 1,
2988 488 3036 536 p.
3074 479 3182 525 554.
3222 496 3245 518 ιο
3282 478 3345 525 Β.
3376 478 3437 525 Et
3462 476 3669 526 eodem

2087 539 2235 589 modo
2270 541 2556 591 Meinekius.
2592 544 2658 592 Ut
2682 542 2931 606 praeterire
2968 543 3112 594 liceat
3137 544 3343 594 aliorum
3370 545 3671 595 tentamina

2088 610 2382 673 operosiora.
2406 613 2532 661 Nota
2558 626 2637 662 res
2664 613 2727 663 de
2757 626 2873 677 agro
2907 612 3195 677 Thyreatico
3225 614 3353 664 inter
3380 618 3671 679 Spartanos

2088 685 2139 731 et
2170 682 2371 746 Argivos
2392 684 2648 747 ὰμφιλόγῳ.

2149 824 2409 872 Dccxxl.
2450 824 2649 873 Lemma
2682 844 2693 871 :
2737 830 2821 874 τοῦ
2848 826 3009 875 αὐτοῦ.
3044 827 3181 882 Ζήτει
3216 826 3290 873 ὅτι
3326 823 3673 885 ἀξιάγνωστόν

2088 892 2185 939 ἐστι
2227 894 2279 941 τὸ
2316 891 2600 955 ἐπίγραμμα.
2638 896 2928 957 Loquuntur
2962 895 3123 957 quiin
3157 894 3331 945 eadem
3382 906 3553 957 pugna
3596 892 3673 941 de

2089 961 2291 1023 Thyreis
2310 962 2654 1014 occubuerant.
2684 984 2708 1006 α
2733 965 2915 1015 Gallice
2933 965 3086 1015 vertit
3102 967 3153 1014 et
3180 964 3394 1014 illustrat
3412 964 3667 1013 harcher.

2092 1029 2156 1079 ad
2184 1030 2417 1081 Herodot.
2444 1035 2484 1081 t.
2512 1034 2552 1092 1,
2577 1046 2627 1095 p.
2648 1038 2761 1083 350.
2788 1054 2811 1077 ι»
2832 1036 2895 1083 Β.
2928 1060 2989 1071 -
3012 1040 3030 1084 1
3056 1036 3184 1099 ἅργει
3213 1036 3480 1097 tepentem
3508 1035 3671 1095 χέρες

2088 1101 2232 1161 Cod.,
2262 1101 2313 1149 in
2350 1114 2451 1163 quo
2472 1102 2623 1152 latere
2657 1105 2916 1167 Σπάρτηθεν
2941 1105 3043 1154 ῐσαι
3076 1108 3127 1154 ei.
3152 1105 3270 1154 olim
3292 1103 3417 1153 vidit
3441 1102 3665 1152 Jacobs.

2091 1169 2193 1232 (ad
2215 1172 2347 1221 Anal.
2373 1174 2507 1231 Vlll,
2527 1186 2575 1236 p.
2604 1176 2723 1236 174)
2751 1177 2802 1224 et
2840 1188 2970 1225 nunc
2992 1176 3197 1225 Meinek.
3226 1189 3275 1238 p.
3309 1181 3400 1224 206
3422 1188 3434 1219 ε
3454 1193 3475 1215 α
3496 1172 3674 1222 Codi-

2088 1240 2159 1290 cis
2189 1241 2427 1304 sctiptura
2450 1244 2708 1295 manifesto
2728 1244 2939 1295 ostendit
2964 1252 3060 1302 τοῖς
3078 1246 3231 1307 Ἀργει
3256 1244 3523 1307 Σπάρτηθεν
3540 1244 3667 1290 ἶσαι

2088 1313 2246 1373 χέρες,
2276 1310 2309 1359 1.
2342 1324 2386 1360 ε.
2424 1324 2517 1361 nos
2548 1318 2748 1375 sparta
2771 1313 3019 1378 profecti,
3050 1326 3157 1378 par
3186 1326 3405 1363 numero
3436 1314 3663 1361 exerce·-

2088 1383 2199 1441 ius,
2247 1394 2368 1431 cum
2422 1384 2628 1445 Arpinis
2684 1384 2978 1447 conflicrali
3022 1396 3217 1435 sumus.
3265 1403 3291 1427 υ
3332 1382 3595 1432 fleckerus
3644 1394 3659 1422 ²

2091 1471 2114 1493 «ι
2149 1452 2246 1501 Sed
2270 1452 2389 1501 mihi
2417 1454 2578 1517 Argivi
2607 1469 2705 1503 non
2730 1459 2864 1505 recte
2892 1455 2988 1505 dici
3019 1456 3250 1506 videntur
3280 1459 3326 1504 ot
3354 1456 3534 1517 Ἀργει,
3558 1465 3665 1501 ne-

2090 1535 2189 1585 que
2208 1524 2353 1585 primi
2374 1524 2570 1573 distichi
2598 1526 3009 1576 constructionem
3027 1540 3057 1576 a
3077 1526 3319 1575 scabritiei
3336 1524 3447 1574 labe
3468 1522 3665 1572 immu-

2086 1606 2199 1642 nem
2216 1596 2355 1657 put-o.
2380 1615 2405 1637 ι»
2428 1594 2701 1645 Videndum
2714 1610 2775 1645 an
2790 1597 3087 1647 attractionis
3109 1596 3273 1659 aliqua
3286 1596 3363 1645 vis
3376 1593 3661 1658 qumrenda

2088 1663 2139 1711 in
2181 1664 2348 1714 dativo
2388 1666 2555 1727 Ἀργει.
2602 1667 2852 1717 Edebatur
2889 1674 2989 1724 τοῖς
3030 1670 3181 1732 Ἄργει
3230 1667 3415 1729 Σπάρτῃ
3454 1667 3500 1715 τ’
3538 1666 3659 1714 ἶσαι

2088 1738 2104 1793 (
2126 1755 2150 1779 α
2174 1736 2348 1786 melius
2369 1754 2419 1786 τε
2441 1737 2559 1786 ῐσαι.
2594 1758 2616 1780 n
2642 1739 2824 1799 Mem.)
2852 1740 2980 1801 χέρες
3008 1751 3071 1786 ex
3091 1737 3311 1787 salmasii
3336 1739 3387 1785 et
3407 1734 3659 1784 Schoei'eri

2088 1807 2385 1856 correctione
2410 1806 2461 1855 in
2490 1809 2545 1855 L.
2574 1808 2685 1857 Bos.
2710 1808 2874 1870 Ellips.
2896 1822 2945 1871 p.
2970 1813 3080 1859 098.
3114 1809 3171 1857 111
3194 1807 3331 1858 Ρ1311.
3368 1809 3513 1861 ;Τοῖς
3544 1804 3657 1864 Ἀρ-

2087 1876 2229 1939 γείοις
2260 1880 2403 1940 χήμῖν
2438 1879 2617 1941 (χήμῖν
2656 1879 2865 1927 Brunck.
2890 1881 2905 1939 )
2940 1880 3046 1929 ἶσαι
3073 1882 3201 1943 χέρες
3221 1915 3236 1936 ,
3272 1876 3361 1927 sed
3386 1876 3438 1925 in
3474 1875 3659 1939 primis

2086 1946 2199 1997 edd.
2221 1949 2362 2011 χήμῖν
2384 1961 2481 1997 non
2500 1952 2702 1999 exstat..
2722 1976 2781 1985 -
2810 1957 2836 1999 2
2870 1949 2940 1998 sic
2984 1950 3139 2011 Plan„
3174 1948 3262 1998 sed
3280 1948 3454 2011 θυρίσι,
3474 1946 3655 1995 Codex

2087 2030 2204 2067 vero
2225 2018 2380 2078 Θυρεαί
2398 2018 2535 2080 „qui
2562 2017 2701 2068 initio
2719 2019 2929 2078 σύμσολα
2958 2020 3039 2079 μὲν
3066 2022 3129 2079 0.,
3160 2018 3257 2068 fine
3286 2019 3413 2083 δόρυ.
3454 2017 3655 2066 Salma-

2088 2087 2191 2136 sius
2223 2086 2479 2137 l’lanudeae
2520 2086 2779 2151 adscripsit
2818 2106 2829 2138 z
2866 2108 2891 2131 «ι
2938 2091 3015 2138 lta
3051 2092 3112 2138 V.
3144 2090 3201 2139 θ.
3231 2088 3328 2137 Sed
3364 2090 3657 2137 correctum

2086 2158 2136 2206 in
2158 2157 2454 2207 membranis
2486 2176 2496 2186 ·
2520 2160 2733 2220 σύμὸολα
2755 2160 2837 2221 μὲν
2865 2160 3012 2220 Θυρεοί
3034 2158 3161 2221 [sicJ.
3186 2178 3210 2202 n
3230 2184 3294 2195 -
3311 2162 3359 2215 3,
3382 2162 3465 2207 (μα
3488 2158 3655 2218 Ἀκρο-

2085 2227 2287 2291 φάσιστα
2304 2265 2317 2288 ,
2362 2228 2540 2289 quovis
2584 2230 2850 2291 praetexto,
2888 2242 2991 2290 quo
3021 2242 3183 2292 pugna
3221 2227 3389 2277 relicta
3423 2226 3641 2277 donnum

2085 2300 2456 2357 reverteremur,
2492 2298 2707 2363 abjecto,
2736 2298 2917 2348 avibus
2936 2302 3141 2348 mortem
3168 2300 3384 2348 nostram
3415 2298 3654 2345 nuntia-i-

2086 2368 2199 2417 dam
2224 2366 2579 2417 mundavimus.
2608 2390 2630 2411 υ
2660 2372 2724 2418 et
2752 2370 2801 2419 in
2836 2368 2914 2418 his
2945 2368 3201 2418 Jacobsius
3223 2367 3615 2417 tetenderimus
3632 2404 3647 2423 ,

2085 2439 2154 2488 ita
2180 2438 2428 2487 Heckerus
2456 2460 2467 2487 ι
2494 2460 2516 2480 «ι
2552 2440 2799 2489 Aoristum
2824 2452 2914 2501 pro
2940 2442 3181 2502 praesente
3205 2440 3422 2500 λείπομεν
3452 2437 3651 2498 requiri

2084 2508 2247 2571 quivis
2288 2507 2424 2558 videt
2438 2548 2450 2570 ,
2488 2509 2619 2571 quod
2660 2510 2837 2559 vitium
2882 2510 3028 2575 paulo
3066 2510 3323 2561 audaciore
3366 2508 3652 2557 mutati-ane

2087 2580 2253 2630 tollere
2288 2581 2445 2644 possis
2469 2580 2647 2643 scripto
2676 2598 2687 2629 :
2724 2584 2929 2630 (tavei-cmv
2962 2581 3177 2643 ἀγγελίαν
3210 2581 3420 2643 λίπομεν.
3466 2600 3491 2621 ιι
3532 2582 3651 2627 11110

2084 2654 2195 2714 post
2211 2654 2516 2712 συνεδὰλομεν
2531 2650 2779 2715 aptissime
2794 2650 3023 2701 dicebant
3050 2664 3211 2700 :nunc
3232 2650 3450 2711 jacentes
3464 2648 3653 2698 aribus

2042 2721 2047 2751 ¹
2086 2720 2394 2771 mandamus.

2086 2862 2376 2981 b‘tsequuur
2390 2860 2442 2982 ig
2468 2861 2646 2914 Codice
2664 2862 2958 2927 epigramma
2982 2859 3278 2912 Dioscuridis
3292 2899 3307 2924 ,
3328 2873 3479 2925 supra
3505 2860 3651 2910 exhi-

2120 2947 2136 2980 1
2162 2946 2245 2982 11111
2269 2947 2318 2980 11.
2352 2939 2409 2981 22
2452 2973 2459 2981 .

2142 3065 2417 3113 Dccxxu.
2433 3066 2635 3113 Lemma
2656 3081 2667 3113 ι
2686 3067 2749 3121 εἰς
2762 3067 3071 3127 Τιμοσθένην,
3086 3068 3187 3113 υἱὸν
3208 3066 3459 3114 Μολοσσοῦ
3477 3061 3493 3124 (
3510 3061 3593 3110 sic
3608 3061 3647 3122 J.

2078 3163 2137 3172 —-
2160 3143 2174 3186 1
2209 3139 2456 3200 δηριφιίγον
2476 3134 2619 3194 Cori„
2640 3149 2769 3185 corr.
2797 3137 3022 3194 Salmas..
3052 3135 3187 3199 quod
3203 3134 3317 3185 alibi
3340 3135 3418 3184 est
3440 3133 3647 3194 &putra-

2074 3225 2169 3264 τος.
2196 3207 2419 3257 110181ιί1111
2434 3207 2817 3257 1113181131κεὺοω
2847 3221 2993 3270 quam
3013 3209 3191 3270 κλαίω,
3218 3206 3353 3269 quod
3374 3204 3425 3254 in
3452 3201 3641 3254 talibus

2075 3280 2247 3344 cippus
2281 3279 2382 3328 sere
2412 3278 2645 3342 loquitur.

2146 3421 2444 3470 Dccxxm.
2470 3421 2669 3469 Lemma
2693 3436 2704 3465 ε
2738 3423 2801 3473 εἰς
2835 3419 2918 3474 τὴν
2946 3421 3040 3464 τῶν
3073 3413 3451 3474 Δακεδαιμονίων
3481 3411 3647 3459 πόλιν.

2090 3510 2111 3532 c«
2140 3492 2195 3539 ln
2226 3489 2621 3539 Lacedaemonem
2647 3487 2709 3536 ab
2746 3485 2939 3535 Achaeis
2972 3483 3099 3533 bello
3136 3482 3393 3532 devictam.
3425 3480 3651 3530 Historia

2086 3563 2162 3610 est
2188 3573 2266 3624 ap.
2302 3560 2494 3610 Livium
2528 3559 2791 3617 XXXVIII,
2822 3562 2882 3605 32
2912 3566 3049 3616 seqq.
3074 3553 3213 3602 conf.
3246 3551 3410 3614 Polyb.
3446 3553 3557 3612 vll,
3592 3557 3645 3600 8.

2086 3656 2148 3668 -
2188 3641 2205 3681 1
2232 3632 2453 3691 εὔδμητος
2483 3629 2642 3690 Plan„
2672 3627 2828 3687 111310,
2872 3627 3074 3688 ἄτμητος
3108 3621 3391 3686 conjiciebat
3428 3619 3645 3670 Salmas.

2086 3728 2149 3737 —
2172 3707 2219 3751 2.
2264 3702 2452 3751 Kamous
2465 3735 2481 3761 ,
2519 3711 2633 3748 nam
2668 3695 2861 3760 gloriari
2890 3694 3109 3744 solebant
3148 3690 3527 3750 Lacedaemonii,
3566 3691 3648 3738 ὅτι

2084 3773 2199 3832 γυνὴ
2219 3770 2433 3820 Λάκαινα
2452 3769 2627 3817 καπνὸν
2647 3767 2735 3828 οὐχ
2752 3765 2931 3828 ἑώρακε
2959 3763 3181 3824 πολέμιον
3196 3799 3209 3822 ,
3234 3774 3336 3825 quo
3362 3760 3643 3822 καυχήματι

2084 3845 2159 3893 uti
2184 3843 2379 3893 amabat
2398 3841 2682 3905 Agesilaum
2704 3853 2753 3889 v.
2788 3839 2921 3888 Plut.
2946 3837 3075 3886 Vitae
3103 3840 3197 3899 Ag.
3236 3848 3281 3885 c.
3304 3839 3381 3892 31,
3418 3831 3645 3894 xenoph.

2086 3915 2271 3964 Hellen.
2300 3916 2384 3973 v1,
2409 3921 2455 3972 5,
2486 3917 2563 3962 28.
2602 3910 2813 3970 Oleum,
2842 3907 3037 3957 Achaiae
3072 3905 3222 3965 urbs,
3246 3917 3345 3953 una
3376 3902 3647 3952 foederata—-

2084 3997 2195 4033 rum
2218 3983 2487 4033 civitatum.
2517 3983 2603 4032 Est
2628 3980 2777 4044 igitur
2798 3979 2971 4033 καπνὸς
2988 3976 3193 4030 Ὦλένιος
3227 3975 3395 4024 fumus
3420 3985 3449 4022 e
3466 3971 3649 4020 castris

2087 4053 2376 4104 Achaeorum
2394 4090 2407 4112 ‚
2427 4052 2545 4115 qui,
2563 4049 2841 4100 incursione
2872 4047 2923 4097 in
2959 4059 3130 4109 agrum
3158 4044 3449 4096 Laconicum
3478 4041 3642 4100 facta,

2085 4124 2245 4173 omnia
2280 4124 2408 4174 ferro
2448 4125 2499 4172 et
2537 4121 2647 4185 igne
2680 4120 3018 4177 vastaverant3
3046 4115 3164 4166 hinc
3198 4129 3251 4164 v.
3289 4120 3319 4165 3
3351 4116 3539 4170 ἀσκιος,
3574 4111 3647 4160 ob

2042 4160 2047 4259 Ι
2084 4194 2273 4243 excisas
2307 4192 2523 4242 arbores.
2572 4190 2745 4241 Gravis
2779 4189 2971 4252 pictura
3006 4185 3215 4249 regionis
3238 4184 3532 4234 uei-astaus.
3572 4209 3643 4216 —

2084 4269 2132 4314 3.
2152 4265 2285 4313 Κατὰ
2306 4263 2484 4326 χθονός.
2510 4264 2614 4311 Hoc
2634 4272 2925 4323 expressum
2942 4257 3099 4306 videri
3116 4258 3278 4319 potest
3298 4269 3361 4304 ex
3376 4253 3510 4302 dicto
3534 4253 3644 4300 Ste-

2086 4333 2265 4382 sichori
2281 4371 2295 4394 ,
2326 4328 2648 4382 Imrensihus
2680 4329 2887 4380 dicentis
2902 4365 2915 4390 ,
2952 4328 3023 4376 ὅτι
3058 4328 3116 4376 οὗ
3144 4327 3215 4374 δεῖ
3238 4323 3456 4388 ὑδριστὰς
3490 4321 3613 4370 εἶναι
3626 4355 3642 4376 ,

2083 4404 2159 4451 ἵνα
2179 4404 2243 4464 μὴ
2274 4406 2317 4452 οἱ
2340 4404 2540 4463 τέττιγες
2558 4400 2820 4464 χαμόθεν
2846 4399 3024 4462 ᾀδωσι,
3056 4408 3136 4458 ap.
3167 4393 3368 4442 Aristot.
3398 4389 3541 4441 libet.
3572 4391 3641 4447 ll,

2086 4479 2139 4524 21
2185 4476 2236 4523 et
2272 4475 2366 4534 111,
2410 4477 2483 4522 11.
2540 4493 2563 4518 υ
2618 4475 2725 4522 Jac.
2773 4495 2835 4509 —
2886 4472 2915 4518 4
2964 4467 3131 4522 λύκους
3168 4463 3311 4524 cod„
3352 4461 3441 4513 sed
3476 4472 3646 4523 super--

2084 4542 2262 4605 scripto
2284 4559 2344 4591 οι,

2152 4689 2446 4738 Dccxxlv.
2490 4690 2691 4737 Lemma
2724 4705 2737 4735 ι
2772 4689 2837 4742 εἰς
2870 4685 3117 4748 Πρόαρχον
3152 4685 3268 4745 ὑπὲρ
3307 4687 3387 4740 τῆς
3423 4680 3643 4742 πατρίδος

2088 4763 2350 4826 μαχόμενον
2368 4763 2447 4808 καὶ
2468 4759 2688 4808 πεσόντα.
2710 4785 2773 4797 -
2804 4761 2821 4805 1
2854 4757 2947 4816 fisa
2967 4756 3051 4818 μέν
3078 4769 3135 4802 σε
3160 4753 3369 4814 πρόαρχι
3393 4752 3507 4800 ἕσαν
3535 4750 3643 4830 παί-

2085 4835 2177 4884 δων
2206 4833 2287 4880 ἁτε
2308 4832 2476 4894 ματρὸς
2508 4828 2650 4888 Cod.‚
2671 4827 2806 4890 quod
2826 4827 2898 4876 sic
2918 4823 3128 4874 correxit
3156 4821 3374 4883 Jacobs,
3402 4821 3513 4884 post
3528 4819 3643 4868 alio-

2086 4917 2198 4953 rum
2221 4903 2430 4952 conatus
2470 4897 2878 4949 immemorabiles
2892 4933 2905 4955 ‚
2940 4897 3115 4958 πατρὸς
3152 4896 3319 4943 autem
3348 4889 3557 4941 Gmfius
3588 4889 3639 4938 in
