3829 5747
489 196 607 253 418

614 340 668 389 τὸ
691 342 861 403 σεμνὸν
885 346 1017 405 ἡμῶν
1049 340 1201 403 δόγμα
1229 343 1307 388 καὶ
1330 340 1588 404 σεόάσμιον
1606 377 1619 400 ,

616 413 646 469 ἢ
681 414 844 471 μηκέτ’
873 413 991 461 εἶναι
1011 449 1026 474 ,
1049 418 1107 474 τῇ
1137 411 1300 460 στάσει
1324 411 1549 475 ὃιαῤῥυέν.

493 534 631 583 Cous.
663 536 715 583 et
739 536 822 596 IX,
853 548 928 599 ep.
959 538 1052 585 475
1093 542 1135 585 2.
1168 536 1338 586 Milton
1375 535 1607 586 Paradiso
1640 539 1820 600 Recup.
1872 539 1912 593 l,
1946 543 2005 587 93
2040 557 2050 585 :

501 607 571 654 Ye
589 618 673 654 see
697 618 799 655 our
822 604 1024 668 danqer
1040 620 1106 655 on
1129 605 1218 657 the
1240 608 1438 657 almost
1461 606 1588 671 edqe
1613 606 1678 672 of
1688 606 1908 658 hasard.
1940 629 1962 650 a
1988 611 2051 657 B.

489 702 552 711 -
581 682 625 725 2.
657 676 818 739 Pergit
838 676 988 727 schol.
1018 676 1217 727 Aristid.
1251 690 1264 720 ²
1289 679 1540 741 ῥυσάμενοι

613 800 906 857 δουλοσύνης·
935 799 1138 862 Πέρσαις
1160 800 1210 849 δὲ
1233 802 1335 863 περὶ
1363 801 1494 863 φρεσὶ
1525 801 1720 861 πήματα
1747 800 1899 850 πάντα
1962 824 1965 827 ’

673 870 876 933 ἦψαμεν,
899 866 1122 933 ἀργαλέῆς
1155 871 1374 931 μνήματα
1397 871 1677 933 ναυμαχίης·

612 940 755 989 ὀστέα
773 938 813 989 δ’
840 940 987 1003 ἄμμιν
1005 942 1103 1004 ἔχει
1126 941 1349 1001 Σαλαμίς·
1379 942 1543 1005 πατρὶς
1571 943 1623 989 δὲ
1647 942 1866 1005 Κόρινθος

673 1011 772 1059 ἀντ’
793 1012 1053 1074 εὐεργεσίης
1077 1012 1218 1073 μνῆμ’
1239 1012 1433 1069 ἐπέθηκε
1464 1010 1586 1061 τόδε.

491 1136 652 1181 versu
690 1136 720 1181 3
763 1132 910 1195 ἄμμιν
941 1134 1149 1183 Brunck.
1196 1146 1283 1196 pro
1318 1134 1500 1197 scripto
1539 1136 1665 1197 ἡμῖν.
1707 1137 1780 1184 De
1809 1134 1888 1184 his
1924 1136 2055 1184 recte

489 1200 890 1252 Schneidewinus
911 1216 960 1266 p.
991 1207 1077 1253 154
1103 1224 1114 1253 :
1142 1223 1166 1246 α
1193 1206 1318 1261 Quae
1337 1205 1379 1253 si
1402 1204 1501 1254 sint
1521 1204 1796 1267 SimonidiS,
1821 1218 1910 1254 cur
1927 1204 2055 1253 omi«

491 1271 610 1320 serit
636 1270 787 1331 Plut.,
812 1273 966 1322 schol.
999 1276 1048 1323 et
1076 1272 1364 1337 Anthologia
1385 1278 1598 1337 utraque
1623 1275 1827 1338 intelligi
1865 1275 2051 1337 nequit.

491 1341 641 1391 Nobis
661 1341 769 1391 haec
785 1343 943 1393 inanis
960 1344 1230 1406 loquacitas
1251 1347 1396 1407 poeta
1410 1348 1510 1395 Ceo
1523 1345 1685 1409 siquid
1703 1345 1837 1395 aliud
1853 1344 2053 1408 indigna

491 1411 702 1463 videtur.
733 1414 948 1465 Raeectis
965 1415 1072 1464 istis
1100 1415 1324 1465 versibus
1345 1415 1606 1465 Simonidis
1642 1416 1888 1479 ingenium
1905 1428 2056 1479 agno-

493 1496 631 1533 scas:
654 1497 714 1533 ne
734 1484 855 1547 quid
867 1484 1065 1534 nomina
1080 1485 1384 1549 sepultorum
1400 1486 1667 1547 desideres,
1692 1488 1741 1537 in
1762 1488 1882 1537 urbe
1899 1488 2057 1551 patria

492 1553 672 1618 sepulti
694 1557 847 1605 erant.
877 1556 1128 1605 Personati
1159 1556 1423 1607 Simonidis
1445 1571 1641 1619 versus,
1675 1558 1856 1620 quibus
1889 1557 2058 1608 rhetor

491 1626 674 1688 imponi
701 1624 793 1675 sibi
809 1638 986 1689 passus
1017 1630 1118 1688 est,
1139 1626 1356 1677 doricam
1386 1628 1650 1679 dialectum
1681 1630 1781 1680 sere
1798 1633 2054 1680 exuerunt.

493 1698 726 1746 Ceterum
771 1708 835 1745 ex
878 1696 1095 1747 flosculis
1138 1696 1420 1749 simonideis
1453 1714 1550 1749 non
1581 1701 1807 1764 imperite
1846 1703 2057 1751 conserti

493 1770 625 1817 sunt.
656 1788 679 1811 u
713 1767 1002 1832 Simpliciter
1029 1768 1242 1832 positum
1274 1771 1522 1835 ῥυσάμενοι
1561 1785 1732 1821 ansam
1774 1772 1912 1823 dedit
1939 1786 2051 1835 sup·

491 1836 739 1901 plementi,
765 1850 928 1901 neque
953 1852 1063 1888 raro
1086 1838 1381 1889 emblemata
1395 1842 1449 1890 et
1474 1842 1812 1904 supplementa
1839 1843 2055 1893 recentia

491 1906 658 1971 genuit
679 1907 996 1971 antiquorum
1018 1909 1313 1974 scriptorum
1336 1909 1592 1961 sobrietas.

554 2040 717 2091 cem.
739 2041 939 2091 Lemma
965 2063 978 2091 z
1023 2044 1088 2099 εἰς
1111 2042 1216 2100 τοὺς
1234 2044 1400 2102 αὐτοὺς
1417 2046 1532 2107 μετὰ
1557 2049 1790 2097 Λεωνίδου
1807 2050 2050 2107 πεσόντας.

492 2114 551 2161 111
568 2112 700 2161 Plan.
723 2114 800 2162 est
821 2113 1009 2173 ἄδηλον.
1051 2143 1111 2155 -
1131 2122 1158 2164 2
1186 2116 1391 2165 θανάτοι·
1409 2117 1637 2179 ΑΒ10115.,
1671 2133 1819 2182 quam
1849 2122 2053 2171 sormam

490 2182 684 2245 genitivi
723 2197 820 2233 non
849 2184 1049 2237 memini
1068 2184 1236 2235 videre
1266 2187 1462 2245 elisam,
1501 2190 1752 2252 ῥυσάμενοι
1785 2193 1988 2241 θανάτου
2010 2190 2051 2241 δ’

491 2250 910 2303 Schneidewinus.
937 2254 1366 2307 Hemistichiorum
1397 2258 1540 2309 sedes
1568 2260 1778 2322 pessime
1807 2265 2053 2325 permutat

489 2320 826 2371 Friedemann.
858 2325 934 2373 De
959 2323 1090 2373 med.
1140 2326 1248 2388 Syll.
1287 2330 1418 2389 pent.
1439 2340 1488 2391 p.
1529 2335 1634 2380 237.
1657 2357 1720 2365 —
1742 2336 1772 2381 3
1796 2333 2052 2395 καθύπερθε

489 2390 635 2453 cod„
654 2392 787 2455 quod
805 2394 987 2457 recepit
1029 2394 1203 2456 Boiss.;
1241 2396 1387 2461 vulgo
1411 2400 1703 2464 καθύπερθεν.
1730 2429 1790 2437 -
1817 2406 1865 2452 4.
1902 2403 2047 2453 Com-

487 2464 662 2525 parant
687 2464 969 2527 Horatiana,
989 2465 1080 2516 od.
1111 2470 1198 2528 111,
1231 2475 1276 2529 2,
1303 2475 1358 2519 21
1392 2489 1404 2517 2

593 2594 750 2640 Virtus
768 2595 1006 2641 recludens
1019 2597 1257 2643 immeritis
1275 2601 1392 2645 111011

594 2656 788 2709 coelum,
809 2663 974 2714 negata
997 2663 1142 2705 tentat
1165 2662 1252 2705 iter
1274 2662 1362 2706 via.

549 2780 735 2831 com.
771 2782 972 2832 Lemma
997 2796 1009 2825 ²
1041 2785 1106 2839 εἰς
1119 2785 1225 2841 τοὺς
1245 2786 1428 2842 αὐτούς.
1468 2790 1594 2837 Item
1638 2789 1807 2847 ἄδηλον
1830 2790 1882 2839 111
1911 2792 2045 2841 Plan.

488 2852 734 2902 Incertum
756 2864 818 2902 an
835 2850 886 2902 in
901 2854 1146 2904 trecentos
1167 2857 1427 2919 Spartanos
1451 2856 1688 2922 scriptum
1707 2860 1792 2911 sit.
1828 2889 1886 2897 -—
1908 2866 1927 2911 1
1952 2862 2048 2913 ἐνὸ·

486 2923 620 2972 πλιον
638 2922 956 2974 casaubonus
975 2927 1026 2974 et
1043 2927 1170 2988 Jac.,
1191 2926 1278 2988 qui
1312 2931 1561 2991 comparat
1585 2929 1787 2980 alterius
1814 2933 2051 2997 Antipatri

488 2992 664 3053 verba,
685 3005 762 3055 ep.
792 2998 953 3055 493st
982 3014 995 3044 2
1021 2995 1140 3059 (pro
1159 2997 1342 3059 patria)
1370 2999 1507 3048 ἀΐδαν
1535 3001 1783 3062 ἄλκιμον
1815 3005 2046 3066 εἱλόμεθα.

486 3063 609 3114 cod.
635 3067 687 3115 et
712 3065 848 3115 Plan.
881 3066 1111 3128 ἐνύπνιον,
1136 3067 1270 3130 quod
1292 3082 1436 3118 nemo
1459 3071 1710 3134 explicuit,
1730 3072 1879 3123 tacite
1901 3075 2049 3125 redu-

485 3134 629 3184 cebat
649 3135 804 3185 Boias.
831 3138 888 3185 In
909 3138 1005 3186 tine
1034 3137 1142 3201 ἄτερ
1165 3139 1300 3195 ἄλλος
1323 3140 1466 3200 eod,
1490 3143 1610 3206 ἅπερ
1641 3144 1769 3192 ἄλλοι
1797 3145 1933 3194 Plan.
1960 3147 2047 3195 Ja-

486 3204 683 3256 cobsius
709 3207 845 3263 mo:
873 3207 1118 3270 servabat,
1169 3229 1194 3252 «ι
1237 3209 1504 3261 subaudito
1534 3229 1619 3268 τις.
1661 3233 1684 3255 υ
1731 3241 1789 3249 -
1823 3221 1868 3264 2.
1901 3217 2050 3266 Recte

485 3275 715 3338 explicuit
739 3279 867 3327 Jac.:
891 3292 989 3340 pro
1023 3281 1236 3339 virtute,
1263 3293 1424 3343 quam
1457 3287 1762 3344 puqnantes
1783 3287 2047 3346 praeslr'te-

485 3348 634 3407 runt,
656 3347 874 3398 laudem
895 3349 944 3398 et
962 3349 1188 3410 olor-iam
1204 3353 1345 3400 nacti
1363 3355 1502 3411 sunt,
1523 3357 1776 3415 praeeunte
1793 3354 2049 3406 Schoei'ero

485 3429 563 3479 ap.
602 3431 714 3468 eum
738 3431 789 3481 p.
814 3423 926 3470 973.
954 3418 1077 3468 Vide
1103 3417 1250 3470 Thes.
1271 3433 1320 3470 V.
1349 3422 1522 3485 Ἀρετή.

549 3553 759 3604 comt.
782 3555 982 3604 Lemma
1010 3576 1022 3603 :
1049 3558 1114 3612 εἰς
1142 3557 1248 3612 τοὺς
1276 3557 1458 3615 αὐτούς.
1483 3558 1595 3609 Sine
1619 3561 1814 3610 nomine
1831 3566 2049 3615 auctoris

484 3624 536 3673 in
556 3623 714 3686 Plan„
735 3638 850 3675 cum
875 3627 1072 3676 nomine
1099 3626 1176 3676 bis
1207 3628 1407 3691 apponit
1433 3627 1590 3680 schol.
1621 3631 1847 3682 Aristidis
1875 3634 1925 3682 in
1958 3638 2045 3686 Pa·

483 3693 621 3743 nath.
654 3707 704 3757 p.
736 3697 975 3747 5801357
1001 3698 1212 3746 Fromm.
1260 3699 1343 3760 (p.
1378 3702 1465 3748 155
1493 3698 1637 3749 Dind.
1657 3700 1691 3762 ).
1729 3727 1792 3738 -
1821 3707 1841 3752 1
1883 3705 2046 3766 ἀρετῆς

485 3763 605 3813 Cod.
639 3763 945 3828 superposito
977 3770 1025 3814 ἅ.
1070 3792 1133 3802 -
1167 3769 1197 3816 3
1225 3767 1508 3824 σπεύσαντες
1539 3767 1662 3819 liber
1695 3783 1826 3820 unus
1863 3773 2044 3833 schol.;

483 3833 738 3898 ἐλευθερίην
785 3833 936 3894 aliu83
973 3836 1231 3897 ἐλευθερίαν
1255 3835 1356 3885 duo
1374 3873 1389 3899 ,
1420 3837 1542 3887 Cod.
1577 3843 1630 3889 et
1649 3840 1804 3905 Plan.;
1832 3847 2049 3906 παραθεῖ·

483 3919 558 3952 ναι
581 3918 713 3956 unus
727 3903 882 3955 schol.
910 3935 971 3948 -
991 3911 1022 3956 4
1043 3906 1290 3970 ἀγηράντφ
1319 3907 1475 3967 Ρ1311.;
1507 3909 1725 3974 ἀγηράτῳ
1749 3912 1890 3974 Cod.,
1921 3914 2049 3964 inter

483 3974 618 4035 quod
649 3979 701 4024 et
724 3975 945 4039 ἁκηράτῳ
972 3977 1160 4028 variant
1176 3976 1286 4027 libri
1303 3977 1455 4029 schol.

547 4115 756 4164 CCLIV.
781 4117 982 4165 Lemma
1015 4129 1027 4159 :
1053 4119 1119 4171 el:
1147 4118 1254 4174 τοὺς
1285 4119 1534 4176 Ἀθηναίων
1572 4122 1857 4185 προμάχους.
1883 4143 1905 4166 «ι
1940 4125 2047 4187 Epi-

484 4193 704 4246 gramma
731 4185 918 4249 egregie
936 4185 1185 4248 quadrans
1211 4185 1261 4235 in
1275 4187 1469 4250 equites
1487 4187 1824 4251 Athenienses,
1853 4192 1943 4253 qui
1961 4192 2047 4242 ini·

483 4252 554 4301 tio
579 4252 691 4304 belli
717 4254 1137 4318 Peloponnesiaci,
1178 4270 1334 4319 quum
1369 4257 1590 4322 plerique
1621 4262 1776 4312 Groeci
1807 4263 1858 4311 in
1893 4263 2046 4314 Athe·

489 4321 684 4374 aienses
701 4325 856 4376 coorti
871 4327 1038 4376 essent
1053 4364 1068 4386 ,
1089 4327 1294 4388 patriam
1322 4341 1352 4376 a
1371 4329 1832 4391 Peloponnesiorum
1857 4333 2046 4398 injuriis

483 4390 825 4445 defendebant.
854 4399 1019 4454 Quare
1045 4409 1076 4445 a
1107 4399 1251 4460 poeta
1272 4399 1374 4449 Ceo
1395 4401 1680 4462 profectum
1705 4413 1814 4452 esse
1841 4405 2013 4467 nequit
2029 4444 2043 4467 ,

481 4465 540 4511 ut
559 4465 692 4514 recte
719 4464 1000 4516 observavit
1033 4467 1229 4516 Jacobs.
1269 4469 1371 4518 Nec
1393 4468 1550 4520 forma
1581 4470 1939 4534 epigrammatis
1974 4475 2043 4524 si·

482 4533 724 4585 monidea.
749 4537 976 4586 Fortasse
995 4535 1228 4586 dicuntur
1243 4537 1280 4588 ii
1309 4538 1646 4602 Athenienses,
1667 4542 1751 4604 qui
1777 4555 1932 4605 quum
1951 4547 2043 4594 Ar·

483 4599 742 4654 chidamus
760 4605 922 4669 primo
958 4606 1124 4658 statim
1143 4621 1271 4658 anno
1301 4607 1421 4660 belli
1446 4611 1496 4661 in
1531 4611 1740 4662 Atticam
1769 4613 2041 4677 irrupisset,

482 4672 816 4727 occubuerunt
840 4677 892 4727 in
913 4677 1094 4728 infelici
1136 4692 1299 4742 pugna
1336 4682 1441 4745 περὶ
1466 4683 1574 4738 τοὺς
1589 4683 1793 4740 Ῥεῖτους
1821 4688 2045 4747 καλουμέ-

483 4760 606 4803 νους,
631 4743 787 4796 Τ11110.
807 4749 876 4808 11,
901 4751 973 4797 19.
1008 4768 1031 4791 ιο
1060 4747 1429 4800 Schneidewin.
1461 4767 1512 4814 p.
1549 4757 1657 4802 224.
1683 4758 1790 4803 -4
1809 4755 2043 4814 Ἑλλήνων

483 4811 788 4866 Schneidew.
813 4831 903 4880 pro
942 4817 1077 4868 edito
1107 4820 1356 4869 Ἑλλάνων.
1391 4825 1448 4872 In
1475 4823 1572 4872 line
1605 4823 1732 4873 Cod.
1767 4826 2039 4888 μαχόμενοι,

484 4881 536 4930 111
553 4895 703 4947 mang.
735 4904 747 4932 ι
774 4902 848 4948 γρ.
875 4889 1172 4950 μαρνάμενοι,
1203 4890 1261 4939 ut
1287 4890 1421 4941 Plan.

491 5077 500 5089 ,
545 5029 730 5081 chlv
757 5033 802 5080 *.
832 5031 1030 5082 Lemma
1068 5047 1079 5074 ἱ
1112 5035 1174 5090 εἷς
1203 5035 1461 5099 Βρὸταχον,
1493 5039 1769 5096 Σιμωνίδου.
1807 5041 1864 5089 111
1889 5051 2039 5103 supe·-

1611 210 2121 273 AN'PHOLOGlAE
2168 208 2573 275 PALATINAE

2140 347 2265 397 riore
2284 348 2496 413 margine
2524 350 2709 412 paginae
2729 349 2923 399 diversa
2956 364 3106 401 manu
3128 352 3371 417 scriptum
3406 354 3557 416 epigr.
3599 366 3697 401 eum

2140 416 2235 467 hoc
2264 419 2508 469 lemmate.
2540 419 2772 470 Additum
2806 426 2979 470 ετοῦτο
3002 424 3174 480 δισσῶς
3200 430 3380 473 κεῖται.
3410 424 3508 473 Sed
3532 423 3641 473 alibi
3655 425 3697 471 in

2140 488 2319 537 Codice
2340 502 2436 537 11011
2462 493 2639 539 exstat.
2661 517 2723 526 —
2746 496 2765 540 1
2800 497 2911 555 κρῆς
2936 492 3060 542 cod.
3090 519 3153 529 —
3180 501 3208 542 9.
3229 497 3318 544 aut
3340 494 3569 556 ἐμπορίαν
3596 508 3695 543 cum

2141 558 2443 609 SchneideW.
2471 560 2639 623 scrib„
2662 564 2751 611 aut
2774 564 2951 623 γενεήν.

2204 710 2386 759 CCLV.
2417 712 2647 761 Lemma:
2670 713 2735 768 είς
2755 714 2932 775 ἐτέρους
2954 712 3225 776 προμάχους
3254 714 3543 763 θεσσαλῶν.
3566 716 3696 763 Stan-

2139 778 2266 830 leius
2286 778 2478 842 putavit
2492 780 2787 843 particulam
2800 792 2910 831 esse
2928 780 3097 845 elegia)
3112 795 3259 845 quam
3276 782 3549 843 AEschylus
3566 784 3613 831 in
3626 797 3701 833 eos

2142 848 2337 912 scripsit
2358 849 2445 911 qui
2466 849 2517 899 in
2541 864 2707 914 pugna
2733 850 3032 901 Marathonia
3050 850 3407 913 occubuerant,
3434 856 3562 903 teste
3584 856 3699 904 vnae

2140 919 2303 968 AEsch.
2335 920 2573 983 scriptore
2598 936 2610 969 :
2644 922 2768 971 κατὰ
2787 923 2830 971 δ’
2847 922 2995 978 ἐνίους
3024 924 3043 983 (
3056 924 3321 985 AEscliylus
3342 922 3397 971 in
3420 923 3627 973 Siciliam
3644 926 3697 974 ad

2142 988 2403 1040 Hieronem
2430 990 2665 1051 secessit)
2688 994 2735 1040 ἐν
2760 998 2827 1053 τῷ
2852 992 2915 1048 είς
2938 992 3045 1047 τοὺς
3072 993 3119 1041 ἐν
3153 996 3415 1057 Μαραθῶνι
3440 995 3700 1051 nov-02:672:

2142 1058 2329 1121 ἐλεγείῳ
2351 1062 2568 1119 ἡσσηθεὶς
2601 1062 2847 1124 Σιμωνίδῃ.
2878 1061 2973 1113 Sed
2997 1062 3061 1111 ad
3097 1066 3281 1114 Ossam
3310 1062 3568 1126 perierunt
3589 1080 3699 1127 quos

2140 1133 2285 1191 poeta
2302 1130 2529 1181 celebrat.
2558 1132 2699 1181 Unde
2728 1133 2970 1196 glossator
2994 1134 3263 1189 Θεσσαλοὺς
3285 1133 3529 1197 loquitur,
3558 1150 3699 1197 neque

2140 1201 2306 1249 tamen
2344 1204 2537 1252 constat
2586 1216 2701 1265 quae
2732 1216 2893 1267 pugna
2918 1202 3111 1253 dicatur
3135 1206 3186 1254 et
3223 1218 3329 1267 quo
3366 1208 3592 1267 tempore
3618 1220 3698 1267 pu·

2143 1274 2301 1332 gnata.
2324 1298 2385 1309 —
2413 1278 2431 1322 1
2464 1278 2711 1337 μενεγχέας
2734 1273 2855 1323 cod.
2875 1300 2938 1311 —-
2957 1280 2985 1325 3
3012 1276 3131 1332 ζωὸν
3155 1275 3315 1337 Plan.;
3337 1276 3366 1303 *
3392 1278 3514 1332 ζωὸν
3542 1290 3699 1340 super-

2142 1342 2303 1403 posito
2322 1345 2365 1391 οὶ
2393 1343 2514 1393 Cod.

2206 1482 2409 1533 CCLVI.
2442 1484 2642 1532 Lemma
2678 1503 2690 1533 ι
2717 1486 2781 1541 είς
2806 1486 2911 1542 τοὺς
2941 1488 3183 1550 Ἐρετριεῖς
3208 1489 3319 1544 τοὺς
3339 1489 3391 1537 ἐν
3417 1488 3695 1543 Ἐιὸατάνοις

2143 1555 2395 1615 κειμένους.
2422 1554 2535 1603 81110
2554 1556 2709 1617 poetae
2738 1556 2932 1606 nomine
2948 1558 3097 1608 affert
3118 1558 3347 1609 Philostr.
3374 1560 3476 1610 Vit.
3498 1561 3643 1621 Apoll.
3661 1566 3693 1617 Ι,

2144 1629 2204 1673 24
2234 1637 2246 1667 τ
2284 1625 2464 1673 «Cous.
2503 1638 2581 1688 ep.
2614 1632 2723 1677 259.
2755 1627 2939 1677 Gallice
2961 1627 3177 1679 reddidit
3202 1629 3440 1679 Larcber.
3468 1628 3533 1678 ad
3556 1632 3691 1678 Hero-
3732 1640 3735 1645 ·

2142 1692 2243 1743 dot.
2266 1696 2352 1754 VI,
2382 1709 2430 1743 n.
2458 1702 2565 1746 206.
2598 1716 2620 1739 υ
2640 1698 2705 1745 B.
2741 1698 2797 1746 In
2818 1698 2975 1760 primo
2992 1697 3120 1747 bello
3144 1699 3345 1749 Persico
3372 1700 3540 1760 Datis,
3558 1714 3695 1762 quum

2142 1763 2377 1813 Euboeam
2393 1765 2632 1827 cepisset,
2650 1766 2833 1816 multos
2869 1768 3089 1832 captivos
3119 1769 3170 1817 in
3199 1770 3425 1820 Persiam
3459 1770 3521 1819 ad
3552 1784 3693 1833 regem

2140 1834 2303 1891 misit,
2342 1835 2523 1898 quibus
2564 1837 2745 1887 Darius
2785 1838 2902 1888 vitae
2930 1838 3073 1889 sedes
3115 1838 3388 1904 assignavit
3426 1840 3479 1890 in
3520 1842 3693 1905 regione

2141 1905 2393 1965 cissia;v.
2432 1906 2664 1957 Herodot.
2699 1910 2787 1969 Vl,
2826 1913 2913 1957 119
2945 1912 2997 1959 et
3024 1908 3251 1959 Philostr.
3290 1910 3326 1960 l.
3377 1924 3423 1960 0.
3461 1914 3517 1960 111
3544 1912 3626 1960 hos
3658 1914 3692 1959 si

2142 1978 2379 2040 scriptum
2408 1980 2485 2027 est
2511 1979 2805 2042 epigramma
2828 1982 3069 2040 nostrum,
3096 1994 3197 2031 11011
3215 1981 3340 2032 satis
3370 1987 3569 2047 apparet
3590 1996 3693 2045 quo-

2140 2047 2287 2097 modo
2332 2048 2382 2097 in
2434 2048 2597 2099 medio
2629 2048 2888 2100 Ecbatanae
2930 2064 3047 2114 agro
3082 2052 3261 2115 sepulti
3306 2066 3422 2104 esse
3466 2050 3689 2111 dicantur,

2140 2133 2293 2182 quum
2324 2119 2568 2170 Ecbatana
2589 2133 2619 2170 a
2648 2120 2839 2183 regione
2870 2121 3027 2171 Cissia
3044 2123 3282 2185 Susisque
3304 2124 3420 2185 (ep.
3442 2128 3550 2183 259)
3586 2124 3691 2171 satis

2139 2190 2281 2253 longo
2318 2176 2571 2240 inter-vasso
2598 2190 2663 2241 sit
2692 2192 2880 2242 dissita.
2916 2192 3019 2241 Nisi
3067 2192 3213 2255 igitur
3240 2194 3329 2243 alii
3364 2195 3689 2244 Eretriensium

2137 2271 2287 2323 prope
2310 2263 2432 2311 Susa
2450 2300 2463 2323 ,
2483 2262 2565 2311 alii
2581 2262 2631 2311 iu
2653 2274 2769 2326 agro
2790 2262 3038 2314 Ecbatana
3058 2264 3280 2314 collocati
3312 2266 3451 2325 sunt,
3472 2265 3690 2314 Ecbatana

2137 2342 2226 2393 pro
2255 2330 2440 2392 Media,
2462 2328 2572 2380 haec
2600 2346 2689 2395 pro
2715 2332 2946 2383 universo
2970 2335 3459 2399 Persarumimperio
3480 2336 3605 2385 dieta
3624 2336 3686 2384 ri-

2138 2400 2242 2450 deri
2262 2400 2425 2451 debet.
2461 2405 2582 2453 Jac.
2615 2428 2677 2438 —-
2712 2408 2733 2452 1
2768 2404 3022 2468 βαθύρροον
3050 2406 3195 2466 οἶδμα
3226 2407 3447 2461 πλέοντες
3486 2419 3559 2469 ap.
3594 2406 3686 2454 Phi-

2136 2470 2295 2532 lostr.‚
2326 2472 2413 2534 qui
2437 2474 2732 2523 nautarum
2769 2474 3116 2524 Eretriensium
3146 2476 3379 2538 sepulcro
3416 2476 3683 2539 inscriptum

2137 2540 2271 2602 dicit,
2298 2543 2375 2591 ἐπὶ
2394 2548 2577 2592 ναυτῶν
2598 2560 2649 2592 τε
2670 2545 2751 2593 καὶ
2774 2547 3045 2607 ναυκλήρων
3070 2546 3261 2607 σήματι.
3284 2574 3353 2583 -
3372 2554 3400 2597 2
3430 2547 3598 2610 κείμεθ’
3630 2549 3684 2595 ἐνὶ

2136 2612 2269 2662 Plan.
2307 2616 2359 2663 et
2394 2612 2535 2674 Phil„
2578 2614 2722 2676 cujus
2751 2634 2776 2658 α
2796 2615 2908 2665 eod.
2940 2616 3091 2665 Paris.
3127 2621 3244 2667 isac
3272 2618 3453 2679 κείμεθ’
3490 2620 3685 2684 ἐνίμμεσ·

2138 2683 2289 2745 σάτῳ.
2320 2702 2345 2725 1»
2384 2684 2547 2734 Boi-ss.
2572 2684 2735 2735 Codex
2762 2686 2907 2737 Anth.
2932 2688 3122 2748 κείμεθα
3146 2686 3193 2735 ἐν
3222 2702 3272 2747 μ.
3306 2687 3563 2737 Jacobsius
3586 2702 3684 2736 con-

2133 2751 2329 2813 jiciebat
2346 2755 2537 2817 κείμεθα
2557 2756 2814 2819 μεσσατίῳ.

2202 2906 2431 2956 CCLvn.
2452 2907 2651 2957 Lemma
2679 2920 2691 2950 ²
2718 2909 2887 2969 ἄδηλον
2902 2947 2915 2970 ,
2946 2912 3010 2966 εἰς
3029 2910 3134 2965 τοὺς
3154 2909 3407 2966 Ἀθηναίων
3428 2908 3563 2970 (sive
3581 2910 3685 2964 Ἀθη-

2137 2976 2311 3036 ναίους,
2338 2976 2609 3040 incertum)
2638 2981 2925 3042 προμάχους.
2948 2977 3205 3028 Simonidi
3224 2977 3401 3028 tribuit
3420 2977 3567 3027 schol.
3590 2977 3680 3025 Ari-

2136 3045 2307 3108 stidis,
2338 3065 2362 3090 α
2397 3046 2529 3110 apud
2561 3061 2711 3111 quem
2745 3051 2906 3099 exstat
2930 3047 3023 3110 bis,
3052 3064 3097 3112 p.
3134 3054 3219 3099 136
3238 3051 3288 3098 et
3329 3053 3417 3099 155
3448 3052 3484 3098 1.
3522 3049 3587 3096 lu
3611 3046 3696 3096 ed.'

2136 3115 2302 3175 Dind.;
2329 3113 2488 3180 priore
2512 3118 2620 3168 loco
2654 3132 2772 3168 cum
2809 3121 3089 3178 δουλοσύνην
3106 3156 3120 3182 ,
3163 3121 3220 3168 111
3247 3118 3527 3177 Planudea,
3562 3117 3677 3178 quod

2118 3186 2329 3249 -praetuli
2356 3187 2551 3239 Codicis
2574 3189 2826 3253 scripturas
2854 3191 3155 3240 δουλοσύναν.
3174 3211 3198 3233 »ι
3224 3192 3286 3238 B.
3320 3189 3599 3238 Simonideis
3622 3187 3679 3236 in·
3767 3187 3768 3192 ’

2137 3259 2396 3306 seruerunt
2432 3257 2787 3308 Schneidewin.
2821 3261 2872 3308 et
2898 3260 3091 3323 Bergk„
3138 3258 3225 3321 qni
3259 3272 3311 3322 p.
3342 3267 3433 3310 902
3466 3274 3479 3301 =
3520 3277 3543 3301 α
3574 3260 3678 3306 For·

2134 3329 2268 3376 tasse
2290 3326 2341 3377 in
2359 3326 2470 3376 flios
2493 3327 2580 3390 qui
2604 3327 2799 3378 Plataeis
2820 3329 3135 3389 occiderunt3
3158 3329 3260 3389 ubi,
3294 3333 3352 3379 ut
3384 3333 3579 3378 Pausan.
3600 3330 3673 3386 lx,

2137 3405 2185 3459 2,
2221 3404 2248 3448 5
2264 3437 2277 3458 ,
2304 3403 2398 3453 τοῖς
2419 3399 2501 3459 μὲν
2529 3399 2706 3454 λοιποῖς
2728 3399 2852 3448 ἐστιν
2874 3400 3069 3457 Ἕλλησι
3090 3405 3249 3460 μνῆμα
3266 3403 3423 3449 κοινὸν
3436 3437 3451 3462 ,
3472 3400 3675 3450 Λακεδαι-

2136 3467 2311 3528 μονίοις
2338 3469 2389 3516 δὲ
2418 3469 2499 3516 καὶ
2523 3468 2771 3526 Ἀθηναίοις
2805 3469 2904 3532 ἰδίᾳ
2942 3473 2994 3518 τὲ
3029 3471 3146 3518 εἰσιν
3172 3472 3217 3518 οἱ
3247 3471 3383 3532 τάφοι
3410 3473 3487 3519 καὶ
3515 3468 3675 3528 ἐλεγεῖά

2134 3538 2234 3586 ἐστι
2273 3537 2531 3600 Σιμωνίδου
2564 3539 2860 3601 γεγραμμένα
2895 3539 2970 3586 ἐπ’
2996 3539 3169 3595 αὐτοῖς.
3205 3559 3229 3581 n
3268 3567 3331 3575 —
3360 3545 3377 3589 1
3409 3539 3673 3596 ἐξελάσαντες

2133 3621 2264 3657 unus
2286 3607 2393 3657 cod.
2416 3607 2569 3657 schol.
2590 3634 2653 3644 —
2672 3614 2701 3658 2
2728 3609 2952 3674 ἀργαλέαν
2978 3608 3284 3659 Schneidevv.
3318 3609 3559 3660 Edebatur
3578 3611 3672 3655 ειυ-

2136 3680 2355 3728 λοσῦναν.

2196 3821 2442 3870 CCLVIII.
2474 3823 2675 3871 Lemma
2700 3842 2713 3870 t
2738 3823 2803 3877 εἰς
2820 3822 2926 3878 τοὺς
2946 3823 3061 3884 μετὰ
3086 3823 3302 3882 Κίμωνος
3322 3824 3367 3872 ἐν
3390 3821 3667 3884 Εὐρυμέδοντι

2132 3889 2507 3953 ἀριστεύσαντας.
2532 3911 2557 3934 «
2590 3889 2989 3940 schneidewinus
3016 3891 3111 3941 hoc
3127 3905 3205 3955 ep.
3230 3895 3283 3941 et
3306 3891 3435 3954 quod
3464 3889 3667 3952 sequitur

2132 3973 2183 4008 n.
2219 3964 2329 4020 443,
2351 3974 2380 4011 a
2409 3960 2654 4011 Simonide
2674 3961 2936 4022 abiudicat,
2957 3961 3137 4024 quippe
3163 3961 3363 4024 quinon
3386 3962 3587 4026 potuerit
3611 3957 3669 4005 ri·

2132 4031 2308 4080 ctorias
2334 4033 2398 4082 ad
2438 4033 2848 4094 Eurymedontem
2884 4037 3154 4096 reportatas
3189 4033 3433 4083 celebrare
3460 4054 3471 4082 ;
3498 4035 3547 4082 31
3572 4029 3668 4077 vide

2134 4103 2410 4165 Kriigerum
2460 4103 2656 4151 Hister.
2698 4101 2847 4152 stud.
2892 4115 2939 4164 p.
2990 4109 3048 4151 52
3076 4105 3128 4151 et
3154 4107 3217 4152 64
3260 4115 3396 4166 seqq.
3434 4125 3455 4145 ›-
3499 4099 3662 4161 Bequ.

2102 4191 2108 4196 ¹
2132 4185 2181 4234 p.
2202 4177 2309 4223 904.
2338 4199 2399 4210 —
2428 4178 2447 4222 1
2468 4173 2756 4236 εὖρυμέόοντι
2788 4174 2942 4232 Plan.;
2969 4173 3145 4235 ἀγλαὰν
3165 4173 3287 4224 eod.
3313 4178 3361 4224 et
3380 4177 3493 4234 ἥὸην
3514 4185 3658 4235 super-

2130 4244 2292 4305 posito
2320 4261 2367 4292 α.
2397 4269 2457 4280 —
2476 4247 2503 4293 4
2528 4245 2779 4307 αἰχμηταῖς
2798 4242 2914 4293 cod.

2196 4399 2397 4448 ceux.
2416 4400 2619 4448 Lemma
2647 4411 2659 4439 ²
2682 4398 2747 4454 εἰς
2759 4397 2864 4453 τοὺς
2894 4397 3083 4452 Εὑὸοείς
3110 4397 3217 4452 τοὺς
3246 4398 3294 4446 ἐν
3314 4397 3500 4450 Σούσοις
3525 4394 3657 4440 τελευ·

2130 4471 2376 4528 τὴσαντας.
2412 4471 2469 4518 ln
2486 4468 2619 4518 Plan.
2640 4468 2810 4526 ἄδηλον
2828 4470 2921 4517 est.
2938 4466 3071 4530 Diog.
3101 4469 3155 4518 L.
3177 4470 3266 4528 111,
3290 4472 3350 4517 33
3373 4488 3385 4515 ι
3406 4467 3510 4529 φασί
3530 4464 3575 4511 δὲ
3592 4463 3657 4509 καὶ

2130 4541 2185 4588 τὸ
2202 4542 2265 4595 είς
2290 4540 2395 4596 τοὺς
2419 4541 2670 4603 Ἐρετριέας
2704 4539 2811 4595 τοὺς
2845 4541 3209 4601 σαγηνευθέντας
3240 4539 3383 4589 αὐτοῦ
3414 4533 3657 4600 (Platonis)

2131 4611 2263 4660 εἶναι·
2288 4612 2421 4660 Eos.
2442 4613 2542 4659 κτλ.
2576 4610 2699 4660 vide
2732 4609 2795 4659 ad
2828 4623 2906 4673 ep.
2938 4617 3045 4660 256.
3078 4630 3103 4653 α
3130 4609 3311 4659 Gallice
3334 4607 3536 4659 reddidit
3564 4607 3660 4653 Lar-

2130 4681 2263 4731 cber.
2300 4681 2363 4731 ad
2388 4681 2736 4742 Herodot.V1,
2757 4694 2807 4731 n.
2841 4687 2949 4732 206.
2992 4701 3017 4724 n
3052 4685 3115 4732 B.
3148 4707 3210 4718 --
3250 4687 3269 4731 1
3306 4683 3513 4730 Εὺῦοέων
3536 4675 3650 4726 suid-

2130 4765 2178 4801 ν.
2210 4753 2410 4810 Ἱππίας.
2434 4752 2621 4802 Deinde
2648 4753 2764 4816 ἦμεν
2782 4752 2919 4817 Diog.
2948 4779 3011 4789 —
3034 4759 3061 4802 2
3082 4753 3255 4803 τόσσον
3280 4753 3413 4816 Diog.

2192 4899 2373 4948 CCLX.
2392 4901 2589 4948 Lemma
2608 4919 2619 4948 ι
2636 4899 2699 4954 εἷς
2712 4916 2815 4948 τινα
2828 4899 2875 4948 ἐν
2890 4898 3159 4960 εὐδαιμονίᾳ
3170 4899 3317 4962 110)λῇ
3334 4895 3648 4970 τελευτήσαντα.

2130 4969 2266 5018 Ρ1311.
2300 4969 2605 5034 Kapranana.
2639 4989 2663 5011 «ι
2690 4969 2845 5018 Multa
2864 4969 2916 5017 in
2938 4968 3032 5018 hoc
3056 4981 3133 5032 ep.
3167 4969 3442 5032 conspirant
3474 4977 3573 5015 cum
3604 4971 3655 5008 us

2129 5052 2242 5102 quae
2262 5039 2323 5090 de
2343 5043 2401 5098 Q.
2423 5039 2602 5089 Metelli
2629 5038 2853 5089 felicitate
2871 5043 3069 5090 narrant
3086 5039 3299 5088 Velleius
3321 5042 3360 5100 l,
3387 5045 3432 5088 11
3452 5040 3495 5086 et
3514 5032 3648 5081 valer.
