3829 5747
890 207 1141 268 CAPUT
1191 208 1337 268 VIII.
1384 205 1936 268 EP1GRAMMATA
1975 206 2334 269 GREGORII
2373 205 2768 268 THEOLOGI.

271 341 569 420 Γρηγορίου
595 337 821 418 μεγάλου
846 336 1031 416 σύζυγε
1052 337 1307 417 ἀτρεκέως
1322 381 1339 415 ,

192 434 379 491 ἐνθάδε
402 430 499 502 τὴν
519 427 663 508 ἱερὴν
688 424 875 492 ὑπέδυς
893 426 1054 504 χθόνα
1074 471 1090 496 ,
1112 424 1249 502 ἕρμα
1274 428 1535 503 γυναικῶν

276 516 551 576 εὗσεὸέων·
584 514 760 594 βιότου
796 511 843 570 δ’
871 511 1021 593 ὥριος
1045 512 1297 584 ἐξελύθης.

478 665 585 711 165.
620 661 703 716 Εἷς
721 658 967 723 Γρηγόριον
983 665 1063 717 τῆς
1082 659 1249 722 μητρὸς
1266 659 1473 722 ἀδελφόν.

192 795 487 874 Γρηγόριον
521 789 761 870 μήτρως,
792 789 959 870 ἱερεὺς
982 789 1175 866 μέγας,
1197 789 1366 849 ἐνθάδ’
1388 789 1539 859 ἔθηκε

275 881 323 938 Γ
325 878 592 958 ρηγόριος,
622 876 866 956 καθαροῖς
892 877 1140 956 Μάρτυσι
1161 879 1512 955 παρθέμενος,

192 963 395 1037 ἠΐθεον,
422 964 703 1024 θαλέθοντα
719 1009 734 1036 ,
754 963 1008 1043 νεόχνοον·
1029 965 1085 1022 αἱ
1112 963 1167 1022 δὲ
1186 965 1426 1043 πάροιθεν

274 1058 371 1125 τῆς
393 1051 735 1133 γηροτροφίης
757 1051 961 1120 ἐλπίδες
986 1049 1081 1122 ἥδε
1103 1051 1261 1119 κόνις.

462 1205 567 1251 ico.
600 1201 725 1262 Πρὸς
742 1199 847 1255 τοὺς
865 1198 913 1248 ἐν
935 1197 1197 1262 μαρτυρίοις
1214 1202 1490 1261 τρυφῶντας.

196 1333 268 1391 Εἰ
293 1331 445 1410 φίλον
473 1331 756 1409 ὀρχησταῖς
780 1329 1058 1407 ἀθλήματα
1076 1376 1094 1402 ,
1114 1330 1205 1388 καὶΙ
1234 1329 1382 1410 φίλον
1408 1327 1541 1388 ἔστω

278 1419 463 1500 θρύψις
488 1419 843 1497 ἀεθλοφόροις·
865 1423 1031 1477 ταῦτα
1056 1417 1157 1498 γὰρ
1177 1417 1437 1478 ἀντίθετα.

198 1509 267 1568 Εἰ
288 1509 341 1567 δ’
364 1509 459 1567 οὗκ
478 1509 764 1586 ὀρχησταῖς
786 1505 1097 1583 ἀθλήματα,
1126 1505 1243 1564 οὐδὲ
1273 1507 1519 1572 ἀθληταῖς

274 1599 311 1666 ἡ
343 1593 553 1676 θρύψις,
575 1597 688 1662 πῶς
713 1592 775 1652 σὺ
800 1593 1045 1673 Μάρτυσι
1066 1595 1206 1672 δῶρα
1274 1593 1403 1672 έρεις

200 1683 447 1762 ἄργυρον,
470 1671 625 1753 οἶνον,
648 1683 860 1760 βρῶσιν,
882 1679 1209 1760 ἐρεύγματα;
1231 1615 1269 1754 Ξ
1292 1685 1356 1792 ῥα
1379 1681 1571 1747 δικαιος

278 1769 333 1838 ὃς
358 1772 553 1849 πληροῖ
573 1769 842 1840 θυλάκους,
868 1767 929 1826 ἂν
954 1759 1331 1834 ἀδικώτατοςτ
1296 1789 1360 1845 ῃ·
1345 1815 1361 1843 ‚

703 1921 808 1968 167.
848 1919 927 1974 Εἰς
947 1918 1054 1974 τους
1072 1919 1255 1974 αὐτούς.

204 2049 519 2158 Μάρτυρες,
549 2047 729 2108 εἴπατε
758 2048 927 2126 ἄμμιν
959 2051 1194 2121 ἀληθῶς,
1216 2051 1261 2109 εἰ
1284 2050 1471 2130 φίλον*
1450 2053 1575 2125 υμῖν

282 2139 340 2196 αἱ
364 2136 603 2210 σῦνοδοις
628 2135 702 2198 Τί
728 2137 821 2212 μὲν
852 2128 939 2196 ουν
960 2137 1135 2210 ἥδιον;
1168 2137 1303 2198 Ἀντὶ
1322 2140 1481 2212 τίνος

200 2229 314 2298 Τῆς
337 2229 553 2307 ἀρετῆς·
580 2225 763 2285 πολλοὶ
792 2225 893 2306 γὰρ
919 2224 1159 2338 ἀμείνους
1182 2215 1283 2284 ὧδε
1304 2225 1519 2304 γένοιντ’
1542 2228 1624 2300 ἄν,

283 2317 327 2373 εἰ
351 2317 523 2392 τιμῷτ
522 2311 736 2393 ’ἀρετή
764 2315 935 2373 Τοῦτο
959 2301 1136 2390 μὲνῗ
1080 2336 1134 2371 ευ
1167 2313 1362 2392 λέγετε.

206 2401 275 2462 Ἡ
303 2400 361 2458 δὲ
391 2401 556 2478 μέθη,
574 2399 636 2459 τό
656 2423 715 2458 τε
732 2399 955 2477 γαστρὸς
982 2399 1236 2478 ὑπάρχειν
1264 2401 1383 2468 τους
1408 2400 1724 2469 θεραπευτὰς

284 2489 492 2554 ἄλλοις·
522 2488 821 2567 ἀθλοφόρων
849 2487 1055 2554 ἔκλυσις
1080 2488 1353 2569 αλλοτρία.

705 2641 810 2688 168.
844 2637 926 2694 m<
950 2643 1057 2693 τοὺς
1080 2639 1265 2695 αὐτους.

211 2758 299 2829 Μὴ
328 2758 573 2838 ψεύδεσθ’
602 2758 683 2818 ὅτι
713 2759 937 2868 γαστρὸς
962 2759 1227 2819 ἐπαινέται
1256 2761 1384 2820 εἰσιν
1412 2761 1665 2832 ἀθληταί·

282 2849 493 2922 λαιμῶν
517 2843 622 2906 οἵδε
652 2845 840 2923 νόμοι,
867 2835 929 2905 ω’
957 2848 1131 2925 γαθοὶ,
1154 2849 1440 2926 υμετέρων·

212 2933 459 3014 Μάρτυσι
487 2935 533 2992 δ
557 2936 630 3000 εἷς
654 2933 810 3010 τιμὴν
842 2933 951 2993 ἕν’
928 2934 1245 3011 επίσταμαι·
1275 2934 1427 3016 ὔὸριν
1451 2936 1684 2996 ἐλαύνειν

286 3024 463 3101 ψυχῆς
484 3020 575 3079 καὶ
601 3021 838 3101 δαπανᾷν
863 3023 1081 3101 δάκρυσι
1109 3020 1205 3093 τὴν
1229 3023 1475 3099 πιμελήν.

719 3180 826 3227 169.
864 3178 944 3232 Εἰς
965 3176 1071 3232 τοὺς
1093 3176 1273 3233 αὐτούς.

214 3298 559 3377 Μαρτῦρομ’,
588 3296 863 3376 ἀθλοφόροι
887 3298 976 3355 καὶ
1007 3296 1285 3377 μάρτυρες·
1317 3296 1465 3377 ὕὸριν
1492 3298 1683 3371 ἔθηκαν

286 3384 452 3461 τιμὰς
475 3384 726 3465 ὑμετέρας
749 3388 797 3443 οἱ
828 3388 1273 3466 φιλογαστορίδαι.

213 3475 290 3533 Οὗ
314 3477 517 3545 ζητεῖτε
543 3472 806 3553 τράπεζαν
836 3468 1077 3549 ἐύπνοον,
1102 3474 1217 3532 οὐδὲ
1240 3474 1515 3553 μαγείρους
1532 3499 1545 3513 ·

290 3565 339 3620 οἱ
366 3562 413 3620 δ’
443 3560 627 3641 ἐρυγὰς
653 3560 935 3639 παρέχουσ’
968 3560 1077 3619 ἄντ’
1102 3564 1288 3639 ἀρετῆς
1310 3562 1369 3620 τὸ
1390 3564 1565 3640 γέρας.

435 3708 537 3754 170.
566 3706 647 3761 Εἰς
663 3705 769 3759 τοὺς
792 3705 955 3761 αὐτοὺς
972 3706 1195 3754 καὶκατὰ
1216 3706 1550 3769 τυμὸωρῦχων.

216 3824 551 3901 Τρισθανέες,
572 3827 777 3904 πρῶτον
803 3826 896 3900 μὲν
926 3823 1135 3902 ἐμίξατε
1162 3824 1368 3901 σώματ’
1397 3826 1636 3905 ἀνάγνων

220 3912 516 3992 ἀθλοφόροις
533 3956 551 3983 ,
575 3910 767 3988 τύμδοι
792 3910 847 3969 δὲ
876 3914 1134 3981 θυηπόλον
1163 3912 1323 3992 ἀμφὶς
1349 3913 1553 3993 ἔχουσι·

220 3999 454 4077 δεύτερον
478 3990 602 4057 αῧτε
629 3997 818 4080 τάφους
846 4000 963 4065 τοὺς
990 3999 1086 4076 μὲν
1112 4000 1411 4080 διεπέρσατ’
1439 4001 1674 4079 ἀθέσμως
1690 4048 1708 4079 ,

223 4088 365 4147 αὐτοὶ
390 4085 592 4163 σήματ’
621 4086 826 4165 ἔχοντες
846 4087 1023 4163 ὁμοίια
1043 4110 1057 4124 ·
1080 4087 1197 4154 τοὺς
1227 4088 1271 4147 δ’
1294 4088 1547 4149 ἀπέδοσθε
1564 4134 1581 4163 ,

218 4173 445 4234 πολλάκι
472 4172 561 4231 καὶ
584 4173 694 4251 τρὶς
720 4172 968 4233 ἕκαστον·
991 4172 1019 4231 ὃ
1039 4174 1094 4233 δὲ
1122 4175 1317 4255 τρίτον,
1338 4177 1615 4256 ἱεροσυλεῖς

219 4260 485 4339 μάρτυρας
512 4258 597 4327 οὓς
620 4260 809 4341 φιλέεις
827 4283 840 4297 ·
870 4262 1207 4338 Σοδομίτιδος
1227 4262 1388 4336 ἥξατε
1412 4264 1601 4340 πηγαί.

440 4408 543 4455 171.
580 4408 659 4462 Εἰς
675 4406 783 4462 τοὺς
800 4406 963 4463 αὐτους
988 4408 1066 4455 καὶ
1084 4408 1207 4457 κατὰ
1224 4409 1555 4473 τυμὸωρῦχων.

226 4526 419 4593 Παῖδες
442 4528 770 4637 Χριστιανῶν
800 4527 907 4585 τόδ’
932 4527 1209 4587 ἀκούσατε·
1240 4528 1408 4590 Οὐδὲν
1428 4533 1456 4589 ὁ
1473 4531 1688 4609 τύμὸος·

299 4615 412 4679 πῶς
431 4605 517 4672 ουν
546 4612 824 4694 ὑμετέρους
853 4614 1073 4693 χώννυτ
1102 4617 1455 4694 ἀριπρεπέας,

228 4698 361 4759 ”An
388 4698 529 4761 ἔστιν
558 4702 650 4761 καὶ
677 4710 808 4761 πασι
834 4702 991 4780 γέρας
1008 4704 1157 4778 τόδε,
1186 4702 1319 4780 μηδὲ
1341 4706 1577 4785 τάφοισιν

305 4788 515 4864 βάλλειν
544 4789 834 4869 ἀλλοτρίοις
857 4788 1141 4865 δυσμενέας
1168 4790 1445 4868 παλάμας.

234 4876 295 4933 Fi
316 4876 361 4933 δ’
384 4873 465 4935 ὅτι
483 4876 557 4953 μὴ
582 4877 729 4943 νέκυς
755 4868 861 4936 οἶδε
884 4876 952 4935 τὰ
982 4880 1191 4951 ἐνθάδε,
1213 4883 1351 4938 τοῦτ’
1372 4880 1669 4955 ἀδίκαστον,

303 4964 590 5041 πείθομαι,
612 4961 676 5033 ἢν
702 4964 764 5022 σὺ
786 4964 943 5044 φέρῃς
973 4966 1167 5045 πατρὸς
1200 4966 1347 5049 ὕὸριν
1372 4970 1633 5046 φθιμένου.

3270 209 3304 264 βπ

3311 207 3387 264 ἓξ

1788 339 1798 406 f
1898 346 2114 412 Gregorii
2137 347 2296 410 magni
2323 359 2444 396 uxor
2460 357 2655 406 revera,

1835 433 1918 483 hic
1945 445 2132 484 sacram
2157 433 2352 484 subiisti
2369 433 2579 484 humum
2596 470 2609 494 ‚
2630 433 2854 483 columen
2877 431 3137 482 mulierum

1897 522 2089 584 piarum
2118 521 2253 572 :vita
2267 523 2434 572 autem
2458 523 2652 572 matura
2676 520 2984 570 exsoluta-es.

2195 671 2359 713 165.111
2379 669 2646 724 Gregorlnm
2667 667 2820 712 matris
2838 666 3050 712 tratrem...

1790 768 1797 845 ἶ
1840 797 2126 860 Gregorium
2145 798 2420 848 avunculus
2435 837 2448 859 ,
2470 797 2698 848 sacerdos
2721 812 2925 862 magnus
2938 835 2952 859 ‚
2973 799 3056 848 hic
3079 798 3244 862 posuit

1902 886 2164 949 Gregorius
2177 924 2190 946 ,
2209 887 2346 949 puris
2372 886 2668 948 martyribus
2691 885 3051 949 commendans,

1834 973 2065 1035 juvenem
2081 1011 2094 1034 ‚
2132 973 2376 1023 florentem
2393 1011 2406 1034 ,
2447 973 3255 1038 prima-pubescentem-lanugine3
3295 976 3392 1039 pri-

1902 1060 2242 1110 curandi-senii
2267 1074 2378 1126 spes
2401 1060 2482 1110 hic
2507 1064 2627 1111 sunt
2649 1061 2829 1124 pulvis.
3092 1059 3254 1125 [stium
3279 1077 3394 1113 vero

1910 1201 2004 1246 166.
2025 1201 2094 1247 Ad
2111 1213 2188 1248 eo·
2205 1202 2282 1258 qui
2297 1202 2345 1247 in
2365 1205 2615 1256 martyrum
2633 1203 2828 1248 ecclesiis
2852 1203 3012 1248 lautius
3027 1203 3342 1247 convivantur.

1839 1333 1889 1382 Si
1908 1332 2232 1394 jucunda-res
2252 1333 2566 1384 saltatoribus
2584 1335 2753 1397 proelia
2769 1371 2782 1394 ‚
2801 1334 2948 1384 etiam
2964 1335 3182 1397 jucunda
3199 1335 3264 1384 sit

1901 1421 2132 1484 voluptas
2147 1420 2760 1484 victoribus-martyribus3
2781 1419 2890 1471 hoec
2911 1421 3040 1470 enim
3063 1421 3300 1485 opposita.

1841 1508 1891 1556 Si
1914 1521 2032 1557 vero
2059 1521 2156 1556 non
2178 1507 2488 1558 saltatoribus
2508 1507 2752 1569 jucunda
2778 1508 2947 1571 proelia
2960 1547 2973 1570 ,
2996 1522 3086 1557 nec
3113 1507 3308 1558 athletis

1902 1593 2156 1656 voluptnS,
2184 1592 2430 1656 quomodo
2452 1596 2508 1643 tu
2537 1593 2834 1656 martyribus
2851 1591 2980 1643 dona
2997 1593 3094 1642 fers

1843 1683 2098 1744 argentum
2113 1717 2127 1742 ‚
2149 1681 2319 1730 vinum
2334 1717 2347 1741 ,
2378 1680 2539 1730 cibum
2553 1717 2567 1742 ,
2595 1682 2960 1731 eructationes?
2981 1685 3051 1730 An
3069 1680 3236 1742 justus

1904 1769 1990 1832 qui
2011 1768 2178 1830 implet
2200 1768 2340 1818 folles
2366 1767 2633 1831 (corpus),
2653 1768 2845 1818 etiamsi
2871 1768 3219 1832 injustissimus
3247 1768 3341 1818 sit?

2418 1916 2510 1959 167.
2543 1917 2594 1960 111
2625 1915 2823 1960 eosdem.

1845 2056 2083 2117 Martyres
2095 2091 2108 2114 ‚
2133 2053 2280 2104 dicite
2299 2054 2438 2104 nobis
2455 2067 2588 2115 vere,
2609 2067 2673 2103 au
2691 2053 2814 2117 grati
2834 2053 2974 2103 vobis

1908 2147 2211 2194 conventus?
2241 2142 2371 2202 Quid
2393 2147 2526 2194 certe
2541 2143 2840 2207 jucundius?
2865 2144 3020 2206 Cujus
3038 2145 3218 2192 causa?

1846 2232 2080 2290 Virtutis3
2107 2231 2250 2282 multi
2275 2232 2402 2282 enim
2428 2231 2652 2282 meliores
2677 2231 2748 2281 sic
2775 2231 2893 2281 fient
2907 2269 2920 2292 ‚

1908 2318 1953 2368 si
1975 2317 2242 2369 honoretur
2268 2319 2440 2370 virtus.
2459 2345 2520 2355 ——
2535 2319 2588 2368 ld
2607 2319 2805 2381 quidem
2829 2317 2954 2368 bene
2978 2317 3154 2368 dicitis.

1848 2408 1938 2456 Ast
1961 2405 2169 2457 ebrietas
2185 2444 2198 2466 ‚
2219 2409 2270 2458 et
2293 2406 2478 2456 ventris
2501 2419 2610 2456 esse
2639 2407 2828 2456 animos
2852 2406 3064 2456 cultores
3078 2441 3092 2466 ,

1912 2495 2020 2543 esto
2045 2488 2151 2543 aliis
2181 2513 2192 2542 ι
2222 2507 2252 2543 a
2277 2493 2859 2556 victoribus-martyribus
2885 2492 3114 2543 relaxatio
3140 2491 3310 2541 aliena.

2435 2641 2526 2683 168.
2553 2642 2604 2684 In
2636 2639 2830 2684 eosdem.

1850 2773 1922 2820 Ne
1944 2770 2270 2830 mentiamini,
2296 2771 2430 2834 quod
2449 2770 2633 2821 ventris
2658 2769 2935 2821 laudatores
2960 2770 3058 2820 sint
3072 2772 3310 2833 martyres
3332 2791 3344 2819 ι

1912 2857 2133 2921 gularum
2155 2857 2234 2908 hae
2253 2859 2382 2923 leges
2395 2898 2408 2919 ‚
2428 2873 2459 2910 o
2475 2858 2589 2909 boni
2607 2898 2620 2919 ‚
2648 2861 2940 2909 vestrarum.
3278 2857 3408 2922 [lere

1851 2947 1914 2993 At
1939 2943 2236 3007 martyribus
2263 2943 2312 2992 in
2338 2942 2573 2993 honorem
2590 2956 2747 2992 unum
2767 2940 2865 2993 hoc
2882 2942 2997 2991 novi
3022 2962 3035 2991 z
3065 2940 3296 3005 probrum
3314 2940 3408 3004 pel-

1913 3030 2086 3080 animae
2109 3032 2161 3079 et
2183 3043 2470 3080 consumere
2487 3029 2700 3079 lacrimis
2724 3029 3082 3094 pinguedinem.

2431 3170 2524 3214 169.
2555 3172 2606 3214 ln
2631 3168 2828 3214 eoadem.

1850 3305 2024 3354 Testor
2042 3316 2130 3352 vos
2142 3342 2154 3364 ,
2175 3303 2388 3353 victores
2405 3304 2455 3354 et
2474 3304 2714 3365 martyres
2741 3320 2755 3350 ι
2783 3300 3017 3365 probrum
3042 3300 3262 3351 fecerunt

1913 3390 2122 3440 honores
2139 3392 2330 3440 vestros
2353 3390 2632 3439 lurconidae.

1854 3480 1960 3527 Non
1989 3478 2212 3543 quaeritis
2236 3491 2456 3527 mensam
2481 3476 2682 3527 odoram
2707 3488 2870 3539 neque
2887 3487 3100 3538 coquos3

1806 3622 1813 3632 ,
1918 3565 1988 3615 illi
2013 3568 2178 3615 autem
2206 3564 2537 3615 eructationes
2563 3564 2783 3627 proebent
2809 3576 2896 3627 pro
2926 3562 3108 3611 virtute
3136 3559 3407 3623 praemium.

2009 3702 2100 3744 170.
2127 3702 2176 3745 ln
2191 3700 2370 3745 eosdem
2387 3703 2435 3743 et
2452 3703 2611 3743 contra
2629 3700 2941 3753 sepulcrorum
2962 3695 3251 3753 perfossores.

1854 3829 2291 3893 Ter-morte-digni
2311 3867 2325 3889 ,
2354 3828 2512 3892 primo
2537 3826 2800 3877 miscuistis
2818 3840 3021 3891 corpora
3041 3826 3350 3891 profanorum

1807 3962 1817 4003 ι
1856 3916 2152 3979 martyribus
2169 3954 2183 3977 ‚
2210 3920 2260 3967 et
2284 3916 2505 3981 sepulcra
2535 3916 2775 3967 flaminem
2801 3916 3073 3977 cont-inent;

1808 4012 1816 4119 ι
1858 4003 2074 4055 secundo
2101 4018 2273 4055 rursus
2301 4005 2523 4068 sepulcra
2547 4004 2642 4054 alia
2671 4004 2917 4055 evertistis
2933 4004 3146 4061 nefarie,

1810 4120 1816 4137 .
1858 4093 1950 4156 ipsi
1975 4094 2290 4143 monumenta
2312 4091 2548 4143 hahentes
2575 4091 2775 4148 similia,
2797 4091 2892 4141 alia
2915 4104 3033 4140 vero
3051 4090 3354 4149 vendidistis,

1854 4192 1994 4243 saepe
2018 4180 2165 4230 etiam
2192 4183 2268 4230 ter
2289 4179 2708 4243 unumquodque3
2734 4180 2880 4229 tertio
2899 4180 3067 4227 autem
3083 4177 3417 4240 sacrilegus-es

1860 4266 1909 4314 in
1933 4268 2172 4328 martyres
2191 4279 2317 4329 quos
2341 4264 2539 4329 diligis:
2527 4264 2838 4315 ·Sodomitici
2855 4265 3094 4328 erumpite
3117 4265 3292 4314 sontes,

2013 4406 2101 4450 171.
2127 4409 2180 4449 1n
2201 4404 2382 4451 eosdem
2407 4408 2453 4450 et
2471 4408 2632 4451 eontra
2649 4406 2963 4460 sepulcrorum
2983 4402 3270 4461 perfossores.

1809 4454 1818 4624 Ι
1860 4540 1966 4589 Filii
1990 4537 2402 4600 Christianorum,
2423 4538 2518 4588 hoc
2545 4537 2712 4587 audite
2742 4557 2754 4586 ι
2785 4536 2911 4586 Nihil
2936 4537 3013 4586 est
3035 4536 3260 4586 tumulus
3283 4558 3292 4585 ι

1811 4630 1818 4689 ξ
1922 4625 2170 4689 quomodo
2195 4626 2341 4690 igitur
2360 4628 2550 4676 vestros
2572 4625 2766 4675 struitis
2787 4622 3216 4686 late-splendentes
3236 4628 3258 4671 Ρ

1813 4698 1819 4770 I
1862 4714 1955 4764 Sed
1985 4716 2062 4763 est
2087 4717 2137 4764 et
2161 4713 2350 4763 cunctis
2374 4712 2530 4763 honor
2557 4714 2660 4773 liic,
2684 4726 2844 4775 neque
2870 4712 3104 4774 sepulcris

1814 4775 1822 4916 '
1928 4801 2106 4865 injicite
2133 4801 2302 4851 alienis
2329 4800 2542 4851 infensas
2567 4812 2757 4850 manus.
3043 4798 3291 4861 [immune
3317 4801 3416 4855 est,

1816 4919 1819 4927 ·
1862 4892 1910 4939 Si
1939 4902 2054 4939 vero
2080 4888 2214 4953 quod
2242 4888 2448 4938 cadaver
2471 4887 2733 4938 nun-sentit
2751 4900 2866 4949 quae
2887 4886 2970 4936 hle
2987 4886 3137 4947 fiunt,
3160 4886 3210 4935 id
3237 4884 3420 4946 judicii-

1813 4955 1819 5041 i
1928 4977 2121 5027 credam
2139 5016 2152 5037 ‚
2175 4979 2213 5027 si
2241 4979 2296 5026 tu
2326 4977 2455 5027 teras
2475 4976 2625 5039 patris
2651 4974 2993 5025 contumeliam
3017 4977 3211 5024 mortui.
