3829 5747
1004 271 1248 330 CAPUT
1289 270 1386 330 vr.
1433 256 1987 331 EPIGRAMMATA
2028 266 2554 327 DEmCAToRm.
3263 265 3377 321 ico

301 411 375 468 καὶ
398 407 572 466 κανόνα
598 408 846 483 γραμμῆς
876 401 1120 481 ἷθυπόρου
1151 402 1363 479 ταμίην,

180 520 198 557 s
241 500 311 559 καὶ
327 496 509 575 χρόνιον
524 495 792 570 γλνπτοῖσι
817 488 982 565 μέλαν
1004 487 1400 569 πεφυλαγμένον
1427 487 1657 567 ἄντροις,

302 586 378 643 καὶ
401 580 628 660 γλυφίδας
652 578 908 654 καλάμων
935 576 1073 655 ἄκρα
1103 574 1505 653 μελαινομένων,

243 672 428 751 Ἰ-’,ρμείῃ
453 669 774 744 Φιλόδημος,
806 663 917 725 ἐπεὶ
947 664 1122 745 χρόνῳ
1149 663 1392 743 ἐκκρεμὲς
1418 662 1520 733 ἤδη

304 756 408 832 ἦλθε
433 762 542 819 κατ’
567 758 844 836 ὀφθαλμῶν
879 754 1031 833 ῥυσὸν
1058 750 1373 812 ἐπισκύνιον.

720 898 810 949 65.
851 900 972 945 ΤΟΥ
1003 898 1218 945 ΑΥΤΟΥ.

244 1033 329 1093 Τὸν
351 1028 606 1107 τροχόεντα
629 1024 899 1101 μόλιὸδον,
921 1021 974 1088 ὃς
998 1021 1232 1101 ἀτραπὸν
1255 1010 1358 1079 οἶδε
1379 1017 1666 1099 χαράσσειν

307 1117 413 1197 ὀρθὰ
440 1113 709 1193 παραξύων
741 1115 942 1182 ἰθυτενῆ
973 1108 1168 1168 κανόνα
1186 1153 1204 1184 ,

247 1208 316 1265 καὶ
337 1203 520 1283 zain&
551 1201 775 1277 σκληρὸν
799 1198 1204 1276 καλαμηφᾶγον,
1233 1194 1370 1252 ἀλλὰ
1397 1193 1486 1251 καὶ
1516 1189 1669 1251 αὐτὸν

308 1292 507 1369 ἡγεμόνα
533 1294 784 1368 γραμμῆς
815 1287 1072 1352 ἀπλανέος
1101 1285 1324 1355 κανόνα,

192 1406 210 1441 s
248 1382 316 1439 καὶ
338 1380 458 1439 λίθον
479 1378 775 1455 ὀκριόεντα,
809 1373 959 1441 δόναξ
988 1373 1064 1433 ὅθι
1094 1373 1269 1432 δισσὸν
1292 1371 1476 1433 ὀδόντα

311 1468 494 1547 θῆγεται
521 1464 838 1544 ’ἇμὸλυνθεὶς
865 1466 926 1523 ἐκ
947 1462 1371 1541 δολιχογραφίης,

249 1556 318 1613 καὶ
346 1554 502 1633 βυθίην
529 1552 796 1629 Τρίτωνος
819 1552 1193 1628 ἁλιπλάγκτοιο
1218 1547 1507 1627 χαμεύνην,

311 1643 523 1719 σπόγγον,
548 1640 858 1719 ἄκεστορίην
887 1635 1219 1714 πλαζομένης
1240 1634 1512 1714 γραφίδος,

251 1732 320 1788 καὶ
339 1732 496 1800 κίστην
524 1728 784 1788 πολύωπα
816 1724 1152 1801 μελανδόκον,
1183 1726 1255 1782 εἴν
1281 1722 1356 1781 ἑνὶ
1382 1721 1549 1778 πάντα

182 1836 218 1872 10
315 1817 559 1897 εὖγραφέος
595 1815 787 1897 τέχνης
818 1814 1012 1893 ὄργανα
1039 1812 1308 1890 ρυομένην,

254 1908 396 1985 Ἐρμῇ
423 1902 779 1979 Καλλιμένης,
805 1900 1062 1979 τρομερὴν
1089 1901 1188 1959 ὑπὸ
1207 1900 1400 1975 γήραος
1423 1896 1560 1975 ὄκνῳ

313 1998 442 2073 χεῖρα
466 1992 802 2071 καθαρμόζων
834 1990 893 2046 ἐκ
923 1988 1142 2067 δολιχῶν
1170 1987 1441 2060 καμάτων.

734 2134 822 2185 66.
864 2135 984 2179 ΤΟΥ
1015 2132 1230 2179 ΑΥΤΟΥ.

254 2252 463 2335 Ἀὅροχον
488 2253 743 2319 ἀπλανέος
773 2250 987 2330 μόλιὸον
1017 2254 1298 2330 γραπτῆρα
1326 2246 1600 2317 κελεύθου,

314 2336 364 2414 ἦς
386 2344 464 2402 ἔπι
490 2347 720 2425 ῥιζοῧται
749 2340 1058 2419 γράμματος
1089 2338 1339 2417 ἁρμονίη,

254 2432 326 2489 καὶ
348 2430 520 2489 κανόνα
547 2430 832 2511 τροχαλοίο
859 2428 1222 2505 κυὸερνητῆρα
1255 2422 1503 2501 μολίὸδου
1517 2466 1535 2495 ,

315 2520 390 2576 καὶ
413 2518 592 2577 Meua
621 2514 821 2596 τρητὴν
852 2516 1066 2594 σπόγγῳ
1095 2512 1410 2589 ἐειδομένην,

199 2626 218 2662 5
255 2605 326 2661 ui
351 2604 548 2681 μέλανος
573 2610 849 2683 σταθεροῖο
877 2604 1102 2683 δοχήῖον,
1132 2603 1266 2660 ἀλλὰ
1297 2600 1386 2659 καὶ
1410 2598 1578 2656 αὐτῶν
1623 2644 1626 2649 .

316 2693 584 2771 εὖγραφέων
617 2693 874 2768 καλάμων
900 2689 1210 2769 ἆκροὸαφεῖς
1239 2686 1422 2752 ἀκίδας
1439 2730 1456 2760 ,

256 2782 464 2857 σπόγγον,
485 2782 604 2846 ἁλὸς
635 2779 919 2859 βλάστημα
937 2822 952 2853 ,
979 2780 1140 2855 χυτῆς
1161 2777 1392 2850 λειμῶνα
1423 2767 1709 2838 Θαλάσσης,

317 2869 392 2927 καὶ
414 2868 604 2948 χαλκὸν
637 2866 866 2925 δονάκων
897 2866 1116 2924 τέκτονα
1145 2859 1465 2931 λεπταλέων,

257 2957 402 3016 ἐνθάδε
427 2954 763 3034 Καλλιμένης
791 2955 1140 3035 φιλομειδέσιν
1161 2952 1342 3010 ἄνθετο
1373 2945 1609 3011 Μούσαις
1632 2991 1647 3022 ‚

184 3059 220 3096 ¹⁰
318 3046 456 3126 γήραϊ
479 3043 726 3124 κεκμηὼς
756 3042 974 3120 ὄμματα
998 3041 1089 3099 καὶ
1117 3038 1390 3113 παλάμην.
1493 3113 1499 3118 1

262 3203 338 3253 67.
391 3194 807 3255 ΙΟΥΛΙΑΝΟΥ
882 3192 1046 3250 Ano
1121 3185 1480 3248 ΥΠΑΡΧΩΝ
1559 3179 1773 3240 Alfi*-

879 3280 988 3338 ΠΤ
991 3279 1142 3337 lor.

263 3415 484 3487 linimen<
509 3419 848 3498 γραφίδεσσιν
879 3413 1193 3473 ἀπιθύνοντα
1221 3407 1430 3488 πορείας

1891 407 1942 457 et
1965 407 2181 470 regulam
2208 405 2349 455 lineae
2369 406 2517 455 rectae
2536 402 2823 451 curati-icem
2843 438 2855 461 ‚

1831 498 1880 546 et
1901 494 1987 545 diu
2007 498 2253 545 servatum
2274 494 2323 543 in
2342 491 2584 543 excavatis
2604 492 2931 540 atramentum
2952 487 3105 537 antris
3118 524 3132 548 ,

1893 587 1943 633 et
1970 596 2138 633 crenas
2163 582 2458 631 calamorum
2480 579 2741 629 in-summo
2764 577 3087 639 nigratorum,

1831 670 2073 723 Mercurio
2113 669 2427 720 Philodemus
2458 666 2753 726 dedicavit,
2773 664 3004 727 quoniam
3036 666 3253 725 tempore
3284 661 3386 723 jam

1895 760 1947 809 in
1976 758 2145 809 oculos
2178 756 2429 807 descendit
2454 767 2688 819 rugosum
2715 750 3040 815 supercilium.
3158 746 3387 813 [pendens

2390 901 2469 945 65.
2512 903 2809 944 musmm.

1835 1042 2119 1095 Rotundum
2141 1040 2397 1105 plumbum
2410 1078 2422 1101 ,
2446 1038 2581 1102 quod
2598 1039 2729 1088 viam
2756 1038 2847 1088 scit
2872 1034 3083 1085 incidere

1899 1132 2032 1181 recta
2050 1128 2225 1179 radens
2249 1128 2484 1178 directam
2510 1127 2727 1190 regulam
2743 1164 2757 1187 ,

1839 1221 1890 1268 et
1910 1216 2163 1280 chalybem
2184 1215 2367 1265 durum
2386 1212 2863 1263 calamos-rodentem
2881 1249 2894 1272 ‚
2926 1210 3013 1260 sed
3034 1210 3083 1258 et
3109 1209 3263 1270 ipsam

1901 1305 2079 1356 ducem
2100 1304 2243 1354 linem
2259 1301 2640 1353 non-aberrantis
2658 1300 2871 1363 regulam
2887 1338 2899 1361 ,

1842 1396 1893 1443 et
1910 1391 2121 1455 lapidem
2138 1403 2395 1454 asperum,
2416 1386 2606 1438 arundo
2634 1386 2719 1437 ubi
2744 1386 2986 1449 duplicem
3006 1383 3201 1434 dentem

1904 1477 2203 1529 suum-acuit
2227 1475 2455 1525 hebetata
2478 1488 2541 1524 ex
2562 1470 2959 1536 longa-scriptura
2973 1508 2986 1531 ,

1845 1570 1895 1619 et
1917 1565 2215 1631 profundum
2233 1563 2444 1613 Tritonis
2468 1557 2927 1623 mare-pervagantis
2944 1555 3103 1606 cubile
3116 1594 3129 1613 ‚

1907 1654 2157 1719 spongiam
2171 1691 2184 1714 ‚
2204 1650 2475 1701 remedium
2492 1646 2880 1699 errore-labentis
2898 1644 2997 1695 stili
3012 1682 3026 1706 ‚

1847 1746 1898 1793 et
1924 1742 2096 1791 cistam
2114 1738 2416 1788 multiforam
2435 1731 2999 1799 atramento-recipiendo
3016 1769 3029 1791 ,
3050 1730 3099 1779 in
3118 1742 3214 1777 uno
3238 1726 3398 1775 omnia

1908 1825 2303 1879 bene-scribentis
2328 1822 2448 1873 artis
2469 1823 2796 1871 instrumenta
2820 1820 3093 1869 servantem
3110 1854 3123 1876 ,

1849 1916 2087 1969 Mercurio
2110 1913 2397 1963 Callimenes
2413 1908 2705 1966 dedicavit,
2724 1902 2981 1955 tremulam
2999 1913 3030 1949 a
3042 1901 3290 1951 senectute
3301 1898 3401 1946 otio

1911 2017 2111 2053 manum
2134 2012 2371 2065 reponens
2401 1999 2515 2061 post
2537 1996 2708 2057 longos
2729 1992 2934 2042 labores.

2406 2132 2483 2175 66.
2530 2130 2825 2175 Esusmm.

1853 2258 2186 2323 Non-rigatum
2200 2250 2621 2305 haud-aberrantis
2637 2246 2895 2312 plumbum
2912 2244 3253 2295 delineatorem
3280 2241 3373 2290 vioe
3386 2278 3399 2302 ‚

1916 2346 1967 2395 in
1995 2359 2095 2408 qua
2120 2338 2610 2393 ut-radice-sundatur
2636 2334 2891 2397 scripturoe
2916 2330 3219 2394 aequabilitas
3234 2368 3247 2391 ‚

1855 2438 1906 2486 et
1924 2434 2142 2498 regulam
2168 2430 2365 2483 rotundi
2389 2426 2771 2492 gubernatricem
2796 2422 3008 2485 plumbi,

1920 2525 1971 2574 et
1995 2519 2205 2585 lapidem
2230 2518 2529 2583 perforatum
2552 2512 2765 2577 spongiae
2788 2510 2993 2581 similem
3010 2546 3023 2570 ‚

1858 2614 1908 2663 et
1935 2607 2195 2675 nigredinis
2218 2604 2542 2670 permanentis
2559 2600 2919 2663 receptaculum
2932 2636 2945 2659 ‚
2966 2598 3066 2646 imo
3082 2599 3133 2645 et
3149 2596 3359 2658 ipsorum

1919 2694 2379 2748 bene-scribentium
2396 2691 2691 2741 calamorum
2709 2686 2837 2737 acies
2853 2684 3260 2747 superne-tinctas
3272 2721 3285 2743 ,

1859 2784 2106 2851 spongiam
2120 2821 2135 2846 ‚
2155 2781 2302 2831 maris
2319 2778 2613 2844 progeniem,
2634 2774 2807 2837 liquidi
2822 2772 2960 2837 ponti
2976 2773 3169 2835 pratum
3188 2805 3203 2828 ,

1922 2878 1972 2925 et
1991 2887 2060 2924 ωε
2074 2911 2086 2934 ,
2106 2868 2397 2921 arundinum
2418 2864 2655 2916 artificem
2670 2861 2891 2913 tenuium
2904 2898 2917 2921 ‚

1861 2962 1943 3012 hlc
1962 2961 2249 3012 Callimenes
2264 2949 2855 3006 libenter-subridentibus
2878 2946 3119 2997 dedicavit
3136 2945 3290 2996 Musis
3306 2981 3317 3004 ‚

1925 3052 2177 3100 senectute
2200 3046 2359 3095 sessus
2381 3041 2537 3092 oculis
2562 3042 2612 3090 et
2636 3038 2811 3102 palma.

2113 3187 2189 3234 67.
2224 3180 2468 3232 JULIANI
2498 3180 2577 3228 Ex
2608 3175 2963 3226 PRAEFECTIS
2995 3173 3167 3221 AEGY-

2569 3268 2710 3315 P'm.

1869 3402 2289 3457 Non-declinantes
2312 3397 2434 3448 stilis
2458 3395 2667 3460 dirigens
2689 3393 2795 3442 vias

269 3513 3409 3562 Ν

261 3630 308 3676 Et
327 3629 458 3680 latum
477 3628 732 3696 chalybem
753 3628 836 3693 qui
853 3626 1001 3676 donat
1023 3623 1241 3674 acumine
1268 3635 1485 3673 cannam,

314 3716 364 3762 Et
386 3729 482 3778 qua
507 3713 710 3763 lineolas
725 3711 886 3776 regula
903 3710 1030 3775 justa
1057 3708 1178 3772 regit
1197 3743 1212 3768 ,

263 3795 310 3840 Ei
330 3802 512 3843 veterem
531 3795 721 3858 nigrum
741 3792 928 3841 laticem
949 3805 1092 3857 quem
1111 3776 1294 3854 sculpta
1317 3800 1518 3835 caverna

313 3877 481 3927 Occulit
495 3913 511 3936 ‚
540 3886 588 3926 et
613 3874 782 3924 calami
798 3889 941 3943 quem
965 3871 1094 3922 bibit
1115 3886 1252 3936 asper
1270 3883 1392 3934 apex
1413 3903 1429 3928 ,

267 3959 474 4008 Mercurio
496 3961 642 4009 donat
660 3957 982 4012 Philodemus,
1018 3953 1095 4004 cui
1117 3952 1270 4020 gravis
1301 3961 1412 4000 atas

315 4042 478 4104 nugoen
503 4041 622 4090 texit
641 4039 824 4089 lumina
850 4036 1091 4104 pellicula.

837 4167 920 4217 65.
967 4180 1200 4212 uusnzx.

267 4294 514 4345 orbiculum
540 4295 726 4361 plumbi
749 4294 832 4360 qui
856 4294 1022 4343 radere
1048 4291 1183 4342 novit
1204 4289 1450 4349 amussim,

317 4381 370 4426 n
393 4389 564 4429 rectam
587 4379 732 4445 coepit
748 4393 894 4444 quam
915 4375 1060 4425 semel
1089 4375 1158 4424 ire
1173 4373 1296 4422 viam
1313 4409 1329 4434 ,

265 4459 482 4508 Etdurum
508 4458 758 4525 chalybem
786 4471 883 4521 quo
905 4470 1056 4504 canna
1080 4463 1296 4514 noratur,
1323 4450 1494 4502 amussi

319 4541 426 4590 eum
441 4541 580 4602 duee,
605 4554 748 4606 quam
774 4538 946 4602 gaudet
971 4537 1112 4586 litera
1138 4537 1280 4585 ducta
1295 4533 1459 4599 sequi,

266 4622 314 4668 lit
331 4637 493 4672 sevum
513 4622 720 4688 lapidem
738 4656 753 4682 ,
777 4618 990 4684 geminos
1010 4618 1222 4684 spicatur
1243 4615 1426 4665 arundo

320 4706 416 4764 Quo
435 4705 617 4763 dentes,
643 4703 814 4756 hebuit
835 4702 874 4751 si
893 4716 986 4766 qua
1004 4700 1212 4750 notando
1235 4699 1343 4755 diu,

268 4787 452 4850 Quaque
477 4785 638 4836 cubile
657 4785 748 4834 fuit
773 4784 985 4834 Tritonis
1011 4782 1202 4849 spongia
1225 4796 1392 4830 somno
1408 4815 1423 4840 ‚

319 4871 420 4919 Non
439 4871 566 4921 bene
587 4871 762 4938 scripta
784 4885 868 4918 sua
899 4868 982 4935 qui
999 4866 1262 4916 medicatur
1278 4880 1394 4930 ope,

270 4951 635 5020 Multiloremqne
661 4968 820 5004 aream
843 4968 950 5019 quae
966 4967 1074 5001 cum
1100 4949 1292 5016 loligine
1311 4957 1486 5009 totum,

325 5035 426 5095 Quo
442 5035 696 5101 pulchrum
720 5034 934 5086 scribens
951 5033 1148 5097 indiget,
1178 5030 1308 5082 intus
1331 5029 1496 5090 babet,

1867 3616 1963 3661 Dat
1985 3608 2073 3658 tibi
2098 3605 2381 3656 Callimenes
2396 3639 2412 3665 ,
2430 3601 2569 3665 Mnjoe
2591 3614 2729 3666 puer,
2754 3595 2849 3645 otia
2868 3577 3115 3661 postquam

1934 3689 2134 3755 Accepit
2154 3686 2285 3736 senio
2308 3685 2407 3749 jam
2436 3679 2747 3730 tremebunda
2770 3693 2953 3725 manus.

2484 3811 2567 3859 66.
2606 3822 2829 3855 wasnau.

1871 3944 2083 4003 siecum,
2116 3952 2281 3988 errore
2307 3947 2476 3998 vagans
2497 3945 2593 3995 quo
2616 3928 2775 3992 figitur
2800 3925 2984 3985 orbita,
3008 3924 3273 3991 plumbum,

1938 4025 2077 4075 Unde
2093 4020 2221 4088 capit
2238 4027 2391 4068 certos
2418 4016 2557 4064 litera
2580 4012 2705 4078 picta
2730 4011 2893 4060 modos
2908 4045 2923 4067 ‚

1874 4111 2086 4172 Quasque
2107 4101 2227 4166 regit
2242 4097 2427 4167 plumbi
2450 4093 2739 4145 moderatrix
2756 4091 2916 4155 regula
2930 4105 3136 4148 cursum,

1940 4182 2294 4248 Multisorisque
2314 4180 2446 4229 velut
2470 4174 2663 4244 spongia
2686 4173 2851 4223 scabra
2878 4171 3013 4232 silex,

1875 4269 2202 4333 Urceolusque
2226 4273 2327 4314 atra
2352 4259 2547 4328 loligine
2566 4259 2735 4326 plenus
2749 4292 2764 4317 ,
2782 4263 2830 4304 et
2850 4254 2931 4302 illa

1943 4354 2061 4414 Qum
2084 4349 2255 4399 leviter
2282 4360 2463 4396 summa
2486 4341 2679 4407 cuspide
2698 4355 2849 4389 canna
2872 4337 3060 4396 madet,

1879 4433 2179 4500 Spongiaque
2205 4430 2305 4495 ipsa
2324 4425 2471 4475 maris
2498 4422 2724 4473 diffusum
2747 4420 2929 4484 gurgite
2953 4427 3161 4484 pratum,

1947 4519 2005 4564 Et
2022 4513 2160 4562 faber
2178 4509 2355 4574 argutis
2378 4507 2533 4557 culter
2550 4502 2888 4562 arundinibus;

1881 4595 2053 4647 Omnia
2072 4590 2344 4645 Callimenis
2369 4589 2479 4638 data
2500 4593 2610 4636 sunt
2630 4583 2809 4650 pietate
2827 4581 3045 4633 Camenis
3062 4616 3077 4641 ,

1945 4683 2053 4729 Jam
2075 4675 2207 4727 senio
2224 4673 2361 4724 fracti
2395 4670 2575 4721 lumina
2592 4704 2607 4730 ,
2622 4669 2815 4733 jamque
2834 4679 3019 4713 manus.

2376 4789 2458 4848 67.
2484 4799 2679 4833 suniam
2704 4797 2921 4832 mvi-mu
2944 4815 2958 4839 ,

2156 4925 2215 4956 ex
2236 4922 2411 4974 genere
2428 4902 2771 4971 praefectorum
2806 4892 3169 4964 Augustalium.

1830 4983 1842 5076 l
1882 5031 1986 5076 Hoc
2016 5023 2260 5091 plumbum
2280 5057 2295 5085 ,
2320 5020 2447 5088 quod
2466 5018 2640 5086 scripta
2663 5024 2789 5066 vetat
2808 5011 3058 5063 deflectere
3080 5009 3205 5074 justo
