3829 5747
365 702 415 743 10

483 196 600 253 3:54

549 334 709 393 κεῖνος
742 327 835 404 μὲν
863 326 1129 405 τριγέρων,
1162 326 1241 385 σοὶ
1271 324 1324 383 δὲ
1350 324 1531 398 τέθηλε
1561 324 1717 401 μέλη.

470 410 608 471 Ἀλλ’
633 414 761 493 ἄρα,
783 412 870 470 ναὶ
899 410 1061 471 δοκέω
1087 411 1187 490 γάρ
1204 456 1221 487 ,
1242 414 1271 470 ὁ
1307 420 1401 490 γᾶς
1431 411 1668 490 ὑπένερθε
1692 410 1936 492 σοφιστὰς

548 500 682 559 ἐστί·
712 499 777 557 σὺ
804 500 847 558 δ’
867 503 895 557 ὁ
922 498 1154 578 πτερόεις
1170 543 1186 570 ,
1212 498 1437 574 τοῦνομα
1464 500 1637 569 τοῦδε,
1670 495 1837 577 λόγος.

469 586 690 665 Λατῴας
714 587 759 643 δ’
785 588 1021 664 ἇμφῆκες
1049 584 1183 665 ἔχεις
1204 586 1390 665 γέρας,
1416 586 1466 653 ἔς
1492 610 1547 644 τε
1578 587 1777 664 γέλωτα

544 674 631 731 καὶ
654 673 905 743 σπουδὰν,
928 672 1017 729 καί
1042 695 1142 731 που
1171 672 1355 752 μέτρον
1385 674 1758 753 ἐρωτογράφον.

470 760 573 819 Ναὶ
604 760 698 835 μὲν
727 759 788 829 δὴ
820 759 1123 838 Μελέαγρον
1151 758 1423 837 ὁμώνυμον
1444 762 1625 827 Οἰνέος
1651 764 1745 840 υἱῷ

545 846 783 923 σύμὸολα
807 847 1052 924 σημαίνει
1075 853 1239 905 ταῦτα
1266 848 1595 919 συοκτασίης.

467 936 633 1013 Χαῖρε
666 934 755 991 καὶ
778 935 832 991 ἐν
860 934 1191 1012 φθιμένοισιν,
1222 936 1336 994 ἐπεὶ
1365 940 1455 994 καὶ
1488 939 1705 995 Μοῦσαν
1730 932 1964 1013 Ἔρωτι,

544 1020 631 1079 καὶ
660 1021 893 1099 Χάριτας
917 1022 1114 1102 Σοφίαν
1140 1024 1190 1078 τ’
1222 1024 1292 1089 εἰς
1320 1022 1445 1100 μίαν
1464 1022 1721 1101 ἡρμόσαο.

703 1169 841 1221 422.
884 1162 1218 1221 ΛΕΩΝΙΔΑ
1264 1163 1774 1222 ΤΑΡΑΝΤΙΝΟΥ.

466 1296 536 1357 Τι’
564 1297 945 1377 στοχασώμεθά
972 1322 1063 1358 σου
1083 1344 1100 1376 ,
1128 1298 1474 1379 Πεισίστρατε
1493 1342 1512 1375 ‚
1539 1300 1651 1378 χῖον
1680 1301 1895 1378 ὁρῶντες

544 1384 774 1463 γλυπτὸν
800 1384 931 1463 ὑπὲρ
953 1384 1153 1463 τύμὸου
1180 1384 1415 1461 κείμενον
1445 1386 1802 1464 ἄστράγαλον;

465 1462 501 1544 ἦ
531 1470 595 1549 ῥά
620 1494 680 1548 γε
705 1470 779 1546 μὴ
836 1470 915 1530 ὅτι
942 1474 1067 1538 Χῖος
1083 1496 1100 1543 ;
1125 1472 1259 1531 ἔοικε
1288 1471 1409 1550 γάρ·
1432 1471 1467 1543 ἤ
1493 1475 1539 1551 ῥ’
1560 1470 1638 1529 ὅτι
1665 1470 1891 1537 παίκτας

544 1550 681 1629 ἦσθά
706 1580 810 1629 τις,
836 1561 895 1617 οὗ
921 1558 1037 1629 λίην
1067 1562 1134 1636 δ’,
1160 1550 1204 1615 ὦ
1230 1558 1371 1635 ’γαθὲ
1387 1602 1403 1629 ,
1430 1557 1827 1633 πλειστοὸόλοςς

466 1642 501 1713 ἢ
528 1643 593 1701 τὰ
622 1644 715 1718 μὲν
746 1641 861 1702 οὐδὲ
889 1642 1165 1722 σύνεγγυς,
1197 1648 1248 1702 ἐν
1279 1644 1490 1723 ἀκρήτῳ
1518 1643 1573 1701 δὲ
1601 1642 1856 1713 κατέσὸης

550 1730 697 1805 Χίῳ,
724 1729 831 1790 Ναὶ
861 1731 1052 1804 δοκέω,
1080 1732 1213 1809 τῷδε
1242 1728 1689 1808 προσηγγίσαμεν.

686 1876 825 1927 423.
871 1868 1365 1926 ΔΝΤΙΠΑΤΡΟΥ
1406 1867 1789 1927 ΣΙΔΩΝῙΟΥ.

466 2005 581 2065 Tam
606 2004 698 2082 μὲν
723 2004 803 2065 ἀεὶ
828 2003 1143 2083 πολύμυθον,
1170 2004 1251 2064 ἀεὶ
1280 2006 1460 2077 λάλον,
1488 1994 1531 2063 ὦ
1562 2005 1695 2077 ξένε,
1726 2006 1883 2065 κίσσα

542 2094 726 2173 φάσει,
753 2096 846 2151 τὰν
874 2092 929 2153 δὲ
954 2094 1111 2171 μέθας
1134 2093 1415 2173 σύντροφον
1439 2092 1530 2151 ἅδε
1557 2092 1730 2165 κύλιξ,

464 2180 557 2239 τὰν
589 2184 838 2262 Κρῆσσαν
867 2180 924 2239 δὲ
950 2182 1016 2239 τὰ
1052 2181 1204 2252 τόξα,
1237 2182 1305 2239 τὰ
1333 2182 1377 2238 δ’
1405 2180 1538 2260 εἴρια
1562 2180 1654 2239 τὰν
1685 2180 1974 2260 φιλοεργὸν,

546 2267 744 2344 ἄνδεμα
764 2269 807 2327 δ’
836 2260 902 2328 αὗ
933 2270 1117 2347 μίτρας
1145 2268 1239 2327 ’τὰν
1269 2268 1695 2347 πολιοκρόταφον·

466 2357 668 2415 τοιάνδε
696 2359 981 2434 σταλοῦχος
1012 2356 1085 2415 ὅδ’
1113 2354 1301 2436 ἔκρυφε
1332 2355 1546 2415 Βιττίδα
1574 2352 1771 2431 τύμὸος

550 2445 602 2502 Τ
606 2442 730 2519 ιμέα
754 2442 1011 2523 ἄχραντον
1041 2444 1315 2523 νυμφιδίαν
1347 2443 1560 2520 ἄλοχον.

465 2528 625 2604 Ἀλλ’,
658 2520 811 2609 ὦνερ,
838 2531 927 2589 καὶ
955 2531 1140 2611 χαῖρε,
1166 2530 1255 2589 καὶ
1282 2530 1624 2608 οἷχομένοισιν
1652 2531 1704 2594 ἐς
1724 2528 1853 2607 ᾅδαν

546 2616 637 2675 τὸν
670 2618 830 2677 αὐτὰν
861 2618 1033 2694 μύθων
1064 2608 1204 2684 αὖθις
1231 2616 1391 2684 ὄπαζε
1418 2616 1591 2695 χάριν.

987 2762 1108 2813 424.
1145 2764 1263 2810 ΤΟΥ
1302 2764 1519 2809 ΑΥΤυΥ.

466 2910 521 2948 α.
550 2887 812 2948 Μαστεύω
834 2887 885 2947 τί
916 2911 1006 2947 σευ
1038 2879 1182 2967 Ἆγις
1210 2889 1296 2948 ἐπὶ
1327 2888 1581 2947 σταλίτιδι
1606 2887 1770 2970 πέτρα
1786 2932 1803 2960 ,

538 2963 828 3048 Ἀυσιδίκα,
858 2975 1081 3056 γλυπτὸν
1107 2975 1241 3034 τόνδ’
1270 2973 1493 3055 ἐχάραξε
1518 2975 1653 3033 νόον·

466 3057 585 3116 ἁνία
607 3060 705 3138 γὰρ
728 3061 815 3118 καὶ
839 3061 1021 3136 κημὸς,
1045 3060 1077 3120 ὅ
1100 3064 1151 3119 τ’
1184 3062 1402 3141 εὖόρνιθι
1428 3060 1676 3141 Τανάγρᾳ

543 3146 718 3211 οἰωνὸς
743 3143 1009 3224 βλαστὼν,
1040 3153 1215 3226 θοῦρος
1242 3148 1591 3229 ἐγερσιμάχας
1608 3193 1627 3226 ,

465 3233 562 3309 οὐχ
592 3231 709 3288 ἅδεν
729 3233 835 3289 οὐδ’
867 3234 1096 3290 ἐπέοικεν
1126 3235 1470 3313 ὑπωροφίαισι
1498 3233 1745 3310 γυναιξὶν,

544 3317 679 3376 ἀλλὰ
706 3319 771 3377 τά
799 3321 847 3375 τ’
867 3318 1135 3388 ἠλακάτας
1164 3321 1287 3399 ἔργα
1316 3322 1383 3380 τά
1406 3325 1451 3380 θ’
1470 3323 1776 3381 ίστοπόδων.

468 3409 520 3483 β.
554 3403 668 3464 Τὰν
694 3406 787 3481 μὲν
818 3405 1163 3486 ἀνεγρομέναν
1191 3431 1258 3484 με
1284 3411 1401 3466 ποτ’
1422 3409 1555 3487 εἴρια
1579 3409 1815 3488 νύκτερος
1836 3407 1971 3488 ὅρνις
1988 3453 2006 3486 ,

544 3492 661 3551 ἁνία
686 3493 731 3552 δ’
762 3493 973 3552 αὖδάσει
996 3494 1229 3573 δώματος
1256 3498 1478 3576 ἁνίοχον·

527 3661 705 3710 Saecula
732 3671 915 3726 tempus
930 3659 1075 3710 habet
1090 3697 1105 3722 ‚
1127 3670 1179 3710 tu
1203 3660 1415 3724 juvenile
1440 3660 1579 3710 vires.

464 3747 539 3790 An
566 3742 721 3806 potius
744 3743 884 3791 tellus
902 3741 1145 3791 hominem
1175 3743 1287 3806 tegit
1315 3741 1403 3791 ista
1416 3741 1645 3790 disertum
1662 3745 1684 3790 i·

526 3828 599 3873 Tu
616 3839 787 3873 nomen
804 3859 819 3886 ,
840 3838 995 3872 sermo
1032 3823 1282 3888 penniger,
1310 3821 1414 3893 ejus
1430 3839 1534 3872 eras
1560 3839 1571 3872 :

464 3907 748 3972 viventique
767 3906 855 3957 fuit
882 3923 969 3974 par
994 3909 1085 3962 vis.
1110 3926 1193 3959 seu
1212 3907 1335 3958 seria
1360 3909 1523 3957 mallet

527 3992 616 4038 Seu
636 3992 743 4054 joca
760 4026 775 4050 ,
809 3992 1057 4041 materiam
1070 3993 1169 4042 sive
1189 3992 1383 4058 Cupido
1404 3991 1569 4040 dabat.

461 4069 537 4118 Sic
560 4073 669 4119 reor
696 4087 709 4121 ε
734 4073 931 4123 OEnidoe
954 4089 1127 4122 nomen
1155 4075 1395 4137 Meleagre
1422 4074 1614 4136 gerebas
1644 4089 1659 4122 z

528 4153 631 4197 Hoc
654 4150 863 4201 detracta
881 4153 955 4202 sui
982 4161 1171 4218 tergora
1198 4153 1329 4203 fulva
1356 4154 1547 4206 docent.

462 4231 597 4278 Salve
614 4246 741 4280 nunc
762 4233 905 4281 etiam
936 4235 1033 4284 vita
1052 4233 1316 4285 defunctus.
1336 4233 1505 4284 Amori

529 4313 651 4360 Nam
676 4321 757 4362 tua
789 4328 923 4363 mens
950 4319 1110 4364 Musas
1138 4315 1326 4365 miscuit
1348 4324 1398 4364 et
1415 4319 1644 4365 Veneres.

886 4439 1001 4489 422.
1026 4447 1254 4482 uonna
1288 4447 1579 4482 ranam-uu.

463 4548 571 4592 Esse
598 4546 713 4611 quid
740 4552 835 4598 hoc
866 4547 1046 4609 dicam,
1075 4548 1223 4610 chio,
1252 4549 1517 4609 Pisistrato,
1531 4551 1661 4615 jactu

534 4629 723 4693 aspicio
742 4630 891 4678 talum
907 4631 1037 4697 quod
1057 4641 1139 4682 tua
1162 4632 1299 4682 busta
1320 4649 1462 4698 super
1474 4637 1498 4682 P

464 4712 541 4756 An
573 4711 697 4773 quod
719 4705 984 4762 Chius‘cras
1001 4717 1025 4763 Ρ
1042 4712 1181 4764 facile
1201 4713 1293 4763 hoc
1306 4713 1411 4779 quis
1438 4715 1670 4765 crederet.
1703 4717 1779 4764 An
1802 4715 1928 4780 quod

535 4791 677 4836 Lusor
699 4794 835 4839 eras?
860 4799 910 4840 at
930 4807 1026 4840 non
1046 4792 1151 4842 alea
1172 4791 1323 4842 fausta
1346 4791 1455 4843 tibi.

462 4873 536 4916 An
563 4870 725 4933 procul
754 4869 853 4920 haec
875 4869 1081 4936 abeunt,
1108 4871 1219 4924 chii
1236 4875 1317 4922 sed
1346 4873 1481 4939 copia
1510 4873 1610 4921 vini

528 4955 595 5000 Te
622 4955 817 5004 mersit?
844 4969 1011 5004 verum
1028 4971 1115 5007 noc
1142 4957 1347 5021 tetigisse
1366 4965 1496 5022 puto.

1578 192 2078 253 ANTHOLOGIAE
2123 190 2520 251 PALA'rlNAE

2161 330 2240 381 ille
2262 330 2631 393 oppido-senex,
2658 330 2743 379 tihi
2775 344 2890 380 vero
2916 330 3080 394 vigent
3102 332 3336 383 membra.

2101 417 2194 467 Sed
2212 417 2381 480 utique
2399 455 2410 477 ,
2431 430 2505 467 noe
2526 420 2646 480 puto
2667 417 2794 467 enim
2811 456 2824 479 ‚
2851 418 2934 479 qui
2959 418 3161 468 humum
3189 420 3357 479 subiit,
3379 420 3596 483 sophista

2160 510 2252 559 est.
2278 507 2432 566 tuque
2459 504 2618 568 aliger,
2639 518 2811 554 nomen
2835 505 3004 567 hujus,
3023 510 3209 556 Sermo.
3409 507 3662 569 [ludicras

2103 590 2311 641 Latoniae
2333 594 2496 641 autem
2520 604 2695 654 anceps
2721 591 2873 641 habes
2893 606 3070 641 munus
3096 594 3489 658 (venabulum),
3506 600 3554 645 et
3581 596 3664 643 aa!

2160 681 2212 728 et
2234 678 2490 727 serias-res
2507 682 2765 741 spectans,
2786 680 3014 729 romanet
3035 680 3096 729 ad
3116 693 3313 729 versum
3340 684 3660 730 amatorium.

2104 766 2322 815 Profecto
2345 778 2460 815 sane
2484 766 2776 829 Meleagrum
2792 768 3122 831 cognominem
3149 768 3292 817 OEnei
3317 768 3416 817 tilio

2161 856 2377 919 symbola
2401 856 2670 919 significant
2693 857 2799 905 haec
2823 856 3236 920 venationis-apri.

2101 944 2220 994 Vale
2245 944 2392 994 ctiam
2415 944 2464 993 in
2489 943 2718 1001 mortain,
2735 944 2850 1005 quia
2875 947 2928 994 et
2953 946 3142 993 Musam
3163 945 3330 993 Amori

2159 1035 2210 1080 ct
2229 1032 2419 1081 Gratias
2441 1030 2827 1094 sapientiamque
2847 1032 3068 1081 in-unum
3087 1031 3388 1095 copulavisti.

2467 1168 2573 1213 422.
2605 1165 2896 1213 LEONIDAE
2927 1166 3275 1214 TARENTINI.

2101 1301 2229 1360 Quid
2255 1302 2564 1363 conjiciemus
2589 1302 2730 1353 de·te
2748 1341 2760 1361 ‚
2779 1302 3028 1353 Pisistrate
3043 1342 3054 1363 ‚
3075 1303 3254 1353 Chium
3274 1308 3530 1353 comentes

2161 1390 2402 1452 sculptum
2422 1402 2569 1453 super
2591 1390 2782 1439 tumulo
2806 1390 3024 1453 positum
3044 1392 3230 1441 talum?
3333 1390 3502 1453 [quod
3519 1392 3674 1441 lusor

2100 1481 2328 1526 utrumne
2347 1478 2480 1538 quod
2503 1476 2657 1525 Chius
2672 1476 2872 1539 quidem
2889 1482 3032 1527 eras?
3049 1478 3400 1528 verisimile-est
3417 1480 3568 1528 enim.
3581 1484 3672 1529 An

2160 1575 2270 1613 eras
2286 1600 2298 1623 ‚
2321 1563 2408 1613 sed
2431 1576 2528 1612 non
2550 1563 2719 1625 nimis,
2745 1578 2777 1612 ο
2805 1564 2958 1625 bone,
2977 1564 3134 1614 multa
3149 1566 3580 1629 puncta-jaciens?

2101 1664 2160 1701 an
2186 1652 2290 1701 haec
2306 1651 2502 1714 quidem
2519 1665 2614 1702 non
2642 1652 2908 1716 propinqua
2927 1666 3067 1713 vero,
3097 1652 3184 1702 sed
3209 1653 3260 1702 in
3285 1668 3426 1704 mero
3441 1656 3672 1704 exstinc-

2162 1738 2316 1787 Chio?
2335 1742 2422 1787 Nae
2446 1742 2648 1788 autumo
2659 1776 2673 1797 ‚
2695 1739 3007 1789 hocce-modo
3023 1739 3284 1802 tetigimua.
3467 1740 3674 1804 [tus-es

2493 1882 2599 1927 423.
2637 1878 2965 1927 ANTIPATM
2999 1880 3248 1927 SIDOMI.

2101 2021 2235 2069 Hanc
2267 2030 2422 2081 usque
2443 2019 2695 2069 verbosam
2711 2057 2724 2081 ,
2743 2032 2898 2081 usque
2917 2020 3153 2083 garrulam
3171 2056 3184 2079 ‚
3203 2032 3235 2068 o
3254 2019 3454 2082 hospes,
3481 2020 3600 2082 pica

2159 2105 2314 2164 dicet,
2333 2104 2555 2155 ebrietati
2579 2120 2696 2156 vero
2719 2106 2964 2156 addictam
2993 2105 3074 2155 hic
3093 2108 3212 2155 calix
3229 2122 3242 2163 ς

2101 2196 2417 2257 cressamque
2441 2196 2628 2260 sagittae
2639 2234 2654 2261 ,
2673 2198 2725 2247 et
2746 2198 2858 2247 lana
2873 2196 3308 2247 laboris-atnantem
3327 2234 3344 2257 ,

2161 2282 2375 2344 vittaque
2393 2296 2561 2333 rursus
2583 2284 2742 2333 mitrae
2769 2286 3214 2345 canam-tempora:

2099 2369 2246 2419 talem
2267 2382 2352 2418 me
2375 2370 2455 2419 hic
2483 2369 2878 2433 cippum-habens
2899 2370 3112 2421 condidit
3132 2369 3360 2420 Bittidem
3382 2371 3620 2421 tumulus
3635 2409 3650 2427 ,

2159 2454 2338 2505 Timeoe
2365 2456 2692 2519 incorruptam
2710 2457 2955 2520 ext-puella
2975 2458 3246 2519 conjugem.

2097 2540 2210 2603 Sed,
2231 2557 2262 2591 o
2279 2542 2371 2605 vir,
2391 2546 2448 2592 ct
2463 2543 2572 2593 vale
2593 2546 2644 2593 et
2661 2543 3072 2606 iis-qui-abierunt
3094 2544 3144 2592 in
3169 2546 3350 2593 Orcum

2161 2628 2364 2679 eandem
2383 2643 2660 2680 sermonum
2678 2644 2846 2681 rursus
2865 2630 3037 2693 largire
3061 2632 3264 2693 gratiam

2649 2764 2757 2811 424.
2795 2772 3063 2813 Esnsnnu
3073 2799 3090 2815 0

2100 2905 2152 2942 a.
2183 2896 2360 2950 Quoerc
2381 2892 2684 2955 quid-volens
2703 2895 2790 2942 tuo
2805 2892 2919 2956 Agis
2936 2892 2985 2942 in
3007 2892 3148 2955 cippo
3164 2891 3353 2954 lapideo
3365 2927 3378 2950 ,

2160 2979 2406 3042 Lysidice,
2427 2980 2664 3042 sculptam
2685 2979 2806 3028 hanc
2825 2979 3037 3029 exarat-it
3061 2974 3396 3036 sententiamz'

2097 3066 2286 3116 habena
2311 3067 2438 3116 enim
2457 3070 2508 3117 et
2540 3068 2804 3130 capistrum
2822 3104 2835 3128 ‚
2857 3070 2908 3117 et
2923 3067 3402 3130 in-pmstanti-gauis
3423 3068 3670 3129 Tanagra

2159 3154 2259 3204 ales
2283 3157 2451 3216 natue,
2476 3153 2774 3218 impetuosus
2797 3156 3318 3218 excitator-pugnarum
3338 3190 3351 3214 ‚
3511 3153 3670 3216 [bus;

2105 3254 2202 3290 non
2223 3241 2440 3305 placebat
2461 3255 2617 3305 neque
2647 3241 2961 3292 conveniebat
2991 3240 3420 3292 domi-sedentibus
3437 3239 3674 3289 mulieri·

2160 3328 2248 3377 sed
2263 3332 2316 3377 et
2341 3328 2433 3378 coli
2460 3341 2604 3392 opera
2624 3332 2675 3379 et
2695 3324 3255 3392 textorii-mali-pedum.

2097 3413 2142 3464 b.
2171 3415 2210 3462 E
2231 3425 2402 3463 somno
2425 3413 2621 3477 quidem
2647 3413 2907 3464 excitatam
2939 3427 3020 3462 me
3038 3413 3100 3463 ad
3124 3411 3384 3462 lanificium
3409 3413 3672 3462 nocturna

2158 3500 2343 3551 habena
2366 3503 2528 3552 autem
2550 3501 2680 3552 dicet
2698 3501 2875 3551 domus
2899 3502 3181 3558 rectricem;
3490 3498 3632 3560 [avis
3651 3539 3668 3560 ‚

2545 3661 2660 3715 423.
2694 3674 2956 3706 aurit-nu
2989 3673 3192 3706 smonn.

2101 3767 2213 3812 Haec
2241 3779 2315 3812 me
2337 3764 2441 3829 pica
2467 3764 2642 3830 loquax
2663 3763 2911 3813 testabitur
2939 3779 3037 3811 esse
3060 3763 3302 3828 loquacem
3326 3798 3340 3822 ‚

2165 3848 2506 3910 Aesuctamque
2529 3845 2648 3894 meri
2663 3844 2883 3894 ductibus
2897 3843 2986 3894 iste
3000 3843 3123 3892 calix
3136 3860 3152 3904 ;

2099 3929 2246 3975 Pensa
2273 3923 2602 3986 laboriferam3
2619 3927 2836 3974 Cressam
2847 3941 2992 3988 genus
3007 3925 3184 3973 indicat
3207 3939 3376 3980 arcus;

2161 4009 2396 4072 Tempora
2422 4023 2520 4072 prae
2535 4005 2666 4054 senio
2690 4021 2808 4054 cana
2826 4005 3008 4054 mitella
3030 4012 3184 4055 notat.

2099 4088 2225 4137 Talis
2252 4103 2381 4136 eram
2398 4086 2536 4136 Bittis
2551 4125 2566 4149 ,
2585 4103 2727 4153 super
2749 4087 2848 4135 hoec
2873 4087 2947 4134 cui
2964 4093 3142 4135 structa
3166 4073 3386 4134 columna
3418 4094 3525 4145 est;

2165 4173 2328 4236 Nupta
2351 4169 2542 4235 quidem
2567 4169 2820 4235 Thymeles
2835 4169 2942 4234 jure
2969 4170 3048 4216 sed
3077 4185 3161 4216 tua
3189 4167 3274 4217 t'ui.

2096 4251 2186 4299 Vir
2203 4251 2322 4300 mihi
2342 4267 2451 4300 care
2480 4253 2616 4301 vale:
2647 4260 2830 4300 tantum
2856 4265 2968 4312 rogo
2984 4285 2998 4306 .
3027 4248 3237 4314 quisquis
3257 4249 3516 4298 adoreum

2161 4333 2384 4392 Venerit,
2410 4332 2522 4383 huic
2547 4349 2688 4399 quam
2711 4333 2793 4382 dat
2813 4331 2971 4381 fabula
2990 4333 3051 4380 da
3072 4332 3273 4380 veniam.

2647 4450 2762 4499 424.
2799 4457 3088 4488 atrurn-M.

2095 4546 2186 4596 Dic
2203 4547 2320 4597 mihi
2344 4549 2450 4613 quis
2465 4548 2659 4614 sculpsit
2681 4564 2758 4596 res
2788 4547 3076 4596 occultantia
3101 4546 3230 4610 signa
3245 4580 3260 4604 ,

2159 4631 2371 4696 Lysidica
2387 4669 2402 4692 ‚
2427 4631 2474 4678 in
2493 4631 2620 4697 cippi
2655 4646 2890 4679 marmore
2907 4665 2922 4688 ‚
2947 4644 3131 4693 quaeso,
3149 4629 3252 4677 tui?

2096 4717 2222 4762 Ante
2249 4714 2374 4762 diem
2400 4714 2557 4779 pensis
2585 4714 2818 4764 intentam
2840 4712 3040 4777 pervigil
3067 4713 3188 4766 ales,

2161 4799 2222 4845 Et
2239 4811 2316 4844 me
2337 4797 2582 4846 rectricem
2611 4797 2726 4846 dicit
2753 4795 2941 4845 habena
2961 4797 3146 4844 domus.

2095 4879 2196 4926 Nec
2214 4877 2410 4926 nimium
2433 4893 2588 4942 neque
2611 4893 2730 4927 vana
2755 4877 2886 4942 loqui
2905 4876 3123 4926 didicisse
3149 4875 3353 4941 capistro

2159 4958 2363 5014 Indicor,
2395 4959 2592 5023 antiquo
2622 4973 2754 5007 more
2769 4957 2941 5022 quietis
2963 4971 3142 5008 amm!-
