3829 5747
435 122 466 191 .l
478 131 555 190 32
1563 122 2065 184 ANTHOLOGIAE
2110 118 2509 179 PALATINAE

435 272 582 307 versu
611 265 656 307 5.
686 257 914 306 Φιλίννιον
934 256 1139 305 Brunck.
1163 269 1276 303 cum
1297 254 1478 304 Grotio.
1505 274 1526 295 «ι
1557 254 1742 302 cantic.
1769 254 1907 302 Cant.
1936 254 1977 311 I,
2023 255 2030 327 ἱ
2070 255 2191 299 -4,
2211 248 2381 311 φθόμος
2402 249 2519 311 (sic)
2545 246 2749 304 ἅῠανοὶτη
2764 246 2881 295 Cod.
2908 245 3043 294 Unde
3060 248 3163 295 Jac.
3188 246 3409 306 ἀθανάτῃ.
3437 244 3610 294 Βοῖος).

438 335 466 378 5
500 348 510 375 ι
541 328 731 389 με’λαινοί
755 327 848 388 εἰμι
873 326 966 383 ἐγὼ
996 326 1074 372 καὶ
1113 326 1248 382 καλή.
1287 323 1427 372 Cous.
1457 336 1532 385 ep.
1565 329 1673 382 210,
1701 328 1745 372 3.
1767 330 1870 371 —2
1900 325 1979 370 καὶ
2026 363 2029 377 ,
2071 342 2094 365 κ
2125 322 2272 371 Malui
2298 320 2577 369 vocativum
2610 319 2835 367 scribere.
2857 338 2879 361 u
2910 316 3096 367 Reduxi
3120 318 3325 379 ἀθανάτῃ
3350 318 3473 366 inter
3489 317 3615 365 duos

437 404 552 459 μνοΰ
588 396 770 447 Codex·
805 397 1010 453 (Pollux
1037 398 1091 456 Χ,
1113 402 1172 447 38
1205 398 1387 451 ’.εἴποις
1412 397 1452 443 δ’
1481 398 1535 443 ἂν
1566 397 1696 452 οἶμαι
1732 397 1812 443 καὶ
1838 398 1980 457 χνοῦν
2026 419 2029 442 ι
2068 393 2319 441 vocativus
2347 392 2535 448 Σελήνη.
2564 416 2621 426 -
2658 396 2703 439 5.
2732 390 2908 448 Ἤμέας
2950 402 3038 451 pro
3075 388 3172 449 ἐμέ.
3213 390 3316 436 Jac.
3366 391 3617 449 comparat

434 472 514 517 καὶ
535 474 672 531 μνοῦν
687 470 762 516 ἐπὶ
779 472 871 514 τῶν
891 468 1128 526 μαλακῶν.
1147 467 1164 528 )
1182 469 1242 515 Et
1255 466 1326 515 sic
1343 464 1518 514 Suidas
1535 465 1582 513 in
1601 468 1756 519 Μνοῦς
1774 467 1805 521 ἡ
1825 465 1979 520 ἁπαλὴ
2025 487 2029 507 ι
2070 462 2209 511 Ovid.
2240 461 2436 510 Heroid.
2466 462 2635 517 xvlll,
2657 464 2711 509 oi
2748 472 2853 521 sqq.

436 540 545 603 θρίξ.
571 539 666 588 Sed
691 538 836 587 habet
863 537 989 585 idem
1019 538 1198 599 κᾶμνοῦ
1229 538 1394 597 (Plan.
1427 538 1504 583 καὶ
1525 536 1699 597 ἀμνοῦ)
1727 534 1778 583 in
1801 535 1980 592 Μαγώ-
2025 536 2029 577 Ι

433 627 573 671 τερα,
607 610 955 669 θελκτικώτερα.
979 610 1082 655 Ηοο
1121 605 1268 655 vertit
1313 605 1527 663 Grotius»,
1562 618 1622 654 ac
1669 602 1983 653 vehementer
2024 595 2030 689 Ι
2130 612 2329 660 cxxw,
2370 610 2684 664 Lemma2213
2718 609 2973 664 Aemate-qv
2998 608 3241 669 παρθένον.
3263 635 3326 643 --
3356 612 3399 667 1,
3426 614 3469 657 2.
3492 627 3515 649 «ι
3542 610 3619 657 De

433 679 668 741 Probabflt
693 677 1034 731 Ruhnkeniusz
1065 690 1178 725 nam
1208 679 1491 734 memorata,
1512 676 1560 725 in
1588 676 1740 737 Epist·
1762 674 1823 723 ad
1843 674 1981 721 Valc-
2025 695 2030 757 j
2068 682 2229 744 puella
2256 681 2469 744 primum
2494 680 2711 741 loquitur
2752 682 2807 727 ut
2832 678 2893 727 de
2934 690 3058 726 rosze
3105 676 3239 735 nore,
3283 678 3370 739 qui
3402 678 3617 726 nondum

434 750 539 798 ken·
571 764 617 813 P·
663 755 740 808 51,
782 748 987 798 Ῑθθῖ-Ῑθΰθ
1019 748 1172 796 altera
1211 745 1378 795 suida)
1416 750 1496 794 καὶ
1545 752 1677 807 μνοῦ,
1699 746 1936 794 exclamat
1966 762 1977 789 2
2024 768 2029 811 l
2068 754 2204 801 totus
2236 750 2499 814 ecalyculo
2532 750 2709 811 erupit,
2738 747 2953 798 nondum
3000 746 3362 809 decerpendus;
3392 748 3519 797 unde
3552 751 3620 796 ῦέ·

436 840 458 861 «
490 818 820 869 Incredibilem
851 817 1062 866 hominis
1089 816 1366 880 stuporem!
1397 836 1422 859 ι»
1449 818 1510 864 Et
1537 815 1795 865 vernacule
1823 814 1892 862 sic
1919 813 1981 861 lo-
2024 812 2029 852 Ι

430 890 644 953 qustum·
675 888 900 939 scurrilis
940 892 1112 937 508Πο
1136 886 1199 936 de
1225 886 1446 937 00moed⁰
1472 889 1736 935 Rancunffl
1769 886 1809 933 ‘l
1833 884 1980 933 0³¹01'l
2070 897 2183 942 tura
2206 905 2297 941 nec
2328 892 2608 954 nigricante.
2638 890 2885 939 Puellares
2917 891 3083 937 autem
3134 888 3214 937 has
3260 902 3461 937 veneres
3484 903 3619 938 nunc

430 961 576 1011 doux
601 973 804 1009 comme
829 972 906 1008 un
925 970 1150 1021 aqueum.
1168 958 1418 1007 Dalainval
1443 956 1616 1006 Schola
1640 956 1978 1005 Plebeiorumz
2024 986 2028 1004 .
2069 960 2275 1022 primum
2304 958 2609 1010 efflorescere
2651 959 2907 1017 dicuntur,
2942 956 3073 1007 unde
3120 960 3446 1019 πρωτοὸοὶῶο,
3485 960 3616 1007 Infra

424 1033 484 1093 je
514 1044 656 1079 veum
681 1028 1030 1086 l'amoclouer,
1050 1027 1099 1075 le
1117 1026 1309 1077 rendre
1334 1027 1596 1087 trailable‚
1619 1026 1763 1075 doux
1785 1037 1982 1074 comme
2022 1013 2029 1064 1
2066 1032 2200 1089 vm,
2228 1044 2301 1093 ep.
2332 1035 2420 1081 217
2453 1032 2600 1089 :mm
2625 1032 2757 1085 ἄνθος
2781 1028 3096 1091 πρωτοὸόλου.
3121 1049 3144 1071 »
3165 1032 3278 1077 Jac.
3301 1054 3360 1064 —
3380 1034 3424 1077 3.
3446 1049 3469 1070 «ι
3492 1032 3618 1085 Τὸξα

429 1116 504 1150 ππ,
527 1104 762 1151 τηοιιίοη.
792 1098 886 1147 Sed
904 1111 1056 1159 quum
1076 1096 1125 1145 in
1151 1098 1498 1161 epigrammate
1527 1110 1624 1146 non
1641 1096 1835 1145 animus
1865 1094 1978 1143 Phi·
2069 1100 2279 1160 (λήγουσι,
2300 1112 2413 1147 nam
2448 1101 2564 1147 sunt
2604 1112 2735 1161 saepe
2764 1097 2919 1161 poetis
2944 1098 3053 1153 τόξα
3082 1110 3169 1159 pro
3194 1100 3411 1159 ,ταφαὶ-ς.
3450 1100 3614 1162 Eurip.

428 1172 689 1235 laenii,sed
713 1184 889 1235 corpus
915 1169 1238 1230 describatur,
1285 1168 1644 1232 praeferendum
1681 1169 1760 1216 καὶ
1796 1171 1930 1229 μνοῦ.
1957 1187 1978 1207 ι»
2068 1172 2170 1218 Ion.
2201 1173 2290 1218 524
2323 1189 2335 1217 ι
2366 1169 2480 1218 εῐσω
2516 1169 2627 1225 τόξα
2662 1170 2929 1227 πνευμόνων
2959 1168 3135 1215 λαὸεῖν.
3170 1188 3193 1211 n
3232 1171 3315 1228 13.,
3345 1169 3439 1217 alia
3464 1170 3617 1217 multa

2071 837 2175 883 ροςς
2224 820 2397 870 deinde
2437 820 2641 870 eandem
2688 820 2935 880 'comparat
2969 829 3081 866 cum
3125 832 3224 867 uva
3264 817 3481 867 nondum
3518 832 3619 866 ma·

427 1248 490 1294 B.
513 1271 572 1281 —-
601 1248 645 1293 4.
683 1263 706 1286 «ι
745 1245 848 1291 Hoc
876 1241 995 1290 dicit
1031 1260 1041 1289 :
1075 1242 1331 1303 pecuniam
1357 1241 1554 1291 minime
1580 1252 1802 1303 poscens,
1833 1238 1982 1301 gratis

427 1314 690 1377 smpissime
719 1314 906 1375 copiam
929 1312 1144 1372 corporis
1169 1311 1247 1360 sui
1286 1311 1481 1361 faciens.
1507 1332 1530 1353 υ
1567 1310 1795 1359 Brunch.
1829 1336 1892 1344 —
1922 1316 1968 1357 5.

431 1406 454 1427 e<
486 1385 746 1447 optativus
771 1386 1006 1445 στέργοιμι
1033 1396 1121 1444 pro
1153 1383 1339 1443 futuro,
1355 1381 1489 1443 quod
1515 1381 1698 1443 saepius
1724 1378 1977 1429 observavi

429 1457 477 1505 in
503 1458 778 1505 simocattoe
805 1454 1071 1519 opusculis.
1107 1474 1131 1497 υ
1165 1456 1226 1503 Β.
1255 1456 1368 1510 Quo
1394 1450 1513 1501 nihil
1539 1465 1676 1515 opus.

489 1596 670 1644 cxxu.
703 1596 900 1642 Lemma
929 1614 941 1642 ι
968 1594 1042 1642 ἐπ’
1064 1594 1199 1655 ἔρωτι
1239 1592 1528 1652 παραίνεσις.
1555 1609 1580 1633 «ι
1607 1589 1735 1639 Male
1769 1588 1884 1638 olim
1925 1586 1977 1636 id

429 1666 726 1727 epigramma
749 1664 986 1713 tributum
1007 1663 1102 1712 suit
1128 1661 1448 1723 Heliodoro‚·
1475 1659 1537 1710 de
1563 1674 1664 1723 quo
1680 1672 1841 1708 errore
1869 1656 1981 1705 vide

428 1732 736 1783 Chardonem
780 1732 934 1782 Roch.
963 1733 1164 1782 Miscell.
1197 1734 1236 1780 t.
1265 1734 1328 1791 11,
1373 1746 1421 1794 p.
1466 1736 1537 1781 19.
1581 1750 1606 1773 ι·
1637 1732 1696 1779 Β.
1738 1755 1800 1764 -
1846 1734 1888 1787 1,
1931 1733 1976 1775 2.

427 1803 652 1853 Nondum
678 1806 902 1853 sanatum
929 1807 1004 1853 est
1029 1802 1122 1851 hoc
1137 1801 1394 1851 distichon.
1416 1800 1688 1849 Brunckius
1703 1812 1764 1848 ex
1791 1797 1976 1847 Salma-

427 1875 487 1923 sii
512 1874 591 1923 vel
611 1875 787 1935 Guyeti
823 1874 946 1936 conj.
965 1874 1107 1922 είδεαι
1134 1874 1250 1922 ὄσσε
1274 1872 1535 1933 ἀμφοτέρω.
1557 1868 1814 1918 Jacobsius
1842 1864 1980 1915 εῐδετ’

427 1944 507 1993 ἀπ’
532 1946 690 1993 ὄσσων
710 1946 1068 2008 &accremari
1103 1943 1192 1992 tibi
1219 1942 1284 1991 ab
1310 1942 1475 1991 oculis
1494 1942 1654 1991 eliam
1686 1936 1980 2001 Meqistocle

2068 1236 2252 1287 addens
2276 1238 2337 1287 de
2359 1252 2409 1287 re
2428 1242 2557 1288 nota.
2590 1238 2819 1287 Horatius
2840 1238 2999 1285 carm.
3033 1240 3094 1297 ll,
3114 1237 3195 1286 od.
3218 1244 3265 1297 8,
3299 1243 3353 1287 14
3378 1261 3389 1287 ι
3415 1240 3618 1301 Cupido

2024 1290 2029 1345 ἶ
2070 1314 2285 1371 Semper
2310 1308 2553 1358 ardentes
2580 1322 2772 1358 acuens
2798 1310 3013 1369 saqitlas
3041 1310 3168 1357 Coie
3198 1312 3439 1359 cru-enm.
3478 1337 3539 1345 -
3570 1314 3613 1358 4.

2071 1398 2094 1421 «
2124 1380 2352 1439 Τύφεοθαι
2388 1379 2451 1429 de
2477 1378 2786 1429 clandestinis
2816 1377 3033 1441 ignibus,
3053 1379 3199 1428 etiam
3226 1380 3424 1440 amoris,
3454 1384 3512 1429 ut
3538 1383 3616 1439 xl,

2068 1460 2145 1510 ep.
2172 1454 2259 1505 413
2292 1452 2395 1510 ΧΠ,
2428 1463 2503 1512 ep.
2536 1455 2613 1500 03.
2646 1470 2669 1491 ι»
2696 1450 2811 1498 Jac.
2835 1457 2941 1498 -6
2970 1448 3063 1507 ἐγὼ
3098 1452 3267 1507 πολλῆς
3304 1450 3437 1499 Plan.
3485 1471 3509 1493 κ
3548 1453 3617 1498 De

2066 1519 2234 1637 Ξάζτῖ
2250 1519 2379 1568 conf.
2409 1518 2471 1568 ad
2512 1518 2659 1581 epigr.
2696 1523 2797 1568 111.
2822 1522 3073 1583 Πυρκαῖῆς,
3104 1520 3234 1569 cons.
3266 1522 3371 1579 vn,
3401 1534 3479 1584 ep.
3510 1526 3619 1579 217,

2131 1736 2307 1783 CXXV.
2344 1737 2541 1784 Lemma
2573 1754 2585 1783 z
2623 1736 2685 1787 εἰς
2722 1735 2943 1796 Κορίνναν
2980 1735 3087 1793 (sic)
3120 1736 3316 1797 ἑταίραν.
3343 1763 3405 1771 -
3428 1743 3457 1785 2
3486 1738 3622 1799 μελό·

2068 1806 2197 1863 oso-2:
2222 1804 2364 1864 Cod.;
2392 1804 2599 1853 alterum
2636 1806 2789 1862 Plan,
2812 1804 2896 1866 qui
2929 1804 3103 1853 deinde
3135 1806 3206 1853 ἐπ’
3228 1806 3405 1862 ἠϊόνος,
3439 1810 3494 1855 ut
3522 1807 3625 1869 ipse

2068 1874 2168 1922 Pal.
2195 1888 2225 1923 a
2256 1888 2328 1937 pr.
2354 1888 2441 1935 m.,
2465 1888 2577 1923 nam
2614 1893 2638 1915 σε
2674 1893 2690 1921 ι
2724 1876 2835 1937 post
2862 1893 2885 1919 ν
2918 1878 2994 1923 est
3028 1874 3221 1937 nigriori
3244 1876 3516 1937 pigmento,
3547 1876 3619 1924 di-

2069 1957 2209 1992 verso
2235 1944 2404 1995 ductu.
2430 1965 2454 1987 υ
2488 1945 2689 1994 Paul-53.
2712 1945 2799 1993 Χὼ
2834 1946 2954 2003 μελ.,
2976 1948 3023 1993 et
3046 1947 3200 1993 nolus
3222 1944 3310 1993 ille
3420 1948 3493 1994 De
3524 1960 3625 2009 qua

427 2014 640 2063 videtur
683 2014 886 2063 melior.
941 2016 1063 2063 Nam
1110 2012 1414 2074 distinguunt
1459 2012 1723 2073 φέρτερος...
1766 2008 1975 2060 κλεινοῦ,
2024 2013 2028 2042 ²
2069 2012 2117 2060 vi
2142 2012 2331 2063 articuli
2365 2028 2412 2062 v.
2450 2012 2697 2063 Heindorf.
2725 2013 2788 2062 ad
2819 2013 2942 2061 Plat.
2976 2012 3219 2062 Chamiid.
3246 2027 3295 2075 p.
3320 2020 3394 2063 62.
3418 2016 3536 2063 Jac.
3566 2042 3625 2051 —

425 2090 581 2146 κοῦρε,
609 2084 992 2144 Μεγιστοκλὲους.
1009 2086 1066 2131 In
1089 2080 1272 2143 quibus
1299 2079 1537 2129 Meissekio
1566 2081 1645 2142 (P·
1681 2079 1798 2139 189)
1830 2096 1854 2119 ‘¹
1875 2086 1980 2137 l‘el‘·
2024 2057 2029 2106 Ι
2069 2088 2115 2133 4.
2150 2105 2173 2127 «ι
2202 2086 2383 2135 scortis
2397 2084 2681 2147 vulgaribus
2699 2084 2799 2133 duo
2816 2084 2943 2133 oboli
2962 2084 3041 2133 vel
3062 2086 3165 2133 tres
3187 2082 3453 2142 dabantur3
3474 2085 3623 2134 etiam

425 2154 608 2202 mirum
632 2153 828 2202 videtur
859 2166 948 2201 nec
973 2165 1146 2201 nomen
1172 2152 1320 2201 amati
1341 2150 1481 2213 pueri
1519 2152 1720 2211 apoeta
1757 2160 1866 2197 esse
1891 2159 1976 2208 ap·
2023 2139 2028 2176 ¹
2068 2168 2213 2203 unus.
2236 2154 2421 2204 Libanii
2448 2154 2723 2203 declamans
2748 2155 2977 2203 meret-rix
3006 2166 3117 2216 quae
3160 2154 3461 2203 valedixerat
3501 2156 3619 2203 vitm

425 2225 658 2288 positum,
679 2226 729 2273 et
761 2236 876 2273 eum
895 2222 980 2284 qui
1005 2222 1262 2271 insidiatur
1289 2220 1374 2281 illi,
1401 2220 1562 2283 ipsum
1588 2233 1786 2282 quoque
1821 2218 1982 2280 appel·
2067 2223 2277 2274 liberiori
2304 2246 2315 2273 ε
2350 2226 2503 2273 οὐκέτι
2528 2226 2609 2273 δύο
2634 2228 2714 2273 καὶ
2741 2231 2877 2287 τριῶν
2900 2226 3076 2274 ὀδολῶν
3092 2230 3161 2285 τῷ
3184 2226 3417 2287 προσιόντι
3451 2228 3626 2287 πιπρά-

427 2294 517 2345 lari
547 2300 726 2357 κοῦρον.
785 2298 895 2351 Quo
922 2293 1111 2343 accedit
1152 2290 1286 2355 quod
1312 2292 1580 2352 ἀμφοτέρων
1617 2290 1800 2340 nullam
1837 2288 1978 2352 plane
2008 2330 2013 2335 .
2068 2312 2259 2354 mir-0²¹·-
2289 2294 2537 2344 Philemon
2567 2294 2795 2358 Adelphis
2828 2316 2839 2343 :
2867 2296 2985 2357 ἔχῃς
3008 2295 3298 2350 'Emonia-me,
3316 2310 3443 2353 ,mu
3462 2298 3493 2353 ἦ
3514 2298 3627 2358 espa

425 2366 655 2415 hocloco
680 2365 778 2414 vim
816 2364 964 2415 habet
1005 2367 1055 2413 et
1093 2363 1232 2427 plane
1273 2362 1403 2411 iners
1440 2362 1695 2411 oculorum
1733 2357 1979 2423 epitheton
2023 2383 2028 2426 l
2068 2364 2159 2412 ’στ’
2183 2366 2464 2428 ἀνεῳγμένη·
2508 2366 2587 2420 Εἰς
2621 2365 2799 2418 ὸῧολός.
2836 2364 3075 2427 Diogenes
3104 2364 3313 2426 Cynicus
3346 2378 3426 2425 ap.
3458 2366 3625 2414 Laert.

405 2440 517 2486 -est.
545 2456 568 2478 n·
597 2435 770 2485 Scribit
798 2455 810 2484 :
2023 2443 2028 2490 Ι
2068 2436 2135 2483 Vl
2155 2472 2168 2495 ,
2189 2439 2237 2494 4,
2274 2449 2425 2497 quum
2472 2437 2690 2484 cerneret
2718 2433 2966 2483 moschum
2996 2434 3256 2495 fugientem
3275 2471 3287 2493 ,
3312 2453 3335 2476 e<
3359 2434 3427 2483 Ὤ.
3452 2436 3623 2483 δυστυ-

2070 2506 2173 2567 χής,
2201 2524 2225 2548 ν
2250 2506 2377 2564 εἷπε,
2398 2524 2421 2547 «
2448 2505 2641 2562 πηλίκον
2664 2505 2871 2553 κίνδυνον
2894 2504 2997 2553 630>
3006 2510 3060 2551 οὗ
3080 2506 3313 2567 διαφυγεῖν
3340 2504 3571 2565 ἐδύνασω
3600 2526 3621 2546 ¹-

2069 2575 2321 2637 Antipater
2350 2574 2441 2623 suit
2463 2573 2611 2637 paulo
2634 2574 2889 2633 liberalior,
2910 2573 2997 2635 qui
3022 2586 3169 2635 supra
3192 2587 3267 2636 ep.
3296 2580 3383 2624 109
3408 2576 3631 2623 narravit

2023 2625 2028 2677 ¹
2071 2647 2313 2708 Europam
2341 2644 2573 2693 drachma
2600 2657 2709 2693 esse
2738 2644 2970 2693 venalem.
2996 2644 3169 2693 Melius
3194 2646 3336 2694 etiam
3352 2646 3631 2707 segessisse

2022 2680 2028 2749 Ῐ
2070 2713 2267 2763 videtur
2306 2713 2651 2769 Philodemus.
2694 2714 2805 2775 qui,
2846 2714 3025 2776 scripto
3066 2714 3214 2777 epigr.
3262 2720 3363 2773 126,
3404 2714 3629 2763 ultimam

2070 2784 2405 2848 posteritatem
2439 2781 2612 2832 docere
2640 2782 2795 2833 voluit
2821 2797 2873 2832 se
2910 2784 3127 2846 quinque
3164 2782 3421 2833 drachmas
3453 2786 3622 2845 Lysia-

2066 2869 2225 2906 nassae
2251 2855 2441 2906 dedisse
2457 2895 2469 2917 ,
2502 2858 2551 2905 et
2577 2867 2675 2917 qua
2708 2854 2995 2905 conditione.
3028 2855 3123 2912 Qui
3168 2859 3501 2905 matronarum
3538 2868 3629 2904 cu-

2068 2927 2197 2991 pitor
2244 2931 2373 2985 erat,
2418 2927 2581 2976 carius
2620 2925 2865 2988 peccabat.
2912 2929 3125 2975 Noverat
3156 2925 3469 2975 Philodemus
3505 2926 3601 2974 iste
3616 2964 3631 2982 ,

2069 2994 2217 3045 homo
2244 3010 2455 3058 nequam
2470 3036 2483 3056 ,
2513 2993 2759 3044 moechum
2796 2995 3038 3058 quendam
3080 2995 3167 3058 qui
3204 2995 3535 3058 periculosum
3582 2999 3635 3044 et

2071 3079 2227 3115 unum
2268 3065 2560 3116 honestioris
2612 3065 2803 3114 seminae
2848 3066 3123 3129 amplexum
3170 3067 3387 3128 quinque
3430 3066 3635 3114 talentis

2070 3137 2278 3187 emebat.
2315 3159 2337 3180 n
2360 3139 2421 3187 B.

483 2556 566 2613 Μὴ
589 2556 652 2604 σύ
668 2572 720 2613 γε
742 2555 849 2615 μηδ’
877 2556 919 2603 εἷ
949 2570 1022 2603 τοι
1042 2556 1162 2603 πολὺ
1191 2556 1400 2617 φέρτερος
1422 2552 1556 2602 εἴδετ’
1578 2552 1662 2600 ἀπ’
1683 2552 1838 2600 ὅσσων

549 2627 817 2689 Ἀμφοτερὸς
839 2627 1020 2675 κλεινοῦ
1038 2662 1052 2687 ,
1077 2629 1196 2689 Κῦρε
1214 2661 1227 2683 ,
1249 2624 1637 2684 Μεγιστοκλέους.

405 2752 547 2813 ΤΚῢρε
587 2750 736 2800 etiam
761 2748 1004 2799 Chardoni
1029 2748 1278 2812 placuisse
1315 2745 1474 2795 video,
1518 2748 1702 2795 Verum
1728 2743 1980 2793 Heckerus

418 2820 580 2884 jungit
597 2823 777 2869 κλεινοῦ
799 2827 936 2884 κοῦρε
953 2819 1340 2881 Μεγιστοκλεόυς,
1359 2837 1382 2859 «ι
1409 2828 1510 2881 qua
1527 2814 1806 2880 paraphrasi
1824 2826 1981 2862 enun-

426 2891 568 2940 ciavit
596 2893 740 2954 poeta
775 2890 862 2940 filii
890 2904 1068 2939 nomen
1105 2889 1436 2952 Μεγακλείδης.
1464 2907 1488 2930 ι»
1531 2885 1714 2935 Deinde
1761 2883 1980 2934 defendit

426 2963 692 3024 ἀμφοτέρων
715 2961 936 3024 exemplo
961 2963 1071 3022 ὁρᾶν
1099 2960 1369 3023 ἀμφοτέροις
1394 2959 1600 3020 aliisque
1626 2954 1763 3005 haud
1790 2954 1982 3018 aptiori·

404 3031 538 3092 bus,
569 3031 655 3080 sed
681 3031 975 3094 subjungens
1001 3031 1329 3092 conjecturam
1353 3050 1367 3078 ·.
1394 3031 1512 3078 πολὺ
1531 3029 1793 3091 φίλτερος
1819 3027 1979 3075 ὄσσων

415 3103 712 3164 ’ἆμφοτέρων.
741 3102 916 3150 collato
942 3101 1136 3149 Catullo
1154 3102 1280 3161 cm,
1308 3107 1334 3148 2
1367 3114 1379 3141 ³

1245 3221 1362 3266 male
1380 3222 1533 3265 (licere
1563 3220 1685 3273 vitae,

535 3285 775 3330 Ambobus
802 3285 912 3328 mibi
935 3296 1036 3340 quae
1054 3283 1201 3328 carior
1229 3287 1296 3328 est
1316 3283 1477 3328 oculis.

407 3404 589 3466 'Pergit
619 3424 630 3452 :
663 3422 686 3444 κ
715 3402 811 3452 Sed
837 3403 904 3451 ita
928 3403 1096 3452 εῐδετοιι
1124 3415 1298 3466 parum
1325 3405 1494 3466 aptum
1523 3404 1614 3464 est,
1635 3415 1724 3466 pro
1754 3415 1853 3464 quo
1885 3414 1982 3450 ma-

425 3475 510 3525 lim
537 3476 711 3538 ᾄδεται,
733 3473 827 3523 hoc
853 3486 1000 3522 sensu
1033 3493 1046 3522 :
1073 3473 1264 3522 etiamsi
1281 3473 1367 3522 tibi
1381 3475 1636 3536 poetarum
1661 3486 1795 3522 more
1812 3472 1980 3521 ambo·

425 3546 520 3595 bus
538 3545 691 3594 oculis
716 3543 872 3594 carior
897 3557 1005 3594 esse
1025 3557 1054 3592 a
1080 3547 1130 3594 te
1157 3543 1262 3606 ipso
1290 3543 1482 3593 dicatur
1511 3543 1717 3606 pulcher
1741 3543 1822 3592 ille
1844 3543 1981 3605 Juve-

427 3616 517 3666 nis.
549 3637 573 3660 υ
595 3618 711 3664 Haec
732 3614 998 3664 memoravi
1017 3618 1074 3663 ut
1093 3613 1140 3662 in
1167 3613 1274 3663 loco
1292 3612 1606 3663 vehementer
1632 3613 1898 3664 laborante.
1923 3638 1983 3646 —

403 3692 472 3735 ,3.
510 3705 532 3727 «ι
563 3689 686 3742 Qum
725 3687 979 3734 venustate
1017 3687 1068 3734 et
1101 3684 1465 3747 pulchritudine
1510 3682 1891 3745 conspiciuntur,
1927 3694 1984 3730 ea

428 3756 701 3804 Gratiarum
728 3754 954 3804 manibus
979 3756 1184 3803 tractata
1205 3753 1450 3803 dicuntur.
1483 3752 1704 3801 Rhianus
1730 3751 1854 3800 infra
1877 3751 1981 3808 xli,

406 3840 508 3888 -ep.
538 3832 599 3876 38
631 3841 642 3868 ι
679 3825 822 3888 'opat
859 3842 936 3874 σοι
973 3827 1166 3886 Χάριτές
1201 3841 1252 3873 τε
1291 3825 1414 3873 κατὰ
1451 3824 1597 3884 γλυκὺ
1631 3827 1774 3886 χεῦαν
1811 3822 1980 3870 ἔλαιον.

428 3895 714 3945 Theocritus
732 3897 771 3954 Ι,
811 3901 896 3945 150
917 3908 929 3937 ²
958 3896 1099 3954 Ὡρᾶν
1123 3896 1381 3945 πεπλύσθαι
1405 3913 1474 3942 νιν
1501 3895 1576 3942 ἐπὶ
1601 3895 1813 3956 κράναισι
1843 3892 1985 3947 δοκη-

429 3973 540 4022 σεῖς.
562 3987 583 4008 υ
600 3967 713 4015 Jac.
729 3965 914 4015 Deinde
928 3964 1088 4014 Codex
1103 3965 1424 4028 ἀμφιδοναίης,
1445 3985 1466 4006 ιι
1481 3977 1568 4027 pro
1580 3977 1680 4026 quo
1691 3961 1986 4025 ἀμφιὸονοίης

409 4049 777 4100 ‚proposueram
811 4036 874 4086 ad
911 4035 1126 4099 Theoph.
1176 4036 1350 4086 Simoe.
1398 4036 1552 4098 Epist.
1597 4041 1677 4092 82,
1720 4048 1768 4097 p.
1815 4037 1925 4082 321.
1956 4051 1981 4074 ν

433 4109 595 4156 Boiss.
639 4106 871 4169 Idemque
899 4107 1179 4167 HeckeruS,
1222 4126 1246 4150 «ι
1273 4106 1480 4155 verbum
1520 4105 1845 4168 aptissimum,
1881 4103 1985 4151 sive

409 4176 687 4238 .imaginem
716 4176 1022 4238 desumptam
1065 4179 1211 4238 putes
1246 4175 1309 4224 ab
1335 4173 1509 4236 apibus
1535 4188 1648 4237 quae
1675 4173 1860 4222 circum
1903 4171 1989 4218 sso-

433 4261 512 4296 res
536 4251 789 4308 vagantur,
806 4247 911 4296 sive
928 4260 959 4295 a
975 4245 1214 4295 culicibus
1231 4245 1434 4306 aliisque
1460 4246 1566 4308 ejus
1589 4243 1779 4307 generis
1805 4241 1987 4290 bestio-

431 4319 495 4368 lis
518 4331 631 4380 quae
674 4318 918 4367 flammam
958 4318 1172 4367 lucernae
1199 4317 1606 4366 circumvolitant.
1652 4335 1676 4358 ν
1713 4311 1988 4364 Brunckius

435 4389 759 4450 ἁμφιδοκεὺοις
773 4424 786 4447 ,
803 4387 940 4451 quod
959 4388 1168 4451 probant
1190 4387 1394 4437 Meinek.
1413 4391 1463 4437 et
1489 4385 1628 4436 Both.
1651 4412 1712 4422 —-
1727 4391 1771 4434 5.
1804 4404 1827 4426 «
1849 4382 1986 4431 Cous.

431 4459 747 4508 Anacreontis
781 4458 840 4509 fr.
862 4465 922 4510 93
946 4479 957 4508 ι
985 4460 1158 4523 ὧραννε
1193 4459 1249 4517 δὴ
1274 4459 1394 4520 λίην,
1419 4461 1632 4507 πολλοῖσι
1661 4457 1748 4520 γὰρ
1773 4456 1941 4518 μέλεις.
1962 4472 1986 4496 n

434 4527 590 4580 Heck.

500 4671 704 4718 cxxm.
727 4671 924 4718 Lemma
945 4685 957 4713 ε
982 4673 1043 4724 εἰς
1073 4669 1346 4719 Καλλίστιον
1367 4672 1448 4728 τὴν
1464 4669 1660 4732 ἑταίραν.
1683 4695 1746 4704 -
1763 4676 1806 4717 2.
1827 4665 1981 4716 Boiss.

431 4744 690 4804 comparat
717 4743 934 4803 Propert.
966 4743 1005 4802 Ι,
1026 4742 1088 4790 el.
1109 4746 1187 4801 30,
1218 4745 1271 4789 31
1309 4761 1321 4788 :

577 4867 730 4907 Donec
756 4863 949 4908 diversas
967 4873 1237 4920 percurrens
1253 4862 1364 4905 luna
1385 4861 1618 4915 fenestra«,

598 4931 729 4972 Luna
751 4929 991 4972 moraturis
1016 4926 1166 4971 sedula
1190 4924 1446 4970 luminibus.

2132 3285 2331 3333 CXXVI.
2364 3287 2563 3334 Lemma
2596 3306 2609 3333 ι
2640 3287 2928 3335 τωθαστικόν
2951 3285 3025 3334 ἐπί
3049 3302 3136 3333 τινι
3166 3287 3324 3348 ἐρῶντι
3351 3289 3521 3348 σαπρῷ
3551 3289 3637 3332 καί

2070 3357 2219 3405 πολλὰ
2242 3359 2543 3419 παρεχομένῳ
2568 3361 2667 3412 ταῖς
2692 3357 2903 3421 ἑταίραις.
2930 3376 2955 3398 ιι
2976 3356 3117 3406 Falso
3145 3357 3382 3419 glossator
3412 3357 3636 3418 primum

2070 3427 2311 3477 distichon
2346 3427 2408 3476 de
2434 3427 2745 3477 meretricum
2788 3429 3027 3477 sectatore
3055 3427 3403 3489 interpretatus
3428 3428 3527 3474 cst.
3561 3429 3641 3474 De

2068 3499 2260 3551 moecho
2288 3498 2465 3562 agitur,
2486 3498 2572 3560 qui
2598 3499 2647 3546 in
2674 3500 2920 3547 matronas
2946 3495 3139 3545 insanit.
3160 3495 3297 3543 Cons.
3320 3497 3491 3544 Horat.
3524 3499 3633 3543 Sat.

2072 3574 2111 3632 l,
2134 3578 2182 3629 2,
2210 3583 2258 3618 V.
2287 3574 2346 3618 38
2373 3581 2505 3630 seqq.
2536 3589 2559 3610 υ
2582 3569 2697 3616 Juc.
2727 3592 2789 3604 —
2820 3570 2840 3615 1
2872 3571 2944 3624 τῆι
2963 3565 3105 3614 δείναι
3132 3563 3253 3612 cod.
3287 3584 3309 3605 e·
3342 3563 3489 3620 Quod
3534 3578 3641 3613 non

2068 3641 2208 3704 potui
2227 3652 2434 3688 servare.
2467 3637 2641 3699 Scripsi
2671 3651 2728 3704 ex
2756 3651 2852 3685 usu
2875 3642 2932 3699 τῇ
2954 3637 3093 3684 δεῖνα.
3121 3636 3198 3684 Fit
3216 3634 3415 3697 quidem
3442 3634 3637 3683 hiatus.

2072 3709 2329 3772 Proposuit
2356 3708 2549 3757 Jacobs,
2566 3707 2687 3756 bene
2710 3713 2766 3769 τῇ
2786 3709 2911 3756 δεῖνι.
2942 3706 3119 3769 [Quod
3148 3706 3195 3754 in
3228 3710 3353 3755 nott.
3376 3719 3496 3754 mss.
3515 3705 3639 3765 reji-

2074 3795 2181 3831 cere
2205 3779 2503 3842 x·ideretur.]
2526 3805 2588 3815 -
2604 3785 2645 3827 2.
2668 3778 2937 3840 Ellipticam
2958 3777 3213 3825 formulam
3238 3777 3305 3837 μὰ
3322 3776 3421 3834 τὸν,
3444 3775 3645 3824 scilicet

2074 3853 2193 3910 θεὸν,
2213 3851 2451 3900 illustravi
2483 3849 2545 3898 ad
2566 3847 2779 3911 Theoph.
2808 3849 2983 3897 Simoc.
3022 3860 3069 3911 p.
3106 3851 3208 3898 178.
3240 3845 3349 3895 vid.
3392 3846 3643 3895 Schaefer-

2074 3923 2237 3984 Ellips.
2268 3921 2318 3969 iu
2344 3921 2440 3975 δεός
2454 3957 2468 3979 ,
2491 3920 2603 3982 qui,
2626 3919 2721 3968 hoc
2738 3919 2843 3980 ipso
2862 3917 3127 3968 Philodami
3150 3918 3367 3979 exemplo
3388 3930 3508 3965 usus
3524 3954 3536 3974 ,
3572 3917 3649 3962 ad

2074 3991 2265 4040 hiatum
2290 3997 2347 4051 τῇ
2366 3992 2494 4038 δεῖνα
2513 3991 2539 4037 ὁ
2558 3991 2683 4037 δεῖνα
2702 4003 2797 4036 ιιοιι
2823 3987 3019 4036 videtur
3049 3985 3329 4035 offendisse.
3353 4007 3375 4028 ιι
3413 3989 3473 4034 Β.
3491 4012 3559 4021 -
3588 3993 3647 4034 3.

2075 4065 2278 4124 δραγμᾱς
2302 4065 2353 4110 et
2373 4066 2429 4121 τῇ
2454 4065 2575 4110 Λυσ.
2616 4058 2795 4118 Codex,
2828 4072 2952 4108 corr.
2993 4057 3199 4107 Brunck.
3238 4084 3304 4092 -—
3340 4061 3370 4105 4
3398 4058 3507 4119 πρὸς
3544 4063 3649 4105 τῶι

2075 4133 2217 4192 θοὰ,
2245 4133 2549 4195 superposita
2574 4135 2688 4180 nota
2727 4129 3098 4193 depravationis.
3131 4131 3235 4177 Jac.
3261 4133 3394 4178 recte
3420 4128 3647 4190 explicat

2068 4206 2327 4269 practerea
2341 4239 2359 4263 ,
2378 4205 2434 4251 ut
2462 4203 2572 4264 πρὸς
2595 4201 2787 4257 τούτοις.

2140 4353 2365 4402 CXXVH.
2398 4354 2598 4401 Lemma
2636 4370 2647 4398 z
2683 4350 2761 4398 ἐπὶ
2798 4349 3009 4411 παρθένῳ
3046 4347 3288 4407 Ἀλκίππη.
3312 4372 3379 4382 -
3401 4351 3430 4396 3
3467 4347 3651 4394 eriam

2078 4423 2323 4473 cod—⁴
2350 4422 2676 4484 περισσότερον
2711 4419 2852 4479 cod„
2894 4431 3017 4466 corr.
3054 4417 3337 4466 Meinekius.
3373 4416 3659 4465 Jacohsius

2078 4491 2347 4552 conjecerat
2376 4493 2724 4554 περισσὸτερος,
2750 4491 3021 4538 curiosior.
3040 4517 3099 4528 —
3119 4493 3146 4535 5
3174 4487 3337 4535 ἔλαθον
3364 4487 3495 4535 Plan.
3524 4506 3551 4527 ει
3596 4489 3657 4535 Si

2079 4563 2216 4611 λάλον
2239 4562 2303 4611 sit
2328 4561 2575 4623 epitheton
2603 4559 2795 4618 matris,
2829 4557 2929 4607 sere
2960 4560 3180 4621 ineptum
3207 4561 3297 4606 est.
3328 4559 3445 4606 Fere
3484 4557 3654 4606 intel-

2079 4633 2224 4694 ligam
2248 4633 2399 4689 κείνης
2433 4633 2587 4688 λάλον,
2613 4629 2719 4691 ejus
2746 4641 2921 4685 voces,
2951 4629 3155 4689 ejusque
3188 4627 3234 4675 in
3269 4627 3488 4690 amplexu
3515 4641 3665 4692 gan-

2080 4699 2238 4760 nitus,
2268 4704 2475 4762 aptaque
2490 4699 2639 4747 verba
2648 4699 2773 4761 joco.
2799 4717 2822 4738 ι»
2845 4697 2905 4744 B.
2924 4696 3044 4745 Mihi
3070 4695 3211 4744 valde
3241 4695 3400 4756 placet
3420 4695 3663 4744 Jacobsii

2080 4772 2234 4828 κλίνης
2258 4773 2422 4826 σάλος,
2452 4789 2475 4810 «ι
2502 4769 2581 4818 illa
2607 4767 2818 4818 trem-uli
2852 4767 2965 4815 lech·
2994 4767 3213 4827 aquatio
3240 4767 3290 4813 el
3318 4765 3663 4824 ambulatio,

2084 4843 2141 4890 ut
2164 4841 2383 4903 loquitur
2410 4838 2633 4889 Catullus
2658 4839 2741 4898 Vl,
2762 4843 2809 4887 9.
2845 4858 2867 4880 υ
2893 4835 3163 4884 Husckkius
3190 4834 3240 4884 in
3270 4835 3509 4884 Analectis
3538 4835 3661 4884 litt.

2082 4925 2131 4974 p.
2157 4915 2215 4961 44
2244 4911 2375 4967 κλίνη
2403 4911 2551 4965 λάλος.
2580 4911 2755 4958 [trum
2786 4907 3038 4970 praeseram
3065 4907 3281 4956 incertus
3318 4905 3495 4955 editam
3519 4919 3609 4954 sc:
3626 4908 3667 4954 i-
