3829 5747
421 364 584 414 -baud
615 368 758 420 dubie
777 364 914 411 ποτὶ
939 364 1010 424 β).
1043 358 1256 421 βιὸάζων.
1284 356 1385 405 Alia
1407 356 1456 405 iu
1480 356 1631 406 Palat.
1658 371 1705 420 p.
1737 362 1843 417 379,
1863 356 1989 406 Add.

446 449 504 498 p.
535 437 632 493 Lx,
657 436 709 483 et
733 434 932 482 Delectu
951 444 998 493 p.
1027 436 1115 479 285
1145 428 1392 491 proposita
1420 430 1524 476 Jac.
1553 427 1656 491 ipse
1679 430 1845 491 postea
1868 427 1993 489 reje-

444 503 529 552 cit.
563 500 826 550 Passovius
852 498 1050 561 Scriptt.
1085 498 1220 546 misc.
1263 510 1308 559 p.
1341 502 1428 545 202
1457 500 1508 545 et
1537 496 1832 559 Peerlkamp.
1867 499 1991 545 Nov.

447 572 571 621 nihl.
599 570 703 619 crit.
729 571 813 629 iv,
834 582 884 631 p.
907 572 964 617 54
985 606 998 627 ,
1023 568 1146 629 conj.
1174 570 1280 615 ποτὶ
1305 567 1589 629 βληχήματα
1619 567 1788 628 βάζων.
1815 591 1876 602 ·-
1905 570 1935 615 4
1960 570 1991 625 ἢ

446 646 630 702 πινιιιρῆ
653 638 792 700 cod,
822 636 910 687 sed
937 638 1090 687 literis
1105 656 1146 685 νι
1177 640 1448 686 atramento
1471 636 1698 686 inductis.
1731 636 1989 698 Exuperius

444 710 653 772 conjecit
673 709 704 767 ἦ
733 724 791 767 με
807 714 968 771 πικρῇ.
1001 726 1024 749 ‘t
1045 706 1261 769 Intellige
1285 709 1394 767 μᾶλ)
1405 722 1456 753 ον
1481 706 1740 767 ἢ...Νήοχα
1771 704 1992 764 πηδάλια,

447 784 616 833 clavus
638 792 739 841 quo
759 778 960 829 navium
975 790 1152 826 cursus
1180 776 1379 839 regitur,
1397 776 1550 836 ἔχεται
1572 810 1586 833 ,
1605 784 1853 834 navesque
1876 772 1995 835 ipsae

446 854 721 903 servantur.
755 876 818 886 —
863 857 892 900 6
945 851 1030 911 έφή
1082 850 1252 907 μίσατο
1311 847 1417 905 (sic)
1470 844 1634 895 Codex
1659 861 1672 905 ;
1719 845 1995 903 ἀπημὲσατο

446 924 672 979 Salmas„
703 919 784 969 cui
824 918 1108 969 correctioni
1143 917 1289 967 etiam
1328 916 1642 965 Ruhnkenius
1677 915 1855 978 (Epist.
1885 916 1991 964 crit.

445 998 486 1050 1,
512 1007 559 1055 p.
591 994 694 1051 122)
725 988 920 1039 favebat
939 1029 949 1048 ‚
971 1002 1127 1051 quum
1154 991 1297 1037 antea
1315 987 1535 1039 ἐληΐσατο
1562 986 1864 1049 conjecisset.
1889 988 1995 1034 Una

445 1060 584 1109 litera
607 1061 796 1109 mutata
821 1057 992 1120 scripsi
1019 1058 1331 1120 ἐφωρμὶσατο.
1359 1056 1622 1104 Discrirnen
1642 1094 1654 1114 ‚
1681 1070 1781 1116 qno
1805 1060 1997 1105 veteres

445 1132 695 1193 ἐξορμίζειν
723 1128 1028 1192 distinguunt
1062 1130 1114 1176 et
1143 1128 1480 1188 ἐρορμὶζεσθαι,
1500 1138 1531 1173 a
1559 1124 1823 1174 serioribus
1851 1124 1997 1187 negli-

421 1201 590 1264 gitur.
615 1220 640 1244 ›-
664 1204 778 1251 Jac.
809 1200 1060 1249 Heckerus
1077 1210 1166 1259 pro
1189 1198 1436 1259 ῥοιὸδῄσας
1455 1194 1593 1245 malit
1611 1196 1842 1259 ῥοιζήσας.

506 1338 822 1387 Dcxxxvll.
849 1339 1046 1387 Lemma
1073 1349 1085 1377 ι
1115 1336 1179 1389 εἷς
1201 1334 1389 1397 Πῠῤῥον
1409 1333 1518 1395 (sic)
1536 1335 1615 1383 τὸν
1631 1336 1763 1383 ἁλιέα
1785 1333 2003 1394 nepam&
2033 1328 2039 1344 '

447 1409 616 1466 ὅλητον
642 1406 904 1469 γενόμενον.
949 1426 971 1447 «ι
1001 1404 1214 1455 Historia
1239 1403 1302 1453 de
1333 1404 1518 1465 Pyrrho
1549 1404 1791 1467 piscatore
1808 1438 1823 1465 ,
1850 1404 1997 1465 cujus

449 1476 614 1543 navis,
659 1489 812 1538 quum
843 1475 947 1537 ipse
995 1473 1197 1523 fulmine
1224 1485 1490 1534 percussus
1531 1476 1687 1532 esset,
1721 1476 1892 1537 sponte
1922 1486 1995 1523 re-

443 1548 614 1608 dime,
644 1545 826 1595 domini
857 1558 1024 1594 casum
1055 1542 1313 1593 nuntiavit.
1356 1564 1380 1585 ι»
1417 1547 1532 1592 Jac.
1572 1568 1634 1579 —
1669 1549 1687 1592 1
1725 1546 1995 1607 μουνορέτης

446 1618 589 1676 Cod.;
611 1620 686 1673 νηῒ
702 1615 820 1665 Cod.
845 1619 894 1664 et
924 1615 1079 1674 Plan.‚
1104 1614 1238 1677 quod
1263 1614 1387 1664 bene
1409 1616 1680 1665 correxisse
1703 1614 1995 1678 scaligerum

443 1687 839 1737 demonstrarunt
867 1683 1072 1733 Meinek.
1101 1698 1152 1747 p.
1181 1688 1272 1734 214
1301 1687 1353 1733 et
1379 1683 1585 1733 Lobeck.
1622 1684 1808 1734 Pathol.
1849 1686 1992 1734 elem.

448 1760 488 1817 1,
521 1772 568 1821 p.
603 1763 710 1807 261.
747 1786 808 1797 -
835 1762 863 1804 2
900 1756 954 1803 ἐκ
985 1756 1178 1803 καθέτου
1213 1754 1369 1811 Plan..
1418 1754 1552 1815 quod
1587 1756 1774 1817 recepit
1805 1758 1906 1805 Jac.
1945 1756 1995 1805 iu

445 1834 615 1879 nostro
640 1827 865 1889 exemplo
879 1864 892 1886 ,
917 1830 970 1875 et
999 1828 1222 1887 oportere
1243 1823 1501 1874 videbatur
1521 1824 1668 1875 etiam
1689 1828 1748 1875 G.
1785 1824 1997 1875 Dindor-

444 1902 510 1949 fio
526 1900 588 1949 ad
605 1900 746 1949 Thes.
769 1912 810 1948 s.
834 1911 882 1946 v.
905 1911 953 1959 p.
978 1900 1004 1947 7
1011 1902 1068 1946 75
1089 1935 1102 1957 ,
1123 1898 1188 1954 B‘.
1211 1909 1308 1945 non
1319 1895 1586 1958 tetigerunt
1607 1896 1812 1946 Meinek.
1835 1910 1994 1959 neque

445 1970 596 2021 Boiss.
619 1969 770 2019 Nobis
793 1966 993 2030 quidem
1018 1965 1201 2016 librarii
1235 1978 1344 2015 esse
1371 1968 1624 2027 peccatum
1649 1964 1861 2015 videtur.
1883 1994 1946 2002 —
1964 1974 1993 2016 o

441 2043 521 2089 καὶ
541 2042 707 2102 φράσεν
735 2038 854 2088 cod.
882 2040 934 2086 et
962 2038 1114 2098 Plan„
1145 2035 1320 2086 deinde
1346 2036 1426 2085 ille
1443 2036 1562 2085 κούκ
1592 2037 1690 2095 ἐτι,
1727 2036 1808 2085 hic
1841 2038 1880 2085 δ’
1908 2038 1995 2085 οὐκ

442 2113 518 2159 ἐπ.
546 2112 758 2173 Apparet
789 2108 904 2159 ferri
931 2122 1029 2157 non
1055 2120 1202 2170 posse
1226 2110 1306 2155 καὶ
1341 2107 1510 2169 φράσεν
1542 2109 1655 2169 post
1674 2106 1824 2157 verba
1853 2108 1995 2167 ἀγγε-

441 2184 543 2240 λίην
570 2186 830 2244 μηνύουσα.
875 2178 1049 2240 Recepi
1079 2176 1376 2226 lenissimam
1403 2176 1750 2227 correctionem
1781 2176 1995 2226 Jacobsii

443 2255 492 2303 in
521 2252 622 2301 Del.
667 2264 713 2313 p.
752 2254 835 2299 148
869 2269 881 2296 :
913 2268 936 2291 «
969 2250 1193 2298 Fortasse
1224 2260 1315 2295 nec
1345 2248 1426 2295 καί
1457 2247 1723 2311 genuinum
1758 2250 1862 2305 est,
1900 2261 1994 2298 nec

442 2326 520 2381 δέ,
553 2321 640 2371 sed
670 2318 980 2369 scribendum
1023 2336 1036 2365 ι
1069 2318 1150 2365 καὶ
1189 2318 1416 2378 φράσαι
1443 2318 1644 2380 Ἀργῴην
1671 2318 1757 2366 οὐκ
1784 2318 1859 2367 ἐπ.
1900 2334 1993 2379 τρ.,

445 2393 555 2443 scil.
573 2392 706 2440 ὥστε
728 2389 926 2451 φράσαι,
959 2388 1012 2435 ιιι
1041 2398 1224 2436 casum
1242 2386 1390 2435 illum
1413 2385 1766 2449 eloqueretur.
1803 2405 1827 2428 υ
1851 2385 1995 2435 Haud

441 2462 607 2524 paullo
635 2458 811 2507 melius
829 2456 924 2505 hoc
939 2468 1089 2518 quam
1113 2454 1249 2518 quod
1265 2454 1316 2503 in
1345 2455 1552 2505 eandem
1575 2455 1866 2506 sententiam
1887 2470 1994 2519 pro·

443 2530 673 2592 posuerat
699 2527 750 2575 iu
781 2524 1031 2574 Addendis
1061 2524 1162 2573 Pal.
1195 2538 1244 2587 p.
1269 2524 1370 2583 Lx,
1401 2525 1497 2579 κείς
1533 2523 1714 2586 φράσιν,
1753 2543 1776 2566 «
1809 2522 1842 2572 i.
1863 2537 1909 2572 e.
1932 2527 1996 2580 εἰς

442 2602 527 2659 τήν
558 2606 640 2655 τῆς
680 2601 917 2657 συμφορᾶς
937 2595 1240 2655 ἀπαγγελίαν.
1267 2615 1292 2638 υ
1322 2594 1524 2643 Bothius
1559 2591 1849 2655 conjiciebat
1880 2613 1891 2642 ε
1917 2595 1994 2641 καὶ

443 2669 612 2731 φράσεν
631 2705 644 2727 ,
669 2686 691 2709 ‘t
717 2668 918 2730 Ἀργῴην
936 2666 1021 2714 οὐκ
1043 2665 1150 2713 ἐπὸ
1164 2667 1312 2721 θησα
1339 2682 1518 2729 τροπιν.
1547 2684 1570 2707 υ
1595 2666 1664 2713 De
1683 2676 1782 2725 qua
1800 2663 1993 2726 Apollo·

446 2740 560 2788 nius
586 2740 671 2796 lv,
695 2742 780 2785 581
815 2756 827 2784 ι

563 2872 696 2930 ῐαχεν
723 2868 947 2932 ἀνδρομέῃ
974 2868 1114 2930 ἐνοπῇ
1121 2903 1251 2916 .......
1349 2888 1352 2892 ·

569 2940 734 2997 αὐδῆεν
757 2941 986 2999 γλαφυρῆς
1013 2937 1120 2994 νηὸς
1141 2936 1252 2999 δόρυ
1267 2973 1280 2996 ,
1301 2935 1357 2986 τό
1377 2935 1416 2998 ῥ’
1439 2936 1529 2984 ἀνὰ
1549 2937 1726 2997 μέσσην

567 3014 747 3071 στεῖραν
769 3008 983 3065 Ἀθηναίη
999 3007 1270 3062 Δωδωνίδος
1283 3007 1463 3074 ,ἥρμοσε
1486 3011 1651 3068 φηγοῦ.

446 3145 682 3196 Meinekio
703 3143 964 3210 legendum
988 3142 1244 3194 videbatur
1263 3145 1566 3206 κάγγελίην...
1595 3145 1737 3206 ἔφρα
1751 3162 1780 3192 σ
1795 3161 1850 3192 εν
1869 3180 1881 3202 ,
1901 3145 1993 3207 Ἀρ-

446 3219 573 3279 γῴην
601 3218 719 3264 κούκ.
749 3218 846 3269 ἐπ..
868 3214 1167 3277 hyperbaton
1197 3228 1283 3276 pro
1303 3217 1383 3263 καὶ
1412 3221 1530 3278 Ἀργ.
1566 3215 1652 3262 οὐκ
1683 3215 1756 3262 ἐπ.
1797 3212 1994 3262 minime

445 3299 610 3335 rarum
645 3297 754 3334 esse
785 3285 1047 3334 observans
1073 3284 1123 3333 in
1155 3283 1313 3346 poetis
1345 3299 1442 3334 non
1469 3283 1672 3343 Atticm,
1706 3283 1816 3332 coll.
1852 3285 1989 3332 Hau-

444 3356 544 3418 ptio
573 3355 777 3405 observ.
806 3355 914 3404 crit.
940 3368 985 3417 p.
1019 3361 1094 3405 62.

503 3484 849 3533 Dcxxxvm.
886 3483 1083 3530 Lemma
1114 3495 1126 3523 ε
1151 3482 1214 3536 εἰς
1245 3479 1444 3539 γυναῖκα
1477 3479 1559 3528 δύο
1585 3481 1724 3528 τέκνα
1751 3479 1957 3542 ἔχουσαν
1975 3514 1991 3540 ,

441 3555 506 3602 ὧν
531 3555 584 3603 τὸ
603 3555 650 3602 ἓν
669 3555 850 3611 ἠσθένει
869 3588 884 3613 ,
911 3554 964 3600 τὸ
982 3551 1036 3620 ,δ’
1066 3553 1218 3614 ἕτερον
1244 3554 1370 3613 ἡγιὲς
1399 3551 1454 3610 ἦν
1473 3566 1485 3578 ·
1505 3555 1588 3599 τοῦ
1624 3552 1706 3612 μὲν
1737 3547 1818 3600 οὖν
1844 3553 1984 3601 &oee-

441 3629 624 3679 νοῦντος
653 3623 906 3686 ἐγερθέντος
927 3623 952 3669 ὁ
971 3624 1102 3683 ὑγιὴς
1127 3623 1340 3678 τέθνηκεν
1376 3623 1756 3684 εγει..γερμε’νου.
1785 3621 1863 3670 sic
1894 3622 1989 3670 Co·

441 3696 565 3755 de13
593 3696 842 3745 Paulssen.
868 3693 1152 3758 conjiciebat
1173 3695 1269 3742 ἀντὶ
1295 3699 1378 3741 τοῦ
1397 3695 1728 3756 ἐγηγερμένου,
1749 3692 1837 3742 sed
1860 3693 1993 3741 recte

441 3764 606 3814 omisit
629 3763 804 3823 Boiss.,
828 3761 938 3812 hoec
961 3766 1198 3812 annotans
1224 3781 1237 3810 ι
1263 3781 1286 3804 «ι
1314 3765 1402 3811 Est
1425 3763 1474 3810 in
1501 3760 1759 3824 apographi
1779 3758 1993 3823 margine

442 3836 747 3898 ἐγηγερμένον
779 3833 1014 3895 scriptum
1045 3846 1074 3881 e
1099 3832 1292 3895 regione
1314 3832 1554 3895 participii
1580 3833 1838 3895 ὶγερθέντος
1854 3866 1868 3889 ,
1903 3844 1993 3894 pro

441 3905 702 3966 varietate,
735 3903 920 3966 opinor.
953 3923 975 3945 υ
996 3929 1059 3939 -
1086 3909 1132 3950 a.
1170 3923 1192 3944 «ι
1226 3905 1329 3962 Seio,
1362 3903 1470 3966 eius
1488 3901 1574 3966 qui
1613 3901 1740 3950 bona
1759 3901 1994 3951 utebatur

440 3973 744 4030 valetudine3
765 3985 812 4021 v.
847 3977 874 4022 4
907 3973 980 4032 σὲ,
1013 3985 1126 4021 eum
1150 3972 1237 4035 qui
1259 3971 1486 4021 infirmus
1515 3973 1690 4022 fuerat.
1726 3978 1854 4021 —o.
1879 3973 1992 4019 For-

337 4070 354 4080 -·
441 4047 560 4092 tuna
589 4047 754 4092 vestra
778 4043 1020 4105 inopinato
1039 4043 1228 4090 mutata
1248 4040 1368 4090 nihil
1390 4040 1513 4090 lucri
1539 4041 1664 4090 feci:
1691 4054 1787 4089 non
1821 4041 1988 4090 minus

439 4113 567 4161 enim
592 4117 845 4176 propterea
867 4116 1033 4160 certus
1058 4110 1182 4160 mihi
1203 4111 1400 4161 obvenit
1430 4111 1611 4161 luctus.
1637 4131 1660 4154 υ
1681 4115 1796 4162 lac.

497 4250 787 4298 Dcxxxlx.
816 4251 1009 4297 Lemma
1039 4267 1051 4295 ι
1079 4249 1143 4302 εἰς
1173 4245 1501 4309 Ἀρισταγόραν
1531 4247 1633 4294 τινὰ
1660 4246 1706 4293 ἐν
1735 4249 1803 4305 τῷ
1838 4247 1989 4307 Σκαρ-
2026 4255 2033 4266 “

437 4324 562 4378 φαιεῖ
587 4320 734 4379 λιμένι
762 4320 1107 4377 ναυαγήσαντα.
1145 4348 1168 4353 -
1219 4323 1236 4364 1
1271 4317 1494 4371 κυκλάδος
1521 4314 1666 4374 eod„
1697 4314 1892 4363 vitiose.
1928 4342 1991 4351 —

439 4395 486 4436 2.
517 4405 540 4429 ει
563 4388 733 4443 Ὀξεῖαι
759 4391 874 4436 sunt
893 4387 1069 4435 insulae-
1087 4386 1237 4435 maris
1255 4385 1407 4443 lonii,
1428 4398 1542 4448 quae
1561 4397 1736 4433 nomen
1759 4383 1989 4434 habuisse

439 4454 668 4503 videntur
697 4467 728 4504 a
753 4455 961 4518 rupibus
988 4476 1001 4504 :
1029 4455 1174 4509 ὀξεῖαι
1204 4454 1332 4504 enirn
1356 4454 1486 4504 idem
1524 4453 1656 4517 quod
1689 4455 1900 4516 χοιράδες
1939 4456 1990 4502 et

438 4527 595 4588 ἄκραι.
616 4524 902 4581 ΒΘὈξείαις
929 4525 1050 4574 dixit
1075 4524 1248 4574 Strabo
1273 4527 1329 4584 X,
1361 4537 1409 4587 p.
1435 4529 1528 4574 456
1545 4561 1559 4584 ‚
1579 4537 1690 4586 qum
1716 4536 1830 4572 cnm
1851 4523 1989 4573 Echi-

440 4593 648 4642 nadibus
681 4599 832 4643 πᾶσαι
852 4597 1020 4658 λυπραὶ
1043 4598 1122 4644 καὶ
1149 4601 1375 4658 τρηχεῖαι.
1401 4621 1463 4630 —-
1483 4599 1527 4644 3.
1563 4593 1763 4656 Τοῦνομ’
1791 4595 1954 4656 ἔχουσι
1972 4630 1987 4654 ,

437 4661 676 4712 deteriore
698 4675 844 4711 sensu
873 4663 1116 4712 :infames
1144 4667 1275 4712 sunt.
1311 4663 1390 4711 Sic
1425 4663 1562 4712 Plato
1593 4661 1787 4724 Apolog.
1827 4675 1872 4724 p.
1905 4665 1984 4719 38,

437 4735 476 4780 (¹.
513 4733 592 4780 ιῶ
631 4733 786 4795 ἄνδρες
825 4734 1082 4792 Ἀθηναῖοι,
1137 4735 1285 4792 ὄνομα
1321 4737 1439 4788 ἕξετε
1467 4735 1547 4782 καὶ
1581 4733 1734 4781 αἰτίαν
1773 4735 1866 4781 ὑπὸ
1893 4737 1987 4779 τῶν

442 4803 732 4862 βουλομένων
749 4804 832 4860 τὴν
851 4803 983 4853 πόλιν
1005 4805 1238 4866 λοιδορεῖν.
1260 4805 1484 4854 i’hilostr.
1506 4803 1626 4853 Viti.
1653 4802 1797 4866 soph.
1828 4805 1867 4863 1,
1895 4807 1950 4850 16
1974 4823 1984 4850 :

437 4872 653 4925 κάκιστος
676 4873 932 4932 ἀνθρώπων
963 4875 1120 4935 ἔμοιγε
1159 4875 1364 4934 φαίνεται
1384 4911 1398 4934 ,
1424 4875 1489 4922 ὢν
1532 4876 1606 4922 ἐπὶ
1641 4876 1786 4936 κακίᾳ
1812 4874 1979 4935 ὄνομα.

439 4941 609 5000 (Conf.
641 4955 719 5004 ep.
764 4947 874 4997 700,
905 4947 950 4998 3,
989 4947 1040 4992 et
1085 4947 1218 5002 not.)
1259 4971 1320 4979 ·-—
1357 4951 1404 4993 4.
1449 4947 1621 4992 Portus
1660 4947 1866 5006 Σκάρεης
1910 4944 1985 4993 vel

439 5013 719 5075 Σκαρφείας,
763 5015 1024 5061 Locrorum
1059 5013 1220 5075 oppidi
1259 5013 1814 5076 prope·⁰l'hermopylas.
1867 5037 1921 5051 —-—
1960 5020 1985 5061 5

1569 234 2073 295 ANTHOLOGIAE
2119 237 2518 297 PALATlNAE

2082 359 2237 421 ἂρῶτο
2259 358 2381 410 Cod.
2410 362 2542 410 Marc
2568 360 2747 422 ubique
2782 362 2857 409 sui
2889 362 3045 410 simile
3072 365 3147 412 est
3175 381 3186 409 :
3215 378 3309 411 non
3344 364 3501 427 igitur
3544 365 3669 413 Ιιετ-ι·

2080 435 2168 482 aut
2198 431 2279 479 illa
2306 430 2436 494 regio
2460 430 2609 480 maris
2632 432 2898 494 periculum
2920 433 3191 483 salutemve
3212 434 3353 483 affert
3369 472 3381 495 ,
3410 435 3516 485 sed
3552 439 3663 484 for-

2080 504 2213 550 tuna.
2244 500 2523 561 Propertius
2553 504 2637 561 lll,
2664 502 2725 549 el.
2750 509 2796 560 5,
2822 508 2882 551 50
2909 523 2918 550 ι

2190 635 2441 677 ventorum
2460 635 2527 675 est
2549 632 2864 687 quodcumque
2878 644 3034 688 param
3054 604 3169 677 baud
3186 634 3273 677 ulla
3295 638 3438 680 carina

2238 692 2511 742 consenum
2536 691 2650 736 fallit
2676 698 2834 749 portua
2850 694 3006 749 etipse
3032 696 3181 739 iidem.
3200 712 3219 735 ι
3240 696 3347 740 Jae.

2142 823 2323 871 DCXL.
2356 824 2555 871 Lemma
2590 836 2604 869 ε
2644 823 2709 876 εἰς
2736 822 2940 884 Πύρωνα
2972 824 3075 870 τινὰ
3104 824 3191 871 οὐκ
3236 825 3285 872 ἐν
3324 832 3380 885 τῇ
3414 828 3665 889 θαλάσσῃ

2081 893 2434 952 ναυαγήσαντα,
2462 892 2667 941 ἀλλ’ὑπὸ
2691 894 2874 953 λῃστῶν
2892 929 2905 952 ,
2924 894 3067 952 ἤγουν
3095 896 3281 951 (εἶτουν
3310 896 3501 959 Boiss.)
3538 916 3667 947 πει-

2082 968 2233 1023 ρατῶν
2252 999 2265 1019 ,
2286 963 2633 1023 πεφονευμένον.
2663 980 2685 1003 «
2716 962 2898 1011 Gallice
2926 962 3072 1012 vert-it
3097 964 3320 1014 Larcber.
3346 968 3405 1015 ad
3432 968 3663 1018 Char-it.

2080 1033 2119 1081 t.
2153 1034 2218 1092 H,
2248 1047 2293 1095 p.
2326 1037 2433 1082 271.
2470 1052 2493 1073 υ
2518 1034 2581 1081 Β.
2609 1059 2670 1068 -
2704 1036 2743 1081 l.
2782 1033 2980 1095 Ἐρίψων
2998 1034 3152 1093 δύσις,
3184 1035 3295 1085 vide
3328 1050 3403 1099 ep.
3430 1046 3559 1097 502,
3604 1048 3659 1094 «¹1.

2082 1104 2135 1151 et
2158 1105 2258 1152 not.
2286 1104 2475 1166 Μύρωνι
2500 1101 2711 1151 malebat
2739 1102 2964 1164 Heringa.
2996 1130 3053 1139 -
3080 1112 3106 1152 ’.ι
3134 1106 3309 1162 πουλῆς
3335 1110 3433 1165 γα)κ
3486 1109 3659 1158 Cod..

2082 1186 2205 1223 corr.
2236 1173 2511 1223 Dorvillius.
2530 1199 2593 1208 —
2615 1177 2644 1223 3
2662 1178 2752 1231 νῆα
2768 1174 2857 1234 γὰρ
2872 1174 3068 1229 ἁλιπλὸη
3088 1178 3404 1235 πεπεδημένην
3422 1179 3617 1227 Codex
3638 1197 3651 1232 ;

2082 1244 2255 1305 ἀπλοΐῃ
2272 1245 2593 1304 πεπεδημένον
2610 1244 2871 1293 Durvillius
2886 1283 2898 1303 ‚
2922 1245 3057 1307 quod
3079 1244 3347 1305 edebatur3
3376 1247 3457 1297 sed
3498 1254 3659 1297 recte

2081 1316 2332 1364 fleckerus
2351 1315 2520 1377 ἀπνοΐῃ
2556 1328 2570 1362 :
2603 1332 2627 1356 «
2652 1327 2763 1363 nam
2790 1314 2971 1364 diserta
2998 1314 3261 1377 requiritur
3284 1317 3459 1366 mentio
3486 1319 3657 1366 mala-

2082 1386 2172 1435 ciae
2208 1384 2357 1435 maris
2394 1387 2750 1445 ventorumque
2789 1384 3016 1447 torporis.
3054 1406 3075 1427 n
3107 1384 3376 1432 Brunckius
3413 1398 3471 1433 ex
3518 1398 3653 1447 apu-

2080 1455 2277 1519 graphis
2299 1476 2310 1503 :
2361 1518 2364 1521 ι

2203 1589 2335 1637 τόνδε
2360 1589 2449 1651 γάρ
2474 1586 2647 1647 ἀπλοΐῃ
2678 1588 2988 1649 πεπεδημένον
3015 1590 3183 1650 ἔφθασε
3206 1588 3353 1644 νηὸς..
3368 1624 3378 1634 .

2084 1752 2107 1776 «ι
2137 1730 2226 1781 sed
2245 1736 2354 1787 νηῦς
2373 1743 2471 1778 non
2497 1728 2625 1778 solet
2654 1727 2853 1777 dissolvi
2873 1728 2922 1776 in
2947 1728 3071 1784 νηός.
3101 1728 3415 1791 Jungendum
3436 1730 3647 1785 ναύταις

2081 1803 2313 1863 ἑσσυμὲνη
2333 1839 2345 1860 ,
2382 1802 2641 1849 nautarum
2678 1803 2873 1848 strenue
2898 1799 3233 1861 remigantium
3269 1812 3391 1862 ope·,
3420 1798 3509 1847 sed
3546 1814 3643 1862 pro

2081 1874 2265 1928 ναύταις
2304 1870 2467 1919 malim
2501 1870 2667 1933 ἔφθασε
2705 1870 2946 1924 κώπαις.
2996 1873 3067 1918 lta
3112 1868 3306 1919 facilius
3346 1869 3647 1932 intelligitur

2081 1940 2326 2005 quomodo
2352 1940 2533 1989 factum
2567 1939 2633 1988 sit
2662 1942 2720 1988 ut
2743 1938 3033 2003 praedatoria
3056 1938 3137 1988 illa
3165 1940 3303 1989 navis
3326 1940 3529 1988 alteram
3554 1954 3645 1988 an-

2080 2014 2363 2063 teverteret.
2410 2013 2559 2073 Pyro,
2596 2009 2682 2071 qui
2708 2009 2829 2058 velis
2866 2008 3113 2070 utebatur,
3144 2010 3305 2059 ventis
3344 2010 3639 2061 silentibus,

2082 2084 2307 2145 navigare
2326 2094 2423 2130 non
2449 2081 2641 2143 poterat
2654 2117 2667 2139 ,
2687 2077 2806 2128 dum
2839 2080 3008 2142 piratae
3026 2080 3171 2129 remis
3193 2078 3504 2143 impellebant
3528 2092 3641 2141 par-

2083 2166 2205 2202 vum
2229 2149 2474 2213 navigium
2498 2162 2661 2198 suum.
2688 2169 2711 2191 »ι
2742 2152 2857 2199 lac.
2884 2149 3083 2213 Egregia
3110 2150 3387 2199 emendatio
3405 2155 3457 2199 et
3484 2164 3634 2206 vera,

2083 2226 2140 2272 ut
2164 2222 2303 2272 nobis
2321 2222 2538 2280 videtur,
2563 2232 2711 2282 quam
2734 2219 2783 2267 in
2808 2219 2967 2270 latinis
2984 2224 3114 2269 certe
3141 2222 3368 2283 expressi.
3393 2250 3451 2261 -
3489 2225 3520 2269 4
3558 2224 3637 2269 ἑσ-

2082 2295 2255 2354 σαμένη
2295 2290 2415 2341 Cod.
2455 2321 2515 2333 --
2558 2298 2588 2340 6
2631 2294 2816 2340 ἔκτανεν
2853 2290 2996 2351 cod„
3044 2292 3251 2339 correxit
3297 2290 3491 2339 Jacobs.
3534 2290 3637 2347 Qui

2084 2366 2216 2411 recte
2238 2361 2467 2410 observat
2502 2359 2842 2422 καχορμισίην,
2869 2372 3024 2422 quum
3056 2361 3103 2409 in
3136 2364 3329 2423 portum
3378 2364 3504 2423 Pyro
3536 2374 3637 2407 non

2082 2434 2408 2497 pervenisset,
2428 2429 2492 2480 de
2523 2430 2702 2480 infelici
2735 2429 2817 2479 illa
2838 2431 2889 2479 in
2920 2432 3039 2480 mari
3068 2432 3274 2481 statione
3298 2430 3637 2493 accipiendum

2082 2516 2190 2553 esso
2215 2522 2227 2551 :
2261 2523 2283 2543 -
2306 2514 2419 2549 nam
2446 2501 2582 2563 ὅρμος
2622 2498 2869 2549 interdum
2900 2499 2963 2549 de
2990 2500 3163 2562 quavis
3188 2500 3394 2549 statione
3428 2514 3639 2562 usurpa·

2080 2576 2180 2632 tur,
2203 2576 2254 2622 et
2283 2584 2435 2621 naves
2462 2570 2693 2619 dicuntur
2731 2572 2889 2633 ὁρμεῖν
2917 2570 3065 2621 etiam
3092 2584 3247 2633 quum
3271 2574 3410 2621 extra
3432 2576 3634 2635 portum

2082 2645 2129 2692 in
2149 2644 2246 2693 aito
2265 2642 2520 2693 stationem
2537 2638 2733 2689 habent.
2758 2660 2783 2683 υ

2144 2782 2347 2829 Dcxu.
2371 2781 2567 2827 Lemma
2600 2796 2613 2824 ·.
2650 2778 2899 2839 Ἀντιφίλου
2919 2795 2931 2807 ·
2954 2781 3078 2836 ζήτει
3111 2782 3194 2837 τὴν
3217 2787 3300 2829 τοῦ
3332 2782 3530 2844 ἐπιγρίιμ
3541 2800 3631 2843 μα·

2080 2868 2158 2907 τος
2180 2852 2356 2900 ἔννοιαν
2375 2850 2444 2899 ὅτι
2468 2848 2742 2905 δύσληπτος.
2764 2850 2891 2898 Tum
2914 2848 3179 2899 recentiore
3206 2864 3353 2900 manu
3370 2850 3594 2901 additum
3622 2890 3631 2899 .

2083 2923 2146 2976 εἰς
2170 2921 2445 2983 ὠρολόγειον
2466 2919 2651 2981 ἁρμόζει
2670 2920 2726 2967 τὸ
2752 2920 3039 2983 ἐπίγραμμα.
3071 2921 3233 2969 Schol.
3258 2921 3431 2970 Wech.
3460 2942 3471 2968 :
3492 2924 3632 2983 λογος

2081 2993 2183 3054 περὶ
2210 2997 2292 3040 τοῦ
2311 2989 2583 3053 ὡρολογίου.
2607 2991 2663 3038 lu
2680 2988 2813 3037 Plan.
2845 2990 2922 3037 est
2940 2990 3126 3046 ἄδηλον.
3149 2990 3225 3038 Ob
3250 2990 3463 3052 primum
3488 3005 3631 3040 voca-

2082 3061 2253 3118 bulum
2282 3065 2467 3110 temere
2493 3058 2683 3108 illatum
2716 3061 2792 3108 est
2817 3063 2912 3114 τοῖς
2936 3059 3221 3121 ἐπιτυμὸίοις
3238 3097 3250 3118 ,
3286 3062 3361 3109 est
3386 3061 3516 3109 enim
3537 3065 3629 3108 ἐπι-

2080 3131 2336 3182 δεικτικὸν.
2373 3129 2511 3180 Conf.
2532 3132 2649 3178 -not.
2680 3127 2745 3178 ad
2774 3141 2851 3190 ep.
2881 3133 2991 3179 389.
3037 3149 3059 3171 «ι
3088 3130 3257 3191 Agitur
3286 3128 3349 3179 de
3381 3130 3627 3194 horologio

2081 3200 2296 3264 aquario.
2338 3198 2527 3249 Plinius
2570 3199 2630 3247 H.
2670 3199 2729 3246 N.
2773 3200 2885 3258 vll,
2926 3206 3014 3258 60,
3055 3204 3315 3261 postquam
3346 3199 3409 3249 de
3451 3203 3629 3250 solario

2081 3271 2207 3322 dixit
2238 3291 2251 3320 ι
2280 3273 2459 3321 Etiam
2490 3273 2605 3319 tum
2640 3271 2817 3317 tamen
2848 3270 3031 3318 nubite
3063 3273 3271 3318 incerta)
3303 3269 3456 3334 suere
3488 3269 3629 3320 liora·

2080 3357 2242 3407 usque
2267 3341 2340 3392 ad
2358 3343 2656 3405 proxi-mum
2687 3338 2929 3390 lustrum.
2954 3344 3095 3390 Tunc
3112 3343 3280 3402 Scipio
3305 3344 3512 3400 Nasica,
3532 3345 3627 3390 col-

2080 3415 2196 3476 leya
2219 3415 2461 3472 Laenatis,
2479 3413 2679 3475 primus
2698 3424 2840 3473 aqua
2858 3411 3035 3460 divisit
3056 3408 3216 3460 horas
3234 3424 3376 3474 :eque
3396 3415 3625 3462 noctium.

2083 3486 2132 3533 et
2158 3482 2382 3532 dierum.
2405 3483 2461 3531 ln
2489 3481 2707 3530 Athenaei
2735 3479 2982 3544 horologio
3005 3493 3089 3529 aer
3110 3494 3254 3543 aquae
3280 3480 3509 3530 violentia
3546 3497 3623 3530 an-

2080 3555 2226 3618 gusto
2254 3552 2410 3602 canali
2436 3565 2697 3615 expressus
2724 3563 2901 3600 sonum
2926 3551 3127 3610 edebat,
3162 3565 3261 3613 quo
3289 3553 3619 3616 significaban-

2080 3627 2165 3674 tur
2205 3622 2358 3672 horae.
2397 3649 2458 3658 --
2500 3629 2542 3672 1.
2590 3621 3001 3684 Δυωδεκάμοιρον,
3048 3621 3165 3684 quia
3234 3621 3331 3671 (liei
3374 3624 3623 3686 noctisque

2079 3698 2299 3756 tempora
2317 3693 2447 3756 apud
2465 3695 2655 3741 veteres
2674 3691 2725 3739 in
2745 3689 3001 3741 duodecim
3018 3695 3181 3754 partes
3194 3691 3451 3742 distributo
3470 3698 3617 3742 erant.

2079 3790 2141 3798 —
2171 3770 2197 3812 2
2221 3764 2461 3823 τρισσάκις
2488 3761 2607 3811 eod.
2639 3764 2690 3811 et
2724 3762 2879 3824 Plan.;
2911 3762 3217 3823 φθεγγόμενος
3254 3763 3373 3811 eod.
3396 3765 3489 3812 Sed
3530 3778 3619 3812 non

2080 3835 2283 3896 apparet
2314 3847 2403 3882 cur
2437 3833 2703 3897 τρισσάκις,
2746 3836 2839 3892 ter,
2881 3846 3054 3882 sonum
3080 3831 3287 3883 ediderit
3325 3833 3621 3897 horologium

2078 3905 2333 3963 nostrum,
2390 3915 2549 3964 neque
2607 3904 2775 3952 utrum
2821 3904 2903 3951 ter
2944 3915 3030 3965 per
3072 3907 3236 3952 totum
3280 3903 3436 3964 diem,
3488 3906 3619 3954 velut

2078 3985 2249 4032 mane,
2284 3972 2485 4022 meridie
2503 4009 2518 4030 ,
2551 3985 2781 4036 vespera,
2803 3987 2865 4022 an
2890 3977 2969 4024 ter
2987 3974 3163 4036 quavis
3194 3973 3331 4024 hora.
3366 3978 3525 4032 Quare
3550 3977 3616 4024 le·-

2078 4041 2289 4104 gendum
2310 4042 2504 4092 videtur
2534 4043 2775 4101 τοσσάκις,
2804 4043 2909 4092 scil.
2940 4046 3303 4100 δυοκαιδειιαιιις.
3326 4043 3345 4107 ij
3348 4046 3489 4102 Quod
3518 4045 3617 4094 sine

2050 4108 2055 4113 ’
2076 4125 2213 4161 mora
2232 4113 2499 4176 recepimus
2507 4111 2539 4176 .]
2556 4140 2619 4148 —
2637 4117 2666 4162 3
2680 4114 2796 4176 ἀνὴρ
2817 4113 2971 4172 Plan„
2993 4113 3134 4162 male.
3153 4139 3212 4150 -
3238 4121 3283 4164 5.
3304 4117 3376 4164 De
3394 4115 3617 4165 Athenaeo

2076 4181 2356 4232 mechanico
2383 4181 2633 4232 Fabricius
2659 4181 2775 4231 Bibl.
2803 4185 2885 4232 Gr.
2914 4185 2956 4232 t.
2986 4185 3070 4243 lv,
3096 4195 3145 4244 p.
3178 4189 3267 4232 223
3296 4183 3371 4234 ed.
3396 4185 3546 4236 Harl..
3571 4191 3613 4232 ct

2076 4253 2303 4315 quaedam
2331 4252 2555 4302 Reiskius
2575 4253 2627 4301 in
2652 4254 2763 4302 Not.
2797 4255 2929 4302 poet.
2959 4267 2991 4316 p
3043 4259 3146 4304 192.
3174 4253 3423 4317 [Ἆιννμαῖος
3446 4254 3609 4303 edeba-

2076 4327 2175 4371 tur.
2207 4321 2409 4372 Bothius
2432 4322 2690 4384 Ἀθήναιος,
2713 4343 2736 4365 α
2766 4327 2969 4372 accentu
2998 4327 3190 4374 mutato
3214 4323 3264 4372 in
3298 4325 3486 4373 nominc
3511 4339 3611 4388 pro-

2076 4392 2196 4455 prio.
2228 4413 2249 4435 ι»
2268 4393 2287 4456 ]
2308 4421 2368 4434 -—
2384 4400 2430 4444 e.
2454 4395 2519 4442 Ut
2541 4393 2638 4452 sol,
2658 4393 2745 4456 qui
2769 4397 2845 4443 est
2867 4394 3099 4456 temporis
3122 4394 3293 4454 index,
3318 4400 3542 4458 apparent
3568 4399 3612 4443 et

2074 4465 2271 4525 tempus
2294 4461 2533 4511 indicetur
2556 4464 2631 4512 vel
2655 4462 2867 4512 nubibus
2890 4476 3002 4513 eum
3039 4464 3329 4522 celantibus.
3354 4486 3377 4506 υ
3410 4467 3521 4514 Jac.

2138 4592 2364 4642 Dcxul.
2392 4594 2589 4642 Lemma
2612 4611 2624 4640 ι
2647 4595 2709 4646 εἰς
2740 4595 2963 4651 Μενοίτην
2989 4593 3068 4642 τὸν
3088 4597 3261 4655 Σάμιον
3280 4597 3496 4654 ναυηγὸν.
3521 4597 3610 4643 υἱὸν

2077 4663 2328 4726 Διοφάνους
2366 4663 2495 4722 (sic).
2518 4689 2581 4698 -
2619 4669 2635 4710 l
2673 4663 2839 4716 δειλοιο
2874 4661 3017 4723 cod„
3055 4665 3358 4726 superposito
3401 4681 3456 4722 η,
3490 4665 3608 4712 unde

2078 4736 2247 4790 Δήλοιο
2284 4733 2501 4782 Reiskius
2539 4735 2589 4781 et
2619 4737 2890 4794 sequentes.
2918 4734 3097 4782 Mirum
3126 4733 3301 4792 Ἐὅρου
3341 4747 3437 4782 uon
3469 4735 3609 4798 tetigit

2076 4805 2278 4853 Meinek.
2306 4818 2353 4867 p.
2382 4811 2485 4854 109.
2510 4825 2531 4844 n
2566 4804 2739 4866 Ἕὸρου
2765 4805 2950 4854 mutavi
2982 4805 3205 4855 facillime
3235 4806 3283 4854 in
3311 4807 3473 4868 Εὗρον.
3495 4807 3607 4863 Quini

2078 4876 2238 4924 valeat
2262 4877 2439 4938 Ἔΰρου
2480 4875 2559 4923 hic
2586 4875 2783 4938 quidem
2818 4889 2915 4924 non
2945 4878 3100 4939 capio,
3146 4899 3167 4919 u
3212 4879 3369 4926 Boi-rs.
3406 4877 3607 4926 Reiskiu-

2078 4947 2187 5006 Σύρ
2203 4963 2269 4993 ου
2290 4949 2366 4993 καὶ
2399 4947 2568 5001 Δήλοιο
2596 4952 2735 5005 μέσος
2751 4983 2765 5002 ,
2789 4945 2919 5007 quod
2938 4961 3055 4995 vero
3090 4947 3287 4995 minime
3311 4949 3386 4994 est
3410 4945 3606 4995 absimile

2056 5019 2129 5062 -et
2172 5013 2497 5077 recipiendum
2545 5013 2697 5064 duco.
2742 5019 2977 5065 Menrrtes
3008 5015 3059 5064 in
3093 5021 3292 5066 Samum
3324 5015 3602 5078 properabat.
