3829 5747
505 203 620 258 3:38
1628 198 2134 260 ANI‘HOLOGIAE
2177 197 2579 259 PALATINAE

582 329 849 410 ὃμὸρήσας
877 326 1115 410 δακρύοις
1136 329 1373 409 λάρνακα
1406 330 1741 409 μαρμαρέην.

502 416 646 478 Ἀλλ’
678 417 820 476 οὐδὲν
846 417 1003 476 πλέον
1024 415 1166 495 ἔσχε·
1190 417 1241 476 τί
1263 418 1363 498 γὰρ
1391 419 1545 478 πλέον
1577 418 1719 496 ἀνέρι
1746 417 1929 487 κήδευς

582 503 755 584 μούνῳ
782 504 911 584 ὑπὲρ
929 503 1108 584 γαίης,
1137 505 1411 584 οἰχομένης
1439 507 1666 585 ἀλόχου;

972 653 1108 705 341.
1136 643 1593 721 [1]ΡΟΚΛΟΥ.]

501 783 735 862 Πρόκλος
766 783 869 862 ἐγὼ
896 785 1084 852 Λύκιος
1106 787 1330 862 γενόμην
1352 784 1523 860 γένος,
1558 785 1613 844 ὃν
1644 784 1895 864 Συριανὸς

580 874 747 934 ἐνθάδ’
784 873 1002 944 ἅμοιὸὸν
1033 876 1121 944 ἑῆς
1154 873 1308 953 θρέψε
1338 873 1694 944 διδασκαλίης.

502 964 669 1028 Ξυνὸς
705 963 749 1020 δ’
780 960 1083 1040 ἀμφοτέρων
1110 959 1195 1018 ὅδε
1223 959 1444 1036 σώματα
1471 960 1651 1027 δέξατο
1672 959 1867 1036 τύμὸος
1886 1004 1899 1030 ,

582 1050 690 1108 αἴθε
728 1051 779 1108 δὲ
810 1052 898 1107 καὶ
918 1048 1090 1128 ψυχὰς
1119 1053 1289 1128 χῶρος
1320 1047 1418 1114 ἕεις
1439 1047 1676 1128 λελάχοι.

1067 1195 1190 1245 342.
1220 1195 1494 1243 ΔΔΗΔΟΝ.

503 1324 796 1395 Κάτθανον,
814 1320 948 1381 ἀλλὰ
970 1320 1109 1399 μένω
1126 1344 1199 1380 σε·
1232 1324 1401 1396 μενεῖς
1420 1319 1476 1380 δέ
1492 1343 1551 1378 τε
1567 1320 1657 1378 καὶ
1682 1317 1745 1378 σύ
1768 1319 1865 1378 τιν’
1884 1319 2058 1379 ἄλλον·

580 1412 777 1476 πάντας
808 1413 949 1487 ὁμῶς
974 1408 1185 1481 θνητοὺς
1212 1401 1283 1475 εἷς
1310 1407 1484 1478 Ἀΐδης
1508 1407 1735 1487 δέχεται.

1066 1554 1190 1606 343.
1232 1557 1508 1604 ΑΔΗΔΟΝ.

507 1682 763 1761 [Ιατέριον
790 1679 1095 1757 λιγύμυθον,
1122 1679 1417 1758 ἐπήρατον,
1446 1680 1641 1760 ἔλλαχε
1666 1680 1897 1757 τύμὸος,

501 1771 793 1830 Μιλτιάδου
815 1769 959 1847 φίλον
984 1759 1072 1827 υἷα
1100 1769 1188 1827 καὶ
1214 1768 1471 1840 Ἀττικῖης
1496 1768 1823 1848 βαρυτλήτου
1843 1816 1858 1846 ,

504 1857 797 1937 Κεκροπίης
827 1856 1134 1933 βλάστημα,
1160 1856 1345 1914 κλυτὸν
1371 1856 1514 1932 γένος
1533 1855 1861 1929 Αἰακιδάων,

498 1946 722 2020 ἔμπλεον
754 1944 1023 2006 Αὐσονίων
1053 1947 1255 2021 θεσμῶν
1287 1942 1469 2024 σοφίης
1490 1946 1539 2000 τ’
1572 1944 1876 2017 ἀναπάσης,

422 2055 447 2093 5
497 2039 599 2092 τῶν
628 2032 860 2109 πισύρων
890 2033 1086 2110 ἀρετῶν
1111 2029 1470 2111 ἀμαρύγματα
1498 2029 1670 2090 πάντα
1699 2029 1955 2112 φέροντα·

497 2117 667 2190 ἠΐθεον
694 2119 940 2198 χαρίεντα
962 2165 978 2193 ,
1006 2118 1093 2176 τὸν
1112 2117 1319 2196 ἥρπασε
1351 2119 1601 2198 μόρσιμος
1624 2109 1779 2194 αἶσα,

498 2201 583 2267 οἶά
602 2232 657 2266 τε
684 2207 1046 2286 ἀγλαόμορφον
1071 2207 1175 2264 ἀπὸ
1196 2206 1376 2285 χθονὸς
1400 2205 1541 2286 ἔρνος
1568 2205 1731 2277 α’ήτης
1749 2251 1765 2282 ,

496 2293 1000 2378 ,εἶκοσικαιτέτρατον
1038 2293 1209 2372 βιότου
1246 2295 1551 2354 λυκάὸαντα
1582 2298 1842 2371 περῶντα·

498 2385 642 2462 λεῑψε
672 2383 835 2463 φίλοις
856 2381 910 2439 δὲ
932 2387 1138 2440 τοκεῦσι
1163 2379 1283 2458 γόον
1306 2381 1395 2439 καὶ
1424 2382 1604 2448 πένθος
1627 2381 1875 2440 ἄλαστον.

974 2533 1107 2584 344.
1154 2523 1595 2585 ΣΙΜΩΝῙΔΟΥ.

496 2663 689 2740 Θηρῶν
716 2660 809 2738 μὲν
838 2659 1109 2738 κάρτιστος
1132 2659 1235 2738 ἐγὼ
1253 2709 1268 2734 ,
1298 2665 1497 2720 θνατῶν
1524 2663 1565 2722 δ’
1588 2663 1643 2722 ὃν
1668 2662 1771 2742 ἐγὼ
1798 2669 1885 2721 νῦν

574 2751 779 2829 φρουρῶ
794 2793 810 2820 ,
830 2750 962 2830 τῷδε
990 2748 1139 2829 τάφῳ
1160 2747 1323 2829 λαΐνῳ
1342 2749 1636 2827 ἕμὸεὸαώς.

498 2836 633 2897 Ἀλλ’
667 2839 711 2896 εἶ
735 2837 809 2912 μὴ
828 2836 988 2914 θυμόν
1020 2861 1079 2913 γε
1114 2836 1262 2897 Λέων
1281 2837 1407 2916 ἐμὸν
1430 2837 1627 2911 οὔνομά
1648 2843 1697 2899 τ’
1726 2830 1868 2920 εἶχεν
1884 2885 1900 2913 ,

576 2928 669 2984 οὐκ
691 2924 753 2984 ἂν
780 2922 883 3004 ἐγὼ
913 2924 1099 3005 τύμὸῳ
1118 2928 1251 3003 τῷδ’
1278 2926 1508 2997 ἐπέθηκα
1533 2926 1719 2994 πόδας.

916 3074 1052 3125 345.
1106 3063 1657 3147 [ΑιΣΧΡιοΝοΣ.]

580 3202 726 3281 Ἐγὼ
755 3203 999 3271 Φιλαινὶς
1020 3207 1055 3274 ἡ
1075 3203 1321 3271 ’πίδακι-ος
1349 3206 1636 3285 ἀνθρώποις

580 3295 796 3354 ἐνταῦθα
823 3292 961 3373 γήρᾳ
978 3296 1052 3373 τῷ
1075 3296 1264 3373 μακρῷ
1294 3294 1631 3372 κεκοίμημαι.

578 3379 671 3450 Μή
699 3381 777 3455 μ’,
795 3368 841 3438 ὦ
871 3380 1061 3457 μάταιε
1080 3386 1274 3453 ναῦτα,
1301 3380 1396 3453 τὴν
1430 3380 1597 3459 ἄκραν
1628 3381 1922 3456 κάμπτων,

576 3468 770 3546 χλεύην
794 3490 851 3526 τε
880 3474 1029 3527 ποιεῦ
1052 3467 1142 3527 καὶ
1169 3468 1373 3545 γέλωτα
1399 3468 1489 3526 καὶ
1515 3466 1731 3541 λάσθην.

416 3585 441 3623 5
577 3559 660 3616 Οὔ
683 3556 805 3633 γὰρ,
834 3556 909 3632 μὰ
940 3554 1027 3613 τὸν
1056 3554 1184 3626 Ζῆν’
1213 3554 1329 3614 οὐδὲ
1356 3556 1472 3622 τοὺς
1500 3556 1643 3615 κάτω
1672 3557 1927 3635 Κούρους,

579 3645 671 3701 οὐκ
693 3635 757 3715 ἦν
784 3645 833 3709 ἐς
858 3643 1047 3721 ἄνδρας
1079 3643 1280 3723 μάχλος
1302 3644 1417 3702 οὐδὲ
1461 3645 1724 3719 δημώδης·

582 3730 924 3809 Πολυκράτης
953 3730 1007 3788 δὲ
1034 3730 1129 3801 τὴν
1152 3731 1309 3810 γονὴν
1340 3729 1629 3803 Ἀθηναῖος,

580 3817 747 3897 ’λόγων
770 3842 821 3877 τι
843 3818 1167 3896 παιπάλημα
1196 3820 1285 3877 καὶ
1306 3818 1445 3891 κακὴ
1466 3820 1708 3897 γλῶσσα,

582 3907 803 3987 ἔγραψεν
826 3896 890 3965 οἷ’
914 3906 1117 3985 ἔγραψ’,
1140 3905 1245 3984 ἐγὼ
1262 3906 1363 3985 γὰρ
1395 3908 1487 3965 οὐκ
1516 3897 1655 3968 οἶδα.

2215 335 2506 386 humectans
2533 333 2746 384 lacrimis
2773 346 2936 382 arcam
2968 345 3301 383 marmoream.

2151 424 2299 474 Aliud
2323 425 2444 474 nihil
2458 423 2504 474 ei
2521 422 2666 474 rediit
2689 443 2700 471 :
2720 421 2844 485 quid
2865 421 2994 472 enim
3012 420 3182 470 redeat
3199 421 3566 484 praeter-luctum
3577 425 3656 473 vim

2213 513 2462 575 solisuper
2478 515 2632 572 terra,
2664 509 3072 573 postquam-obiit
3098 513 3254 558 uxor?

2733 651 2841 696 341.
2887 648 3129 696 PROCLl.

2153 786 2354 835 Proclus
2381 799 2470 848 ego
2492 785 2674 848 Lycius
2695 789 2969 836 natus-sum
2998 799 3170 850 genus,
3200 800 3342 848 quem
3359 789 3565 848 syrianus

2212 874 2292 923 hic
2309 877 2642 924 successorem
2669 888 2775 924 suae
2803 873 2924 924 aluit
2948 873 3200 924 doctrinm.

2154 961 2440 1011 Communis
2447 964 2612 1011 autem
2627 963 2950 1024 utrorumque
2959 960 3041 1010 hic
3048 974 3252 1024 corpora
3263 961 3652 1024 excepittumulus:

2215 1049 2399 1099 utinam
2419 1062 2535 1097 vero
2562 1053 2612 1099 et
2635 1049 2822 1099 animos
2843 1049 2984 1099 locus
3009 1063 3140 1099 unus
3173 1047 3478 1100 sit-sortitus!

2719 1182 2827 1240 342.
2875 1201 3147 1244 menn.

2152 1322 2280 1382 Obii,
2305 1323 2393 1372 sed
2410 1335 2582 1372 araneo
2605 1333 2660 1372 te
2673 1359 2686 1384 ,
2705 1320 3023 1383 manebisque
3041 1321 3190 1370 etiam
3220 1323 3280 1370 tu
3299 1321 3495 1384 aliquem
3511 1327 3650 1372 alium:

2214 1415 2416 1462 cunctos
2433 1423 2576 1474 aeque
2601 1409 2831 1460 mortales
2849 1422 2979 1459 unus
3007 1412 3166 1460 Orcus
3193 1409 3383 1470 accipit.

2723 1555 2828 1604 343.
2875 1559 3152 1600 menni.

2152 1689 2414 1752 paterium,
2441 1688 2898 1750 dulce-loquentem,
2925 1687 3199 1747 amabilem,
3225 1686 3504 1736 sortitus-est
3531 1689 3635 1734 [nunu

2150 1778 2381 1827 Miltiadis
2399 1789 2566 1826 carum
2595 1775 2752 1826 filium
2770 1778 2820 1825 et
2848 1775 3039 1824 Atticiee
3066 1773 3524 1837 graviter-patientis
3564 1773 3645 1833 ilus.

2151 1867 2395 1930 Cecropia>
2422 1865 2567 1914 urbis
2591 1877 2816 1928 germen,
2849 1863 3038 1912 clarum
3062 1875 3218 1925 genus
3235 1861 3543 1922 :Eat-idatum,

2164 1955 2391 2004 mbutum
2418 1953 2646 2002 Ausoniis
2660 1951 2847 2015 legibus
2872 1950 3188 2012 doctrinaque
3207 1949 3402 1998 omnino
3419 1948 3545 2009 omni,

2149 2047 2497 2106 quaternarum
2525 2043 2768 2092 virtutum
2790 2041 2978 2090 lumina
2999 2038 3164 2089 omnia
3191 2037 3438 2098 serentem,

2145 2130 2374 2192 iuvenem
2400 2130 2792 2195 gratiis-plenum
2809 2167 2820 2190 ,
2840 2141 2989 2191 quem
3008 2127 3174 2189 rapuit
3203 2127 3367 2175 fatalis
3385 2137 3500 2183 sors,

2149 2219 2277 2268 sicut
2295 2218 2508 2268 nitidum
2533 2232 2561 2268 e
2587 2221 2722 2267 terra
2747 2216 3006 2268 surculum
3035 2214 3202 2274 turbo,

2149 2305 2750 2370 quartum-et-vigesimum
2769 2304 2864 2354 oevi
2889 2317 3073 2353 annum
3093 2305 3318 2366 agentem
3345 2323 3356 2350 :
3488 2299 3500 2362 ι’
3511 2301 3631 2362 retem

2151 2392 2346 2455 reliquit
2372 2395 2537 2443 autem
2565 2391 2692 2442 caris
2717 2389 3004 2454 parentibus
3037 2389 3279 2452 gemitum
3322 2391 3371 2437 et
3393 2387 3552 2436 luc-tum
3571 2397 3640 2446 per⁵

2691 2534 2800 2582 344.
2828 2533 3171 2582 SIMONlms.

2149 2677 2380 2724 Ferarum
2409 2672 2610 2736 quidem
2643 2685 2762 2722 sum
2797 2670 3129 2721 validissimus
3146 2709 3160 2730 ,
3207 2667 3470 2718 mortalia-n
3499 2678 3590 2714 vero
3613 2667 3642 2710 is

2212 2761 2450 2823 custodio,
2465 2760 2638 2810 huicce
2655 2759 2850 2810 tumulo
2867 2758 3058 2822 lapideo
3071 2758 3284 2808 innixus.
3297 2758 3450 2821 [quem
3465 2768 3538 2816 ego
3549 2765 3642 2800 nnn·-

2149 2851 2245 2901 Sed
2267 2851 2309 2901 si
2334 2864 2430 2900 non
2453 2849 2680 2913 spiritum
2709 2861 2874 2898 meum
2902 2860 3176 2910 nomenque
3205 2849 3306 2897 Leo
3331 2842 3568 2903 habuisset,

2211 2953 2309 2989 uon
2333 2952 2425 3002 ego
2449 2938 2644 2987 tumulo
2667 2935 2785 2985 huic
2805 2934 3147 2999 imposuissem
3173 2934 3342 2997 pedes.

2549 3081 2661 3126 345.
2691 3076 3079 3126 AEscnmole
3122 3076 3314 3124 samu.

2151 3218 2252 3280 Ego
2269 3217 2498 3266 Philaenis
2513 3255 2526 3279 ,
2555 3216 2639 3267 illa
2660 3216 2848 3267 famosa
2870 3215 3271 3277 inter-homines,

2152 3304 2233 3355 mc
2259 3305 2393 3355 senio
2418 3306 2560 3369 longo
2587 3306 2894 3369 sopita-sum.

2151 3393 2224 3441 Ne
2249 3405 2328 3441 me
2341 3428 2357 3451 ,
2385 3405 2416 3440 o
2442 3392 2754 3442 levis-mente
2769 3394 2920 3442 nauta
2935 3431 2949 3453 ,
2969 3390 3356 3456 promontorium
3375 3388 3560 3437 flectens.

2152 3477 2296 3529 ludos
2318 3479 2470 3529 facias
2499 3483 2550 3530 et
2566 3481 2723 3529 risum
2741 3483 2792 3529 et
2813 3479 3174 3529 contumeliam.

2158 3571 2264 3617 Non
2293 3568 2421 3618 enim
2435 3608 2448 3631 ,
2477 3582 2565 3633 per
2582 3572 2755 3618 Jovem
2771 3572 2821 3619 et
2840 3569 3061 3619 infernos
3081 3568 3344 3618 Dioscuros
3357 3605 3370 3626 ,

2151 3669 2249 3704 non
2273 3670 2407 3705 eram
2423 3657 2488 3706 ad
2515 3656 2646 3705 viros
2673 3658 2808 3707 salax
2827 3670 2986 3719 neque
3009 3656 3275 3719 vulgivaga
3305 3676 3319 3703 ι

2153 3743 2240 3794 sed
2263 3746 2536 3807 Polycrates
2555 3758 2728 3807 genere
2754 3744 3058 3794 Atheniensis
3072 3782 3084 3803 ,

2152 3832 2416 3882 verborum
2434 3832 2662 3896 quaedam
2689 3832 3084 3883 versatilis-mola
3113 3834 3164 3881 et
3182 3832 3308 3881 mala
3325 3830 3474 3892 lingua
3491 3864 3502 3885 ,

2154 3918 2348 3982 scripsit
2372 3920 2536 3982 qualia
2555 3920 2746 3984 scripsit
2769 3941 2782 3969 z
2811 3932 2900 3983 ego
2915 3920 3044 3969 enim
3065 3933 3162 3967 non
3189 3918 3320 3967 novi.

568 4073 707 4135 Quod
734 4072 975 4121 madidum
999 4072 1220 4138 lacrymis
1244 4072 1419 4123 iecerat
1439 4072 1541 4139 ipse
1569 4074 1681 4125 suis.

504 4156 591 4205 Sed
612 4155 732 4205 nihil
751 4155 845 4206 hoc
856 4156 999 4221 juvit.
1028 4158 1242 4206 Viduam
1268 4174 1377 4206 nam
1397 4158 1596 4222 conjuge
1636 4158 1731 4209 fida

574 4244 631 4288 Et
647 4241 797 4290 solum
826 4240 877 4289 in
899 4240 1041 4291 terris
1066 4240 1181 4306 quid
1209 4240 1300 4289 nisi
1324 4240 1443 4289 flere
1461 4242 1595 4306 juvet
1615 4246 1636 4291 Ρ

1109 4340 1225 4394 342.
1260 4354 1479 4389 meaux.

508 4438 745 4500 opperior
767 4446 815 4487 te
843 4455 970 4487 nunc
990 4453 1077 4502 ego
1096 4439 1177 4503 qui
1200 4454 1307 4488 sum
1334 4448 1583 4501 mortuus;
1609 4448 1659 4488 at
1682 4447 1737 4488 tu

560 4520 687 4575 Nox
708 4517 855 4569 alium
876 4540 885 4581 3
910 4530 1105 4570 cunctos
1132 4536 1228 4570 una
1256 4536 1429 4586 vorago
1456 4520 1602 4586 rapit.

1068 4624 1180 4677 344.
1215 4638 1468 4672 sinotum
1479 4658 1494 4682 ,

1126 4704 1185 4753 de
1218 4705 1445 4755 Leonida.

510 4802 756 4863 Quantum
789 4798 929 4848 vineo
952 4798 1075 4849 seras
1096 4816 1181 4864 ego
1210 4800 1414 4863 robore,
1437 4800 1613 4850 vicerat
1636 4802 1718 4849 ille

578 4885 785 4930 Tantum
814 4880 1057 4943 homines,
1078 4882 1209 4949 cujus
1231 4884 1320 4932 sub
1348 4884 1469 4949 pede
1497 4883 1633 4933 busta
1653 4900 1836 4949 prem0.

513 4969 651 5015 Hunc
668 4966 901 5015 tumulum
927 4966 1103 5015 nollem
1128 4966 1245 5031 pede
1270 4977 1490 5023 tanvere,
1516 4968 1710 5017 nomine
1732 4968 1769 5017 si
1794 4984 1869 5017 me

2222 4081 2466 4141 AEquasset
2487 4094 2582 4126 non
2616 4087 2666 4126 et
2689 4078 2870 4126 viribus
2895 4078 2984 4126 iste
3010 4082 3126 4125 Leo.

2746 4196 2856 4251 345.
2899 4211 3121 4243 menn.

2221 4309 2444 4361 Philaenis
2454 4311 2570 4373 -illa,
2589 4312 2779 4361 celebre
2805 4313 3024 4378 gentibus
3044 4328 3238 4371 nomen,

2221 4398 2333 4443 Post
2348 4394 2538 4458 grandis
2556 4409 2706 4444 annos
2731 4394 2810 4443 hic
2828 4395 2954 4444 cubo
2971 4393 3252 4443 senectutis.

2221 4476 2313 4535 Ne,
2331 4475 2543 4539 quisquis
2563 4475 2681 4525 illud
2704 4476 2876 4525 circuis
2891 4477 3052 4541 jugum
3073 4486 3216 4524 nauta
3230 4509 3244 4533 ,

2223 4558 2387 4607 Risum
2405 4559 2666 4623 jocumque
2682 4576 2759 4608 me
2780 4559 2852 4609 iac
2880 4569 2930 4608 et
2952 4560 3089 4609 dicax
3113 4560 3313 4607 dit-tum.

2227 4644 2339 4691 Non
2357 4657 2445 4706 per
2460 4645 2728 4692 Tonantem
2744 4678 2757 4700 ‚
2794 4646 3010 4693 Castores
3029 4660 3115 4709 per
3135 4644 3342 4691 alternos
3356 4675 3370 4699 ,

2227 4722 2313 4771 Fui
2339 4724 2490 4773 virosa
2509 4760 2524 4785 ,
2556 4725 2712 4790 piebis
2735 4736 2962 4791 appetens
2989 4734 3180 4773 noctes:

2225 4804 2508 4855 Atheniensi
2531 4808 2611 4855 sed
2640 4808 2907 4873 Polycrates
2936 4818 3043 4856 ortu
3065 4844 3080 4869 ,

2225 4887 2532 4951 Argutiarum
2555 4889 2824 4954 cymbalum
2843 4926 2858 4951 ,
2893 4905 3068 4954 procax
3097 4888 3247 4951 lingua
3269 4923 3282 4945 ‚

2226 4973 2347 5033 Quae
2373 4970 2560 5036 scripsit
2585 4970 2667 5020 ille
2687 5008 2701 5032 ,
2726 4972 2967 5021 nesciente
2990 4988 3068 5020 me
3091 4969 3292 5035 scripsit.
