3829 5747
1316 178 1388 238 IN
1432 179 1680 240 CAPUT
1717 181 1793 240 vl
1831 180 2287 244 ANNO'I'ATIO.

225 317 418 372 granum
441 305 637 356 Archias
655 305 782 356 birra
799 319 874 370 ep.
899 311 1002 358 195.
1023 333 1088 344 -
1110 311 1151 358 1.
1186 309 1473 368 Παλληναῖος
1504 310 1637 375 apud
1663 313 1750 362 Ar·

225 379 381 437 chiam,
399 392 456 428 ex
476 378 666 427 Pallene
691 378 742 426 in
759 376 992 427 Thracica
1009 377 1336 440 Chersones03
1356 381 1568 433 Pellene
1585 384 1751 432 autem

225 453 288 498 est
325 448 506 496 Achai-e
532 447 652 497 urbs
683 468 696 496 ε
736 451 944 510 uterque
983 448 1203 510 Trojanae
1240 451 1470 502 Minervas
1496 452 1750 504 donarium

223 521 372 580 offert,
410 522 465 568 ut
493 517 722 568 hocloco
755 518 978 568 videatur
1001 531 1111 568 esse
1145 525 1388 582 erratum;
1430 535 1583 586 quare
1614 524 1752 574 Valc-

223 591 317 640 ken.
359 589 436 638 hlc
477 587 746 652 corrigebat
781 590 925 638 Παλλ.
961 591 1034 638 De
1063 589 1249 640 ultimis
1289 591 1403 641 vide
1431 592 1496 642 ad
1521 607 1571 642 v.
1603 597 1650 644 3.
1689 619 1750 631 -

223 668 248 710 2
271 660 474 714 emine.
500 657 646 718 Cod.‚
667 675 723 714 ας
748 659 1053 723 superposito
1073 671 1102 708 a
1131 664 1417 712 correctore.
1444 691 1505 703 —-
1523 669 1570 714 3.
1599 682 1622 706 «
1645 667 1745 714 Με-

222 731 378 794 λὲδημα
414 729 591 779 dicitur
629 729 764 793 quod
802 729 914 794 quis
948 735 1090 781 curat
1127 734 1178 782 et
1205 738 1417 795 exercet,
1455 747 1588 786 cura.
1621 738 1750 785 Puer

221 803 414 861 Χαρίτων
437 801 672 862 μελέδαμα
695 813 771 863 ap.
803 801 1006 864 Ibycum
1041 801 1214 852 Athen.
1239 817 1286 866 p.
1318 808 1425 864 564,
1448 806 1498 854 F.
1527 805 1748 869 Virgines

220 870 422 919 hortatur
440 869 770 921 Naumachius
807 885 857 920 v.
884 875 912 922 2
950 874 1218 932 καθαροῖσιν
1237 867 1309 922 ἀεὶ
1334 875 1614 937 μελεδήμασι
1649 875 1748 939 χαί-

219 956 311 1001 ρειν.
333 959 356 981 υ
375 942 481 988 lac.
505 941 578 988 De
611 942 848 1004 Τυρσηνὸν
871 939 980 990 haec
1001 941 1154 992 Boiss.
1181 961 1194 990 ι
1225 962 1248 985 «ι
1283 945 1642 1005 Tyrrhenorum
1669 943 1748 994 vel

221 1007 432 1070 Tyrrheni
466 1007 636 1058 herois
659 1009 910 1060 inventum
944 1011 1096 1062 fuisse
1117 1011 1286 1062 tubam
1319 1011 1499 1076 saepius
1531 1027 1562 1062 a
1591 1015 1748 1077 poetis

219 1079 400 1128 dictum.
427 1079 596 1129 Monoi
621 1080 686 1130 de
709 1095 768 1130 ea
791 1095 846 1130 re
875 1081 1086 1132 breviter
1102 1083 1166 1132 ad
1192 1085 1382 1147 Ajacem
1416 1089 1499 1140 183
1527 1079 1746 1146 pluribus

219 1148 442 1198 Michaelis
474 1153 643 1200 Exere.
683 1150 747 1200 de
772 1150 986 1201 Gideone
1030 1152 1060 1216 §
1091 1151 1147 1211 73
1199 1154 1408 1215 Stanley.
1444 1153 1509 1203 ad
1542 1157 1741 1203 Eumen.

219 1224 326 1280 570,
355 1223 444 1270 etc.
483 1221 628 1271 conf.
661 1235 741 1286 ep.
775 1227 883 1273 350.
917 1223 1136 1287 Intelligo
1171 1224 1297 1273 enim
1345 1237 1462 1274 cum
1506 1224 1623 1274 viris
1657 1225 1742 1275 dd.

218 1289 432 1338 Ἐνυαλίου
455 1292 598 1353 βαρὺν
620 1291 758 1340 αὐλὸν
790 1291 1030 1354 detube15
1055 1292 1208 1356 possit
1231 1296 1394 1343 tamen
1419 1305 1527 1344 esse
1555 1295 1746 1358 proprie

217 1363 370 1419 ymnis
411 1360 538 1410 tibia
573 1361 654 1411 vel
682 1362 920 1426 Phrygia3
949 1362 1060 1423 cui,
1097 1367 1226 1414 teste
1267 1364 1499 1414 Athenaeo
1530 1367 1616 1426 lv,
1656 1371 1742 1425 64,

219 1444 350 1479 cornu
374 1431 663 1495 adaptabant
691 1445 705 1474 =
735 1434 789 1481 τὸ
813 1434 950 1496 κέρας
969 1434 1096 1494 αὐτῷ
1120 1435 1470 1495 προσάπτουσιν
1488 1436 1742 1498 ἀναλογοῦν

215 1507 274 1564 τῷ
301 1507 386 1549 τῶν
414 1503 684 1562 σαλπίγγων
719 1504 920 1553 κώδωνι.
950 1505 1100 1553 Erant
1127 1507 1294 1554 autem
1323 1517 1506 1554 cornua
1532 1505 1743 1567 Tyrrhe-

218 1584 320 1618 num
337 1571 609 1630 inventnmz
641 1569 814 1622 Athen.
837 1575 926 1632 lv,
947 1579 1006 1624 82
1042 1593 1056 1623 z
1086 1573 1336 1638 Τυῤῥη·.ῶν
1357 1573 1397 1624 δ’
1417 1576 1540 1624 ἔστιν
1569 1578 1743 1640 εὕρημα

215 1640 424 1700 κέρατᾰτε
449 1641 528 1688 καὶ
547 1640 816 1702 σάλπιγγες.
835 1645 960 1704 Apte
981 1642 1127 1706 igitur
1141 1643 1328 1693 dictum
1346 1645 1492 1696 fuerit.
1508 1648 1742 1709 Τυρσηνὸν

217 1711 424 1770 μελέδημα
445 1711 524 1760 vel
542 1709 606 1760 de
625 1709 747 1760 tibia
771 1711 907 1772 gravi
932 1724 1022 1761 seu
1051 1711 1268 1776 Phrygia.
1295 1716 1411 1763 Erat
1431 1716 1481 1764 et
1513 1715 1742 1766 tibiarum

217 1779 382 1840 speeies
407 1793 504 1829 una
536 1779 848 1842 peculiariter
879 1780 1010 1831 dicta
1045 1784 1312 1843 Τνρσηνική
1327 1797 1340 1810 ·
1378 1783 1493 1834 vide
1527 1785 1738 1835 Casaub.

215 1848 268 1896 ad
289 1848 448 1899 Athen.
483 1852 552 1899 lv
573 1853 724 1909 extr.;
745 1849 834 1898 sed
858 1864 972 1913 quae
993 1851 1232 1912 ὀξυρώνως
1253 1852 1470 1903 sonabat.
1493 1875 1518 1898 ²)
1551 1855 1738 1906 Hecke-

215 1933 290 1967 rus
313 1921 426 1982 conj.
457 1923 696 1983 Τυρσηνὸν
716 1921 982 1983 κελάδημα,
1011 1923 1144 1984 quod
1169 1922 1232 1972 de
1256 1923 1364 1986 ipsa
1392 1925 1514 1975 tuba
1536 1925 1632 1976 dici
1661 1939 1743 1990 po-

213 1993 318 2049 test,
359 1993 416 2040 ut
455 1991 736 2053 λαλάγημα,
781 1993 966 2056 latmia
1021 1993 1084 2042 de
1132 1997 1388 2057 tympano,
1423 1999 1518 2046 etc.
1559 1996 1742 2046 Deinde

214 2060 314 2109 eod.
333 2061 453 2110 πᾶιια
469 2065 521 2110 et
548 2062 771 2123 ἐδόνησεν,
796 2063 1104 2126 superposito
1119 2081 1168 2112 α.
1195 2089 1257 2101 --
1283 2069 1330 2114 4.
1362 2084 1385 2107 11
1419 2067 1614 2126 Εἰοὰνας
1638 2082 1650 2110 2
1687 2067 1736 2116 in

211 2131 420 2192 gymnicis
448 2132 578 2180 enim
605 2132 956 2182 certaminibus
987 2133 1122 2183 tuboe
1149 2134 1379 2196 frequens
1403 2150 1545 2187 usus.
1577 2158 1600 2181 ν
1619 2143 1737 2189 Jac.

213 2200 276 2248 Ad
293 2201 572 2251 sententiam
589 2201 718 2250 conf.
740 2215 848 2266 epp.
870 2205 951 2265 46,
977 2206 1084 2264 159,
1107 2207 1210 2254 195.
1235 2207 1398 2254 Boias.

263 2330 391 2379 cm.
423 2331 480 2379 ln
504 2329 670 2379 lemm.
715 2329 898 2390 Αῑγιδος
921 2330 1077 2391 Plan„
1109 2334 1286 2395 proeter
1311 2333 1428 2384 edit.
1467 2334 1619 2399 princ.
1654 2337 1742 2387 Mi-

213 2397 291 2446 don
309 2436 321 2457 ‚
345 2403 544 2449 venator
564 2402 618 2450 et
655 2413 836 2463 auceps
852 2437 866 2460 ,
905 2399 1088 2450 Pboebo
1121 2403 1241 2452 artis
1276 2415 1382 2452 suae
1415 2404 1740 2457 instrumenta

211 2467 392 2518 dedicat.
426 2497 487 2506 —
521 2474 542 2518 1
581 2471 754 2528 Μήδων
789 2471 921 2520 Plan.
962 2500 1022 2512 -
1059 2477 1089 2521 3
1129 2473 1169 2521 δ’
1202 2476 1268 2524 ἔτι
1299 2473 1420 2523 cod.
1445 2475 1610 2538 Ἔργον
1641 2491 1738 2526 non

211 2551 305 2587 raro
333 2539 508 2589 dicitur
533 2539 598 2590 de
624 2553 685 2588 eo
715 2539 850 2603 quod
888 2539 1017 2591 redit
1047 2555 1104 2591 ex
1129 2555 1276 2606 opere
1296 2581 1310 2604 ‚
1337 2543 1400 2594 de
1421 2545 1580 2596 reditu
1600 2545 1737 2596 labo·

211 2607 292 2666 ris,
313 2607 442 2658 lucro
464 2611 554 2658 aut
585 2608 786 2660 toenore.

259 2736 410 2786 CLIII.
440 2738 499 2788 ln
521 2735 733 2788 lebetem
757 2735 1054 2787 dedicatum.
1075 2765 1138 2778 -
1161 2742 1180 2789 1
1208 2740 1466 2803 βουχάνδης
1485 2740 1628 2803 Cod„
1649 2741 1736 2792 sed

209 2818 276 2868 ap.
294 2807 481 2858 Suidam
501 2809 762 2872 βουχανᾶής
779 2845 793 2868 ,
821 2809 932 2871 βοῦν
951 2813 1119 2872 χωρῶν
1135 2844 1150 2868 ,
1183 2812 1234 2858 et
1253 2809 1554 2872 Hesychium
1579 2831 1590 2860 ι
1622 2813 1735 2875 βου-

209 2880 380 2939 χανόἐα,
408 2880 736 2943 πολυχώρητα.
757 2878 987 2939 Eiusdem
1005 2878 1171 2929 snidae
1193 2878 1304 2949 libri
1321 2881 1618 2943 ἐραπίδαυλος
1635 2882 1738 2930 κεῦ-

210 2948 320 3005 θοτος
362 2950 438 3000 rel
484 2952 738 3012 κεὺματος,
779 2948 912 2999 unde
963 2953 1162 3012 apparet
1207 2964 1306 3001 non
1357 2950 1536 3001 nitidos
1583 2952 1734 3003 fuisse

211 3015 364 3069 ductus
394 3018 574 3070 codicis
592 3018 898 3083 Antbologiae
931 3032 1082 3090 quem
1119 3018 1418 3082 excerpebat.
1441 3048 1504 3056 -
1535 3028 1563 3071 2
1598 3025 1735 3085 τέγεοι

211 3088 310 3137 Cod.
333 3116 388 3126 -
411 3094 442 3140 4
459 3092 648 3153 γενέτωι
681 3089 824 3149 Cod.;
850 3090 1014 3153 γενέτῃ
1035 3100 1205 3153 margo
1223 3103 1384 3153 apogr.
1414 3090 1545 3154 Lips.

259 3215 402 3263 CLIV.
431 3212 664 3265 Leonldae
695 3213 786 3265 soli
819 3213 1040 3264 inscribit
1079 3214 1212 3263 Plan.
1243 3233 1266 3255 c·
1298 3214 1493 3277 Triplici
1529 3213 1734 3265 deorum

210 3282 342 3332 ordini
366 3296 498 3334 sacra
539 3284 657 3335 facit
683 3284 912 3334 rusticus.
955 3304 980 3328 n
1023 3287 1136 3334 Jac.
1171 3309 1237 3319 —
1271 3287 1311 3333 1.
1352 3284 1478 3333 Hinc
1511 3284 1686 3335 suidas
1719 3306 1731 3336 ε

211 3355 400 3417 uiae-rip,
413 3356 616 3405 ἐπίθετον
639 3358 868 3405 Διονύσου
887 3369 899 3381 ·
919 3356 1110 3417 παρὰτὸ
1135 3354 1234 3403 εὐοῖ
1254 3354 1642 3405 ἐνθουσιαστικὸν.
1672 3385 1734 3397 -—

211 3426 236 3471 3
251 3424 464 3483 ἀρτίτοκον
501 3426 658 3479 Flam:
687 3423 924 3487 ἀρτιτόκον
959 3423 1104 3487 Cod.,
1138 3426 1191 3473 et
1214 3423 1286 3473 sic
1309 3424 1514 3475 Meinek.
1547 3424 1734 3476 Deinde

211 3493 486 3544 seruiendum
509 3494 698 3557 μητρός.
723 3520 790 3530 -
813 3500 842 3545 8
871 3507 1020 3557 super
1035 3499 1170 3557 γλαγ.
1195 3491 1325 3543 inter
1347 3505 1520 3545 versus
1557 3494 1682 3545 cod.
1715 3510 1728 3541 ι

210 3577 268 3620 γε.
288 3566 506 3628 γλυκερόν.
533 3564 672 3614 cont'.
699 3576 778 3627 ep.
801 3568 906 3625 158,
927 3570 956 3615 3
976 3567 1027 3617 et
1051 3568 1099 3615 4.
1126 3566 1292 3621 Αὖξετε
1316 3564 1607 3615 vertendum
1627 3568 1732 3616 erat

211 3634 766 3700 uque-maqisffeddtte.

261 3760 380 3811 CLV.
411 3781 434 3804 ιι
479 3764 608 3811 Puer
635 3759 845 3824 Apollini
881 3772 1020 3810 sacra
1057 3758 1203 3821 facit,
1242 3772 1433 3809 comam
1460 3772 1661 3825 ponens.
1699 3779 1726 3805 κ

211 3832 307 3879 Iac.
325 3858 378 3865 —
400 3837 438 3881 1.
457 3834 606 3883 Recte
631 3830 860 3881 Jacobsio
878 3832 1126 3893 Κρωὸύλος
1149 3828 1230 3879 hle
1246 3842 1443 3893 quoque
1459 3832 1537 3879 est
1553 3842 1728 3879 nomen

209 3900 454 3961 proprium,
485 3904 542 3951 ut
581 3914 730 3951 versu
765 3908 810 3950 5.
843 3900 1048 3949 Confert
1090 3901 1230 3959 ἥλικα
1257 3900 1422 3962 χαίτην
1462 3911 1543 3961 ap.
1583 3899 1728 3948 calli-

211 3969 344 4018 mach.
377 3971 477 4021 Del.
517 3976 605 4021 297
646 3983 750 4033 seq.
791 3990 816 4015 a
843 3970 1098 4037 Jacobsius
1124 3968 1348 4018 dubitare
1375 3967 1570 4019 videtur
1605 3983 1727 4019 num

211 4038 264 4087 sit
283 4042 496 4105 ιρωὸύλος
525 4043 576 4091 111
599 4040 807 4101 Codicc;
841 4042 920 4091 est
948 4042 1081 4090 certe
1109 4039 1162 4089 iu
1195 4050 1362 4101 apogr.
1383 4038 1557 4101 Paris„
1576 4039 1726 4102 idque

211 4112 333 4160 reete.
372 4115 420 4162 ls
455 4112 580 4163 enim
614 4113 694 4162 est
729 4114 961 4162 accentus
993 4110 1243 4159 nominum
1276 4108 1327 4158 in
1361 4111 1485 4165 υλος.
1519 4112 1593 4160 De
1627 4124 1727 4174 quo

211 4182 344 4229 multa
373 4182 591 4232 annotavi
626 4180 691 4231 ad
715 4181 994 4231 choricium
1025 4194 1073 4243 p.
1105 4182 1211 4229 333.
1241 4177 1435 4235 Quibus
1468 4178 1622 4238 addo,
1656 4180 1728 4230 sic

213 4252 468 4301 mutandum
506 4264 615 4302 esse
646 4252 796 4302 etiam
843 4250 1007 4300 Suidae
1049 4250 1286 4303 Μείδυλος.
1331 4268 1354 4291 n
1391 4252 1449 4297 B.
1479 4250 1724 4311 Κρώὸυλος

213 4318 324 4369 Plan.
339 4324 385 4371 et
398 4321 594 4381 suidas,
613 4321 755 4382 cujus
771 4320 1024 4384 explicatio
1053 4333 1066 4362 z
1093 4322 1130 4368 Κ
1137 4320 1340 4381 ρώὸυλος
1357 4354 1373 4379 ,
1395 4321 1422 4367 ὁ
1450 4320 1617 4380 μαλλὸς
1629 4324 1723 4368 τῶν

211 4392 381 4441 παιδίων
397 4428 410 4452 ,
437 4406 496 4443 ex
520 4392 616 4443 hoc
654 4392 761 4457 ipso
790 4406 938 4443 versu
974 4390 1182 4443 conficta
1213 4392 1307 4441 est.
1349 4388 1579 4451 Ejusdem
1614 4390 1725 4441 libri

213 4460 297 4509 ires
315 4462 470 4518 ἄλικος.
501 4462 669 4513 Codex
702 4461 799 4512 Pal.
823 4464 876 4519 ἃς
903 4463 998 4512 ἄπο
1024 4466 1088 4511 Φ.
1106 4487 1173 4498 -
1193 4468 1220 4510 2
1243 4462 1410 4517 πέξατο
1444 4460 1599 4520 Plan.;
1620 4461 1724 4509 παί-

213 4530 302 4579 zm
335 4532 460 4593 cod„
485 4534 570 4582 11λὲ
605 4534 776 4583 notato
809 4531 860 4581 in
889 4530 1127 4594 margine;
1153 4532 1350 4587 πλέξατο
1376 4527 1510 4579 Suid.
1537 4529 1722 4581 Deinde

212 4604 346 4659 uiuo:
373 4616 530 4653 omnes
562 4614 802 4652 consensu
818 4640 832 4663 ,
869 4602 1006 4665 quod
1043 4601 1248 4651 correxit
1276 4603 1379 4650 Jos.
1415 4600 1639 4664 Scaliger.
1659 4628 1724 4638 --

211 4672 252 4718 3.
269 4672 350 4721 Pro
366 4676 633 4722 πλακοῦντα.
657 4674 824 4723 Gallus
842 4674 1134 4737 gallinaceus
1161 4671 1256 4721 Soli
1275 4674 1327 4721 et
1343 4670 1550 4733 Apollini
1565 4685 1719 4722 sacer.

211 4764 266 4780 —
293 4750 318 4792 5
361 4746 596 4809 Κρῶὃυλον
627 4746 764 4797 Plan.
807 4749 888 4803 Εἰς
926 4748 1055 4802 τέλος
1085 4746 1227 4808 ἄνδρα
1243 4779 1258 4803 ,
1294 4742 1428 4805 quod
1455 4742 1549 4792 dici
1599 4744 1723 4795 solet

212 4817 519 4879 ἆνὸρατὲλειον.
545 4846 608 4859 -
638 4829 668 4871 6
707 4821 829 4885 ἔχων
851 4818 1177 4871 Schneiderus
1195 4819 1248 4867 in
1282 4817 1405 4868 Bibl.
1431 4815 1598 4881 philol.
1633 4821 1718 4878 lv,

211 4898 253 4947 p.
282 4892 344 4939 79.
372 4892 503 4941 Cous.
549 4904 630 4955 ep.
669 4895 772 4951 157,
818 4896 861 4942 1.
899 4889 1170 4953 Legebatur
1203 4889 1352 4951 ἔχειν,
1395 4900 1542 4937 sensu
1578 4884 1720 4935 valde

211 4955 492 5009 incommodo.

3263 190 3379 250 239

1899 314 2069 366 CLVI.
2086 340 2151 352 -
2185 319 2206 365 1
2244 315 2537 380 χαρισθένεος
2562 313 2683 366 eod.
2714 317 2764 365 et
2788 315 2944 374 Plan.·,
2978 318 3281 380 χαρισθενέως
3308 318 3386 367 vel

1837 405 1900 419 —-
1936 387 2033 440 νέος
2060 384 2198 435 Suid.
2240 405 2265 429 κ
2306 388 2475 442 Quum
2519 385 2592 434 sic
2623 385 2751 434 desit
2794 398 2967 434 nomen
2996 385 3104 446 eius
3134 385 3217 448 qui
3248 388 3386 446 θῆκε,

1835 454 2033 505 videtur
2052 455 2222 505 deesse
2248 453 2491 505 distichon
2510 454 2658 519 [quod
2679 455 2928 506 statuebat
2942 456 3235 520 Brunckius]
3252 494 3264 514 ‚
3292 456 3387 506 nisi

1839 525 1987 575 fuerit
2014 526 2171 576 latens
2198 526 2471 588 corruptela
2500 526 2548 575 in
2574 529 2734 587 καλῷ,
2757 526 2835 574 vel
2857 526 2907 574 in
2934 528 3093 586 τήνδε,
3127 526 3262 589 quod
3286 527 3385 590 qui·

1835 594 1947 644 dem
1974 595 2059 644 vix
2085 595 2331 658 probabile
2346 633 2359 656 ,
2382 597 2494 654 aut,
2512 594 2646 657 quod
2662 595 2974 658 probabilius.
2995 596 3047 644 iu
3066 598 3385 658 Χαρισθένεος.

1835 665 1904 713 Ne
1932 664 2087 714 lector
2113 665 2323 714 haeroret
2342 701 2355 724 ‚
2384 664 2553 728 scripsi
2584 667 2859 726 Χαρίξεινος.
2888 686 2912 709 n
2946 669 3007 715 B.
3044 665 3181 716 Idem
3212 679 3389 715 nomen

1834 737 2067 796 posuerat
2087 735 2336 783 Beckerus
2356 737 2377 784 1
2397 772 2410 796 ,
2430 748 2479 797 p.
2507 739 2625 795 135,
2648 755 2672 778 «ι
2712 749 2814 798 quo
2850 749 2881 786 a
2910 735 3144 787 ductibus
3174 738 3389 801 vulgatae

1833 803 1987 854 literis
2014 803 2291 854 uncialibus
2332 807 2545 854 exaratae
2571 803 2690 855 nihil
2732 805 2933 868 propius
2974 807 3147 856 abesse
3174 808 3386 863 videtur.

1833 873 1983 936 idque
1998 887 2175 923 nomen
2201 876 2277 924 est
2298 873 2426 937 apud
2442 872 2737 936 Meleagrum
2757 877 2867 936 VII,
2892 888 2969 938 ep.
2990 880 3099 936 468,
3125 881 3167 926 1.
3184 896 3209 919 υ
3234 880 3391 928 Antea

1834 944 2091 1006 scripserat
2116 942 2283 1004 τέττιγ’
2319 945 2346 991 ὀ
2385 945 2713 1006 Χαρισθὲνεος,
2754 963 2777 985 «ι
2805 946 2863 993 ut
2892 945 3073 1008 saepius
3100 946 3149 995 in
3181 946 3257 995 his
3280 947 3396 1009 epi-1

1832 1015 2114 1076 grammatis
2158 1013 2243 1062 11111
2290 1013 2445 1077 patris
2484 1014 2678 1064 nomine
2720 1015 2827 1064 solo
2872 1015 3161 1076 indicantur,
3208 1017 3388 1080 quibus

1832 1079 1965 1134 idem
1996 1098 2107 1135 cum
2138 1087 2277 1148 patre
2318 1083 2471 1134 tuisse
2498 1097 2676 1134 nornen
2706 1085 2968 1135 verisimile
2994 1090 3086 1136 est.
3120 1106 3145 1129 v»
3177 1087 3383 1137 Meinek.

1831 1167 1882 1218 p.
1913 1159 2003 1205 224
2023 1156 2145 1218 conj.
2165 1155 2331 1216 Χάρης.
2342 1156 2519 1210 Σθένιος
2536 1193 2549 1214 ,
2573 1155 2769 1204 Chares
2795 1153 3057 1205 sthenide's
3082 1153 3239 1214 filius.
3272 1159 3389 1207 Len-

1832 1223 2005 1286 nepius
2035 1223 2096 1273 ad
2122 1221 2314 1272 Anthol.
2348 1223 2482 1271 Grot.
2518 1235 2566 1286 p.
2600 1225 2709 1282 247,
2742 1223 2902 1285 Χάρης
2930 1227 3104 1281 τέκεος.
3128 1226 3387 1275 Passovius

1831 1295 2026 1358 Scriptt.
2056 1293 2195 1343 misc.
2232 1307 2279 1356 p.
2320 1299 2412 1344 219
2453 1293 2651 1356 vulgata
2691 1296 2862 1343 tuetur
2895 1296 2997 1352 θῆκ’
3030 1294 3269 1357 accipiens
3298 1309 3387 1358 pro

1831 1366 1979 1423 θῆκαι,
2013 1363 2169 1427 prima
2206 1376 2432 1426 persona.
2464 1390 2521 1400 -—
2557 1371 2603 1414 2.
2634 1363 2851 1413 Celebris
2884 1364 3039 1413 Diana
3075 1365 3389 1426 Amarynthia

1830 1431 1881 1484 in
1918 1432 2103 1484 Euboea
2118 1472 2132 1496 ‚
2159 1446 2311 1496 quam
2337 1433 2658 1483 Athenienses
2683 1447 2879 1496 quoque
2904 1433 3129 1484 colebant
3154 1435 3284 1484 οὐδὲν
3305 1438 3387 1484 Εὐ-

1830 1507 1977 1555 6οὲων
2014 1506 2349 1568 ἀφανέστερον,
2372 1507 2580 1553 Pausan.
2601 1507 2642 1564 1,
2686 1508 2762 1553 31.
2808 1503 2927 1566 Ejus
2957 1503 3125 1554 Dianae
3149 1505 3385 1567 Nymphae

1829 1573 1910 1624 hle
1964 1571 2313 1638 intelliguntur.
2374 1575 2535 1637 Ipsam
2596 1577 2762 1623 tamen
2809 1573 3009 1622 Dianam
3057 1573 3151 1623 dici
3198 1575 3389 1624 mavult

1827 1645 2109 1703 Heckerus,
2156 1643 2374 1694 scribens
2404 1643 2574 1706 κούρῃ
2624 1645 2727 1700 θῆκ’
2763 1643 3213 1706 Ἀμαρυνθιάδι,
3248 1643 3387 1706 quod

1828 1713 2176 1776 perprobabile.
2207 1739 2271 1749 —
2312 1717 2359 1761 3.
2414 1731 2438 1755 ιι
2472 1713 2802 1776 Χερνιῳθέντα,
2843 1711 2979 1774 quod
3014 1714 3146 1761 recte
3177 1713 3283 1760 Jac.
3321 1711 3385 1760 ad

1828 1781 2029 1831 donaria
2068 1782 2229 1846 primo
2258 1792 2408 1830 versu
2440 1782 2709 1830 memorata
2739 1781 2917 1840 refert,
2944 1784 3083 1830 verte
3125 1794 3275 1830 sacro
3316 1781 3384 1829 le·-

1827 1865 1990 1917 quore
2025 1851 2309 1914 adspersa,
2352 1854 2408 1900 ut
2439 1863 2514 1914 ap.
2554 1853 2671 1900 Eur.
2708 1851 3007 1914 1ρ11.,Τ11111-.
3042 1857 3151 1900 622.
3184 1853 3383 1900 Bovem

1831 1925 1998 1972 autem
2024 1922 2239 1987 intelligo
2272 1921 2335 1971 de
2362 1921 2503 1970 bovis
2530 1919 2857 1990 imaguncula²
2873 1935 2935 1971 ex
2964 1919 3117 1969 farina
3158 1922 3384 1970 confecta

1833 1994 1914 2055 (v.
1953 1994 2121 2042 notata
2171 1990 2233 2041 ad
2264 2005 2339 2054 ep.
2392 1991 2504 2052 40).
2556 2009 2581 2033 ι»
2625 1990 2847 2040 Meinelc.
2880 1989 3085 2040 Bothius
3140 1989 3384 2040 scribebat

1837 2063 2130 2125 χερνιφθὲντι.
2165 2089 2228 2098 -
2259 2065 2305 2110 4.
2338 2080 2361 2103 «ι
2392 2057 2648 2109 Jacobs-ius
2681 2065 2820 2123 χνοῦν
2861 2060 2923 2109 de
2952 2073 3127 2122 spuma
3161 2059 3291 2110 circa
3324 2073 3381 2109 os

1827 2132 1943 2194 equi
1972 2132 2177 2182 collecta
2206 2131 2552 2194 interpretatus
2592 2133 2694 2190 cst,
2723 2129 3015 2191 Boettigerus
3034 2143 3153 2179 vero
3179 2129 3241 2178 de
3273 2143 3381 2179 sor·-

1826 2202 1973 2252 dibus
2010 2216 2137 2265 aqua
2175 2200 2445 2252 abluendis.
2476 2202 2695 2257 Quorum
2738 2201 2968 2249 neutrum
3011 2197 3114 2248 huc
3154 2199 3377 2262 quadrat.

1825 2275 1993 2335 Neque
2036 2272 2087 2322 in
2118 2271 2303 2335 duplici
2332 2270 2691 2334 comparatione
2740 2267 3043 2319 haerendum.
3076 2269 3383 2326 Namverba

1827 2347 1891 2398 ὡς
1917 2345 2058 2400 tuno:
2103 2343 2167 2392 ad
2206 2344 2573 2404 ἀποσεισάμενος
2612 2340 2881 2404 pertinent3
2926 2340 3059 2405 prior
3084 2340 3382 2403 comparatio

1824 2411 1977 2461 verbo
1995 2414 2166 2473 λάμπει
2186 2411 2365 2462 addita.
2385 2414 2415 2461 J
2418 2425 2496 2461 am
2513 2413 2573 2461 ut
2592 2416 2732 2474 χνοῦς
2757 2410 2941 2460 dicitur
2957 2409 3185 2472 juvenilis
3202 2412 3252 2459 et
3268 2422 3383 2472 pue·

1825 2482 1931 2533 rilis
1946 2482 2153 2546 lanugo,
2179 2481 2247 2532 ita
2277 2481 2372 2531 hoc
2396 2481 2505 2531 loco
2521 2483 2725 2538 πωλικὸς
2752 2487 2890 2546 χνοῦς
2908 2483 2984 2530 est
3007 2480 3140 2544 quod
3170 2493 3246 2542 ap.
3276 2481 3377 2529 lle·

1826 2554 1963 2617 aych.
1992 2554 2169 2618 legitur
2200 2566 2249 2602 v.
2280 2555 2436 2608 Μνοῦς
2470 2571 2483 2602 2
2516 2556 2547 2610 ἡ
2578 2554 2739 2615 πρώτη
2776 2558 2870 2602 τῶν
2908 2554 3069 2614 ἀμνῶν
3095 2553 3175 2601 καὶ
3206 2552 3379 2600 πώλων

1823 2625 2073 2684 ἐξάνθησις.
2113 2626 2272 2680 Quam
2299 2625 2352 2672 et
2389 2621 2550 2672 colore
2576 2625 2627 2672 et
2664 2621 2820 2672 forma
2855 2621 3235 2672 diversissimam
3268 2634 3378 2671 esse

1823 2707 1852 2744 a
1887 2693 2181 2758 longioribus
2221 2706 2463 2756 equorum
2494 2691 2773 2742 adultorum
2812 2691 3026 2741 crinibus
3066 2691 3246 2742 nemini
3279 2705 3377 2742 non

1823 2766 2143 2826 compertum.
2195 2764 2298 2812 Hac
2332 2762 2479 2826 igitur
2520 2761 2781 2812 Charixeni
2808 2774 2922 2811 cum
2954 2774 3082 2825 equo
3116 2761 3381 2825 comparati

1820 2834 2026 2899 imagine
2051 2833 2362 2897 intelligimus
2388 2832 2619 2895 juvenem
2648 2833 2814 2895 ερηόον
2841 2832 3067 2896 primitiis
3092 2833 3379 2896 capillorum

1821 2906 1929 2957 deae
1965 2904 2255 2957 consecratis
2286 2907 2453 2969 togam
2487 2904 2755 2969 sumpsisse
2788 2902 2994 2954 virilem.
3019 2923 3045 2949 a·
3080 2903 3297 2956 Becker.
3334 2906 3377 2965 l,

1883 3118 2074 3169 chn.
2110 3120 2166 3167 In
2193 3116 2328 3166 Plan.
2368 3118 2446 3166 est
2470 3116 2657 3173 ἄδηλον.
2690 3136 2713 3159 «ι
2761 3117 2952 3178 Gorgus
2984 3114 3192 3164 Dianam
3219 3116 3380 3165 σώτει-

1821 3203 1904 3250 ραν
1944 3188 2187 3249 precatur,
2214 3188 2272 3235 ut
2301 3198 2471 3249 agrum
2498 3198 2645 3235 suum
2672 3198 2703 3234 a
2732 3183 2924 3234 furibus
2958 3182 3189 3233 defendat
3206 3220 3219 3241 ‚
3248 3184 3381 3233 votis

1822 3256 2014 3307 additis.
2062 3274 2087 3299 ι»
2134 3259 2248 3307 Jac.
2291 3285 2353 3297 —
2392 3262 2412 3305 1
2464 3258 2653 3319 Γόργοιο
2708 3254 2865 3314 Plan.;
2912 3260 3099 3317 γοργοῖο
3138 3252 3259 3303 eod.
3316 3280 3375 3289 -

1821 3335 1866 3378 2.
1899 3346 1923 3369 α
1952 3325 2075 3375 Hinc
2104 3324 2311 3375 suidas:
2334 3326 2490 3389 κλώψ·
2513 3327 2725 3383 κλέπτης.
2766 3326 2840 3373 Ex
2859 3336 2908 3373 v.
2938 3328 2967 3373 3
2996 3321 3125 3372 idem
3149 3340 3165 3371 ι
3193 3322 3373 3385 ἐπιῤῥέ-

1820 3400 1908 3455 ξει·
1941 3398 2087 3447 θύσει.
2115 3398 2210 3446 Et:
2238 3396 2437 3458 νομαία,
2460 3399 2492 3454 ἡ
2512 3398 2566 3445 ἐκ
2585 3401 2665 3453 τῆς
2694 3400 2855 3457 νομῆς.
2894 3414 2917 3437 ³»
2945 3396 3002 3442 Β.
3036 3422 3098 3434 -
3128 3396 3158 3441 3
3185 3393 3377 3453 νομαίης

1820 3470 1978 3527 Plan,
1998 3466 2155 3524 Suid.;
2175 3468 2361 3529 νομείης
2379 3466 2522 3524 cod..
2544 3465 2849 3529 superposito
2870 3481 2919 3513 αι
2938 3476 2969 3513 a
2984 3464 3276 3512 correctore.
3296 3462 3377 3510 Sic

1819 3536 2107 3586 Theocritus
2142 3547 2219 3597 ep.
2257 3536 2391 3585 xvn
2434 3533 2676 3597 (Abrens.
2696 3540 2741 3594 ),
2777 3538 2833 3584 15
2882 3552 2896 3581 z
2933 3532 3094 3587 κεύθὺς
3127 3530 3377 3595 ἐπιῤῥὲξειν

1819 3608 2017 3671 χίμαρον
2044 3606 2204 3655 καλὸν.

1879 3756 1997 3807 Post
2020 3754 2113 3805 hoc
2143 3753 2441 3817 epigramma
2464 3752 2515 3801 in
2553 3748 2731 3799 Codice
2756 3751 2833 3799 est
2868 3748 3043 3799 lacuna
3056 3784 3071 3809 ‚
3111 3758 3229 3797 cum
3258 3748 3377 3795 nota

1815 3827 1864 3877 in
1895 3840 2046 3890 marg.
2069 3844 2082 3875 ι
2113 3828 2234 3883 ζήτει
2254 3824 2441 3887 στίχους
2466 3823 2643 3873 ἕνδεκα.

1877 3972 2092 4023 CLVIll.
2138 3974 2435 4034 Expressum
2479 3982 2542 4019 ex
2596 3966 2939 4030 epigrammate
2992 3966 3079 4015 154
3093 4002 3107 4025 ‚
3144 3961 3371 4036 Leonida?

1815 4044 2080 4095 Tarentini.
2100 4068 2165 4080 -
2202 4052 2242 4092 l.
2284 4062 2308 4084 α
2344 4041 2469 4091 Hinc.
2486 4038 2662 4090 Suidas
2686 4058 2698 4087 :
2718 4038 2911 4098 θύρσος,
2950 4037 3156 4099 βακχικὴ
3176 4034 3369 4097 ῥάόδος·

1812 4120 1842 4177 ἢ
1867 4117 2057 4180 λαμπὰς
2093 4116 2152 4173 ἣν
2190 4112 2445 4169 ἐδάσταζον
2478 4112 2541 4168 εἰς
2569 4110 2708 4172 τιμὴν
2736 4112 2807 4171 τῷ
2861 4105 3094 4167 Διονύσῳ.
3140 4106 3215 4152 Ex
3246 4116 3294 4151 v.
3337 4106 3367 4153 4

1809 4187 1941 4236 idem
1978 4205 1989 4234 :
2010 4184 2164 4245 γάνος,
2192 4184 2218 4231 ὁ
2236 4182 2375 4237 οἶνος.
2405 4202 2428 4225 υ
2452 4184 2516 4231 Β.
2543 4206 2603 4215 -
2625 4184 2653 4229 2
2672 4178 2832 4241 φόὅαις
2852 4177 3008 4235 Plan.;
3034 4175 3199 4236 φοιδωι
3222 4172 3365 4231 cod..

1811 4256 1937 4306 inter
1972 4254 2057 4305 lin.
2079 4270 2151 4317 γρ.
2188 4270 2277 4309 αις.
2310 4272 2335 4297 σε
2372 4254 2499 4302 Sunt
2530 4250 2666 4313 φόόαι
2706 4249 2946 4297 εὐπέταλοι
2976 4243 3190 4309 frondes
3228 4240 3367 4306 sollis

1811 4328 1940 4377 bene
1966 4326 2257 4387 instructae,
2284 4322 2554 4372 umbrosae.
2589 4320 2735 4383 Finge
2759 4317 2850 4367 tibi
2874 4328 3009 4365 aram
3037 4314 3155 4364 Pani
3172 4351 3186 4374 ‚
3218 4316 3367 4376 Nym·

1810 4397 1921 4461 pbis
1958 4399 2008 4445 et
2054 4394 2244 4443 Baccho
2288 4406 2477 4442 sacram
2493 4429 2507 4452 ‚
2548 4389 2653 4441 sive
2694 4388 2953 4439 simulacra
2996 4384 3175 4435 borum
3209 4384 3365 4433 numi·

1809 4479 1951 4526 num,
1987 4464 2079 4515 sub
2108 4463 2294 4514 arboris
2322 4462 2499 4512 umbra
2532 4460 2779 4510 collocata.
2808 4478 2833 4501 ι·
2868 4460 2988 4508 Jac.
3022 4460 3149 4505 -4,
3174 4456 3367 4513 πήδακα

1810 4537 1931 4587 eod.

1870 4672 2029 4721 cmx.
2062 4672 2258 4719 Lemma
2279 4690 2291 4719 ι
2313 4668 2529 4730 ἀνάθημα
2546 4666 2673 4729 παρὰ
2698 4664 2967 4727 Φερενίκου.
2988 4663 3281 4723 Expressum
3304 4675 3363 4711 ex

1809 4743 2151 4807 epigrammate
2179 4746 2281 4801 151,
2306 4741 2517 4803 Tymnae.
2539 4737 2681 4787 cons.
2702 4739 2753 4786 et
2774 4736 2922 4799 epigr.
2948 4736 3027 4783 46.
3052 4758 3115 4769 ——
3132 4736 3177 4783 1.
3196 4752 3219 4775 α
3237 4733 3363 4783 Hinc

1808 4811 1983 4861 Suidas
2011 4831 2025 4860 t
2050 4812 2126 4859 sat
2145 4848 2157 4871 ‚
2186 4814 2245 4872 τῇ
2271 4810 2416 4872 μάχῃ.
2450 4810 2511 4857 Et
2537 4820 2595 4857 ex
2614 4818 2662 4855 v.
2696 4809 2728 4854 4
2759 4818 2772 4847 ἓ
2800 4804 3033 4861 κελάδων,
3060 4802 3269 4850 τουτέστι
3289 4802 3362 4849 θο-

1810 4884 1979 4945 ρύδων.
2013 4901 2037 4925 ι»
2074 4882 2135 4929 Β.
2162 4904 2226 4916 -
2242 4884 2271 4929 3
2298 4880 2507 4939 ἔγκειμαι
2524 4874 2689 4926 Suidae
2712 4874 2823 4924 libri
2840 4873 3031 4936 plures3
3058 4869 3109 4919 in
3138 4870 3359 4921 Palatino

1807 4965 2004 5015 quoque
2023 4949 2201 5002 Codice
2226 4948 2405 4999 ductus
2422 4961 2519 4997 non
2539 4959 2649 4997 raro
2674 4957 2853 5007 anceps
2876 4943 2928 4992 in
2952 4942 3045 4991 hoc
3070 4940 3235 4991 verbe.
