3829 5747
531 313 648 373 244

527 455 625 492 non
650 441 921 505 recipienda
942 443 1033 492 est.
1052 441 1176 491 Vide
1202 444 1302 491 not.
1330 442 1393 493 ad
1413 444 1495 501 xi,
1520 455 1598 506 ep.
1620 447 1697 494 73.
1718 462 1743 486 ιο
1769 446 1831 495 B.
1859 446 1914 493 In
1943 444 2066 494 nott.
2107 446 2115 504 ξ

527 528 649 565 mss.
673 518 775 564 Jac.
806 512 1039 563 Meinekio
1067 513 1343 564 assentitur.
1364 522 1465 565 -2
1486 516 1623 577 δέχου
1659 514 2071 565 Plan.—3.}1inc
2109 512 2112 536 ³

526 585 702 635 suidas
734 585 1018 646 ἐπιφυλλίδα·
1047 586 1206 649 μικρὸν
1230 587 1478 649 βοτρῡόιον,
1502 584 1664 647 qualia
1697 585 2071 635 vindemiatores

526 656 820 718 relinquunt.
840 654 1108 709 Ἀλίπαστος
1124 694 1137 713 ,
1173 669 1285 717 quae
1328 657 1613 720 ἁλινήκτειρα
1638 670 1668 703 v
1712 664 1740 706 5
1771 655 1919 719 epigr.
1946 670 2066 719 prae-

526 724 755 774 cedentis,
790 750 851 761 -
876 729 923 773 4.
962 724 1086 773 Hinc
1121 725 1293 775 Suidas
1322 746 1335 774 ι
1365 728 1588 788 δρῠπετα,
1624 728 1857 776 τουτέστιν
1892 728 2066 776 ἐλαίαν.

526 794 759 857 Singulari
780 798 829 843 et
845 808 1073 844 mensura
1096 798 1145 845 et
1168 798 1451 857 ἑτεροκλισίᾳ
1464 834 1477 856 ,
1498 810 1647 859 quare
1674 798 1880 857 ὃρὺππαν
1898 800 2072 846 Kuste·

525 878 612 913 rus
638 865 703 914 ad
728 864 952 926 suidam,
974 869 1024 915 et
1046 867 1102 914 G.
1139 866 1355 915 Dindors.
1387 866 1434 915 in
1463 866 1605 916 Thes.
1626 880 1673 929 p.
1702 872 1833 918 1695.
1866 865 2070 916 Bothius

525 936 773 995 δρυπεπέα.
791 939 844 996 ψ.
866 937 990 985 Tum
1008 936 1167 997 νομίην
1185 935 1327 997 cod„
1346 937 1646 999 superposito
1669 954 1719 998 μ.
1737 963 1800 972 ——
1814 944 1841 987 5
1866 939 2068 994 σπονδὴν

524 1006 607 1061 τήν
634 1006 711 1054 ἀσ.
741 1004 862 1055 Cod.
886 1009 937 1055 et
959 1005 1111 1063 Plan..
1136 1019 1261 1054 corr.
1280 1007 1487 1055 Brunck.
1512 1007 1630 1055 Voci
1653 1008 1849 1069 ἀφύλισα
1871 1007 1921 1056 in
1945 1007 2065 1058 Cod.

524 1076 829 1138 superposita
846 1080 959 1125 nota
982 1075 1298 1126 dubitationis
1320 1077 1397 1126 vel
1426 1077 1793 1140 corrupteloe.—
1809 1083 1834 1128 7
1850 1079 2066 1141 έσόψεται

526 1144 631 1204 (sic)
666 1146 783 1195 Cod.
812 1166 833 1187 a
854 1146 1001 1196 sime
1018 1160 1047 1196 a
1063 1150 1346 1209 paupertate
1370 1150 1665 1208 servaveris,
1690 1148 1956 1209 majoribus
1979 1149 2068 1198 tibi
2107 1117 2112 1188 Ι

522 1213 695 1265 hostiis
728 1216 894 1266 litabo.
922 1220 1082 1274 Quare
1107 1217 1304 1278 festina,
1328 1232 1513 1282 precor,
1537 1231 1568 1267 o
1596 1218 1743 1279 Diva,
1765 1234 1844 1269 me
1872 1220 2070 1283 opulen-

524 1286 695 1336 tiorem
725 1288 908 1348 facere,
930 1291 985 1338 ut
1012 1302 1122 1337 mox
1148 1289 1355 1339 lautiora
1380 1302 1409 1339 a
1435 1302 1514 1338 me
1552 1290 1758 1353 accipias
1782 1304 1998 1340 munera.
2041 1312 2065 1335 ι»

521 1358 635 1407 Jac.

585 1493 768 1541 cxcii.
802 1495 1001 1542 Lemma
1028 1513 1041 1542 ε
1092 1494 1303 1558 ἀνάθημα
1332 1500 1401 1557 τῷ
1432 1496 1629 1559 Πριήπῳ
1664 1496 1790 1559 παρὰ
1824 1497 2063 1559 φιλτύλου,

523 1562 619 1623 sic,
644 1562 789 1613 etiam
816 1562 864 1612 in
892 1577 1063 1627 marg„
1093 1564 1179 1613 sed
1219 1568 1460 1615 corrector
1497 1566 1741 1615 Φιντύλου.
1767 1565 1904 1613 conf.
1941 1566 2060 1613 Leo·

521 1632 651 1682 nidae
673 1634 821 1696 epigr.
844 1647 991 1696 supra
1007 1649 1057 1683 ιι.
1078 1638 1125 1695 4,
1148 1635 1364 1697 inprimis
1390 1640 1552 1685 autem
1580 1649 1657 1697 ep.
1685 1642 1761 1685 23.
1780 1662 1831 1671 -
1869 1641 1887 1684 1
1914 1635 2066 1684 δίναιὰ

524 1702 631 1763 (sic)
650 1702 791 1761 Cod.,
812 1716 935 1751 corr.
962 1703 1249 1764 Salmasius,
1275 1724 1298 1747 «ι
1330 1705 1379 1754 id
1406 1710 1480 1755 est
1506 1707 1702 1769 ἀρχαῖοι,
1727 1704 1901 1768 σαθρὰ,
1933 1705 2067 1752 πολυ·

520 1772 696 1836 χρόνια.
724 1794 747 1815 υ
764 1776 821 1823 In
836 1774 1034 1836 Πριήπῳ
1058 1775 1437 1838 superscriptum
1452 1793 1500 1825 α.
1515 1802 1578 1811 ——
1596 1782 1641 1827 3.
1666 1796 1690 1819 ἰ
1710 1776 1833 1825 Hinc
1853 1774 2028 1824 suidas
2050 1794 2063 1823 ι

519 1842 722 1903 γαμψόν·
749 1843 1021 1905 ἐπικαμπές.
1052 1846 1125 1891 Ex
1156 1858 1301 1894 versu
1334 1854 1362 1896 5
1400 1866 1413 1894 ι
1444 1847 1754 1908 τριτάνυστον·
1780 1846 1973 1910 μακρόν.
1997 1847 2065 1893 Ex

518 1923 568 1960 v.
608 1920 637 1961 6
673 1932 685 1961 ι
726 1912 887 1974 βόλος,
922 1914 976 1961 τὸ
1022 1913 1300 1975 βαλλόμενον
1332 1916 1397 1969 είς
1438 1916 1581 1978 ἄγραν
1617 1916 1807 1978 ἰχθύων.
1843 1934 1867 1959 ³»
1905 1917 1966 1964 B.
2007 1939 2065 1949 ·-

520 1988 564 2032 5.
590 1982 825 2033 Pindarus
850 1983 988 2045 Pyth.
1012 1986 1081 2042 11,
1102 1990 1161 2034 80
1193 2004 1206 2032 :

644 2102 923 2160 ἀΰάπτιστὸς
946 2104 1039 2165 εἶμι
1051 2138 1067 2165 ,
1086 2104 1242 2167 φελλὸς
1263 2105 1326 2161 ὣς
1346 2106 1460 2170 ὑπὲρ
1484 2106 1611 2169 ἕρκος
1627 2106 1789 2169 ἅλμας.

522 2247 585 2262 ·-
605 2232 649 2276 6.
680 2225 816 2275 Idem
842 2238 1014 2275 versus
1040 2226 1089 2275 in
1117 2239 1192 2289 ep.
1219 2232 1297 2287 23,
1318 2235 1364 2288 6,
1392 2227 1479 2278 ubi
1504 2227 1631 2278 vide.

579 2365 787 2415 CXCIII.
817 2366 1015 2413 Lemma
1044 2385 1057 2413 ι
1087 2366 1297 2425 ἀνάθημα
1313 2370 1381 2428 τῷ
1410 2366 1550 2429 αὐτῷ.
1570 2365 1981 2429 Hendecasyllabi.
2002 2392 2066 2402 —

522 2440 543 2486 1
568 2438 812 2498 αἰγιαλῆτα
842 2436 1025 2495 Codex,
1047 2449 1171 2485 corr.
1198 2436 1396 2486 Salmas.
1419 2439 1507 2486 aut
1544 2439 1777 2498 Guyetus.
1808 2439 1862 2486 ln
1896 2450 2060 2499 apogr.

517 2508 630 2556 Par.
649 2512 931 2569 φυκογεῖτον.
956 2526 979 2548 οι
1002 2506 1099 2563 Qui
1122 2506 1171 2555 in
1196 2506 1343 2555 maris
1361 2507 1520 2555 littore
1545 2519 1575 2556 a
1601 2506 1764 2555 nautis
1790 2509 1839 2556 et
1864 2506 2066 2569 piscato-
2093 2528 2100 2533 ·

517 2576 653 2625 ribus
680 2575 931 2625 colebatur
962 2576 1161 2638 Priapus
1186 2576 1377 2625 vicinus
1402 2579 1505 2626 erat
1528 2582 1595 2639 τῷ
1629 2580 1787 2639 φύκει,
1815 2576 1935 2639 alga}
1966 2589 2066 2625 ma-

514 2645 636 2694 rinae
650 2682 664 2705 ,
682 2658 829 2707 quam
844 2644 989 2693 undae
1006 2644 1055 2693 in
1071 2645 1209 2694 littus
1227 2644 1438 2708 ejiciunt.
1458 2672 1518 2681 —
1538 2652 1566 2695 2
1584 2648 1898 2709 κυσσομέτρης
1919 2646 2061 2706 eod„

516 2714 649 2777 quod
674 2714 875 2763 minimo
894 2715 1029 2777 apice
1058 2714 1208 2765 distat
1232 2727 1261 2763 a
1294 2717 1624 2778 βυσσομέτρης.
1646 2716 1741 2773 Qui
1772 2716 1926 2765 maria
1951 2730 2060 2778 per-

518 2789 745 2844 currunt,
776 2788 1069 2835 mercatores
1092 2822 1105 2843 ,
1125 2786 1387 2847 piscatores
1414 2788 1465 2835 et
1492 2785 1573 2835 alii
1600 2786 1746 2849 hujus
1771 2787 1958 2849 generis
1983 2786 2064 2835 ho-

514 2858 674 2908 mines
714 2857 773 2905 τὰ
808 2856 993 2917 κύματα
1038 2860 1211 2920 μετρεῖν
1246 2856 1494 2906 dicuutur.
1530 2884 1594 2894 —
1618 2862 1663 2907 3.
1702 2857 1933 2917 Piscator,
1979 2857 2062 2920 qui

515 2926 738 2977 cautibus
774 2939 859 2990 per
888 2939 1079 2975 omnem
1100 2927 1252 2976 vitam
1270 2927 1337 2976 ita
1353 2927 1642 2986 adhaeserat,
1660 2931 1715 2977 ut
1734 2941 1844 2978 cera
1861 2941 2064 2991 gemmae

514 2997 720 3048 inhaeret
737 3035 749 3056 ,
770 2999 933 3056 πέτρης
957 2997 1198 3057 ἐκμαγεῖον
1220 3000 1436 3046 vocatur.
1459 2999 1610 3061 Cujus
1623 2999 1757 3047 vocis
1772 3001 2062 3062 potestatem

517 3069 627 3116 fuse
656 3065 886 3128 explicuit
914 3066 1101 3115 Hemst.
1129 3065 1189 3114 ad
1210 3066 1389 3115 Polluc.
1411 3069 1493 3127 IX,
1520 3072 1619 3116 130.
1641 3067 1776 3116 Idem
1796 3081 1971 3117 sensus
1993 3081 2064 3116 se-

515 3137 711 3199 quentis
742 3139 773 3194 ἡ
811 3137 977 3199 βδέλλα
1004 3135 1257 3185 σπιλάδων.
1286 3155 1310 3178 υ
1342 3139 1456 3186 Jac.
1492 3137 1643 3186 Aliter
1676 3137 2016 3186 Boissonadius
2047 3157 2060 3186 ι

520 3226 545 3250 α
564 3209 853 3268 'sumerem
873 3208 929 3253 ln
946 3205 1149 3267 rupibus
1172 3209 1271 3254 tam
1290 3210 1566 3256 constanter
1584 3207 1885 3257 habitaverat
1908 3212 1960 3257 et
1975 3207 2062 3256 diu

516 3279 569 3327 et
594 3279 743 3326 noctu
764 3289 847 3324 eas
870 3274 991 3324 adeo
1012 3275 1211 3324 triverat
1226 3274 1482 3337 membris,
1500 3281 1555 3325 ut
1570 3278 1709 3327 sactae
1730 3281 1893 3328 essent
1909 3279 2059 3338 leves,

514 3350 686 3407 tersae,
707 3345 890 3396 nitidae.
916 3365 939 3388 n
960 3345 1113 3405 Cujus
1126 3349 1243 3395 sunt
1255 3347 1403 3396 latina
1424 3367 1438 3394 ι
1456 3351 1602 3411 rupis
1632 3349 1924 3398 tersorium.
1957 3353 2058 3399 Nu-

514 3417 663 3467 meris
688 3415 865 3466 timens
891 3415 1091 3465 Bothius
1116 3420 1195 3474 τῆς
1237 3418 1429 3479 πέτρης,
1453 3417 1647 3467 frustra.
1666 3444 1730 3454 —
1748 3427 1774 3469 5
1799 3421 2057 3483 κὰμφίδλη-

515 3505 635 3551 στρα
652 3486 937 3544 Brunckius,
954 3489 1183 3547 tanquam
1202 3499 1264 3536 ex
1285 3486 1481 3536 Codice.
1502 3508 1524 3530 «ι
1545 3490 1608 3537 At
1625 3488 1691 3537 ibi
1707 3491 1846 3551 τᾰμρ.
1868 3489 2058 3553 legitur,

514 3571 618 3620 qua
640 3570 759 3606 voce
784 3570 881 3605 non
910 3555 1161 3605 diversum
1198 3556 1446 3620 plagarum
1472 3571 1623 3621 genus
1639 3597 1651 3620 ‚
1680 3558 1767 3609 sed
1795 3560 2062 3623 amplitudo

513 3630 633 3679 retis
647 3667 659 3690 ,
680 3627 893 3692 praedam
911 3625 1161 3676 ambientis
1178 3629 1228 3676 et
1244 3626 1691 3689 comprehendentis
1704 3666 1717 3688 ,
1732 3630 2059 3692 significatur:

514 3706 660 3750 ταῦτα
686 3701 744 3747 τὰ
772 3699 935 3748 δίκτυα
958 3699 1017 3746 τὰ
1043 3699 1125 3755 τὴν
1153 3697 1277 3746 λείαν
1297 3698 1651 3760 ἀμφιδάλλοντα.
1675 3720 1699 3744 υ
1728 3702 1842 3750 Jac.
1861 3731 1921 3742 —
1936 3711 1966 3752 6
1994 3703 2060 3752 εἴ·

514 3789 633 3821 σατο
653 3769 773 3820 cod.

576 3908 782 3958 CXCIV.
817 3907 1015 3955 Lemma
1043 3924 1056 3953 ι
1082 3904 1335 3954 ἀδέσποτον
1357 3906 1419 3960 εἰς
1439 3905 1685 3966 σάλπιγγα.
1714 3907 1887 3971 εῑρηται
1920 3909 1969 3958 δὲ
1999 3911 2061 3966 εὶς

516 3979 650 4042 μέρος
682 3976 1001 4026 σαλπιστικόν.
1038 3974 1185 4032 Quod
1228 3974 1443 4023 nondum
1482 3974 1700 4037 expedio.
1744 3980 1801 4025 In
1848 3977 2062 4040 margine

516 4049 749 4112 scriptum
767 4068 779 4097 ι
795 4047 975 4110 Ἀρχίου
994 4049 1313 4110 γραμματικοῦ
1326 4044 1574 4106 σάλπιγγες
1586 4081 1602 4104 ,
1616 4049 1667 4095 et
1684 4046 1877 4108 σάλπιγξ
1890 4047 2062 4097 calathi

515 4118 667 4168 ductu
700 4116 952 4167 delineata.
976 4135 1000 4158 «ι
1041 4113 1303 4165 Lemmatis
1330 4117 1394 4170 εἰς
1428 4116 1660 4176 σάλπιγγα
1687 4116 1942 4165 veritatem
1965 4129 2062 4165 non

514 4188 838 4251 praestiterim.
870 4188 958 4235 Est
980 4185 1032 4233 in
1056 4184 1267 4247 margine
1307 4183 1568 4247 apographi
1604 4189 1713 4235 Par.
1740 4185 1891 4236 literis
1917 4200 2058 4250 gran-

516 4259 735 4309 dioribus
776 4258 1012 4321 scriptum
1054 4259 1423 4318 ΣΑΛΙΙΙΓΓΕΣ,
1448 4256 1583 4319 quod
1620 4257 1783 4306 nescio
1810 4271 1869 4306 an
1910 4257 1974 4307 ad
2003 4259 2064 4306 τὰ

514 4331 695 4378 τεθέντα
718 4327 1025 4378 referendum
1045 4325 1125 4376 sit.
1148 4345 1173 4368 υ
1194 4329 1255 4377 B.
1270 4351 1333 4362 —
1351 4325 1512 4376 Codex
1535 4331 1691 4382 σῶιζε.
1716 4346 1738 4368 ‘¹
1760 4329 1943 4389 Τριτοῖ,
1963 4326 1997 4375 ἰ.
2013 4341 2060 4376 e.

516 4399 675 4448 Pallas
691 4437 704 4458 ,
726 4411 837 4460 quae
865 4397 983 4447 alias
1009 4399 1225 4459 Τριτωνίς
1238 4435 1253 4458 ,
1272 4397 1525 4460 Τριτωνία,
1544 4401 1828 4462 Τριτογενὴς.
1845 4397 2064 4450 Nominis

516 4469 647 4531 origo
664 4469 803 4530 τρι-τώ
817 4504 830 4528 ,
848 4467 981 4530 quod
996 4468 1151 4518 veteri
1170 4467 1332 4532 lingua
1346 4471 1504 4532 Caput
1522 4469 1771 4533 significat.
1791 4489 1815 4513 n
1832 4470 2060 4521 Brunclc.

517 4538 611 4596 Qui
638 4537 825 4588 addidit
847 4555 912 4588 τε.

578 4679 761 4727 ΓΧΟἿ.
796 4679 995 4728 Lemma
1023 4697 1037 4726 ι
1070 4679 1285 4739 ἀνάθημα
1309 4683 1367 4740 τῇ
1389 4679 1551 4741 Ἀθηνᾷ
1588 4679 1713 4741 παρὰ
1749 4679 2060 4732 Παλλαναίου.

521 4768 545 4790 κ
572 4751 867 4810 Expoessum
910 4751 988 4798 est
1030 4749 1229 4810 Tymnis
1267 4748 1636 4812 epigrammate,
1670 4762 1817 4811 supra
1854 4763 1904 4798 ιι.
1957 4755 2060 4800 151.

518 4821 673 4868 Ηοιιιο
692 4817 775 4867 hic
795 4821 1110 4880 Παλλαναῖος,
1132 4818 1221 4868 sed
1238 4821 1512 4875 Πελλανιιῖος
1530 4831 1609 4881 ap.
1631 4821 1865 4879 Tymnem
1888 4818 1993 4880 (ubi
2009 4832 2058 4869 γ.

518 4889 580 4938 ad
602 4903 653 4937 v.
686 4890 954 4950 t).‚Utrum
997 4903 1060 4938 ex
1100 4888 1253 4938 altero
1291 4888 1645 4938 emendandum
1686 4887 1779 4948 sit,
1811 4887 1943 4939 dicat
1978 4889 2062 4951 qui

516 4960 727 5008 Miecum
751 4957 883 5007 hunc
909 4958 1103 5008 aliunde
1131 4958 1222 5007 sibi
1246 4960 1415 5008 notum
1446 4957 1671 5020 sciverit,
1700 4959 1842 5020 cujus
1883 4957 2030 5008 fuerit
2046 4995 2059 5018 ‚

518 5029 650 5092 quod
666 5043 755 5093 ego
772 5042 973 5092 prorsus
994 5029 1176 5092 ignoro.
1200 5031 1421 5091 Utroque
1442 5028 1493 5077 in
1513 5029 1621 5079 loco
1636 5030 1928 5085 Παλλαναῖος
1950 5029 2065 5078 scri·

516 5099 731 5150 bendum
742 5103 879 5151 esset
892 5137 907 5162 ,
929 5100 971 5150 si
991 5098 1055 5150 de
1078 5094 1339 5164 gentilibus
1356 5099 1631 5151 nominibus
1650 5113 1766 5150 vera
1782 5098 2064 5151 tradidisset
2099 5127 2106 5160 ς

1626 308 2132 374 ANTHOLOGIAE
2193 312 2235 371 P
2247 310 2594 373 ALATINAE

2155 441 2429 506 stephanus
2469 443 2521 494 in
2565 444 2803 506 Πελλήνη,
2849 456 2997 507 quem
3045 438 3288 508 redarguit
3335 438 3663 495 nolstenius.
3711 456 3738 482 ι·

2157 511 2382 561 Brunck.
2400 540 2464 549 —
2481 519 2509 562 2
2529 513 2822 575 ἁριόρεμὲταν
2839 513 2982 573 cod„
3001 514 3304 577 superposito
3316 514 3381 575 ὲρι
3395 554 3408 574 ,
3429 518 3480 563 et
3507 514 3740 571 σμικρὸν

2155 593 2244 644 pro
2262 582 2422 642 μὶκκος
2439 620 2452 639 ,
2473 582 2607 645 quod
2625 582 2724 643 jam
2750 582 2798 632 in
2823 583 3107 647 apographis
3125 598 3180 633 ex
3201 586 3384 646 'l'ymne
3415 584 3737 647 repositum.

2158 676 2216 685 —
2233 655 2261 699 3
2281 650 2354 709 αἱ,
2375 651 2409 699 i.
2429 665 2473 701 e.
2498 653 2529 715 ᾇ
2554 668 2668 701 ποτε
2689 652 2854 702 Codex
2867 689 2882 711 ,
2903 653 3087 702 scilicet
3111 655 3328 713 σάλπιγγι
3353 666 3466 715 quse
3485 650 3742 711 intelligi-

2157 722 2271 769 tur:
2293 724 2350 770 ut
2384 722 2570 771 nescias
2600 724 2818 784 poetaene
2848 723 2941 771 hoc
2978 724 3040 772 sit
3071 737 3132 772 au
3163 722 3367 782 librarii;
3387 734 3576 771 omnes
3611 734 3739 768 curn

2155 790 2393 839 Brunckio
2420 791 2475 853 ᾧ.
2505 816 2564 827 -
2581 794 2611 839 4
2638 791 2848 854 εὐνομίης
2873 790 2993 840 Cod.
3021 793 3093 841 De
3133 804 3186 840 re
3225 791 3352 840 conf.
3389 794 3494 840 not.
3535 788 3618 838 ad
3653 802 3740 850 ep.

2164 864 2267 922 151,
2294 864 2340 910 4.

2217 1000 2428 1050 CXCVI.
2473 1003 2670 1051 Lemma
2707 1021 2719 1050 ι
2757 1002 2970 1063 ἀνάθημα
3007 1006 3074 1063 τῷ
3114 1000 3234 1049 Πανὶ
3273 1000 3400 1061 παρὰ
3437 997 3737 1049 Korada-ou.

2155 1069 2388 1128 ἰαμὸικόν.
2419 1089 2442 1112 α
2478 1071 2696 1121 Piscator
2723 1070 2841 1121 Pani
2870 1083 3110 1134 pagurum
3135 1069 3340 1119 dedicat.
3363 1072 3432 1118 De
3466 1068 3576 1117 hoc
3617 1082 3741 1116 ean-

2157 1151 2348 1188 crorum
2365 1152 2538 1202 genere
2551 1179 2564 1201 ,
2579 1141 2714 1203 quod
2729 1144 2952 1190 nostrum
2963 1141 3254 1204 epigramma
3265 1139 3388 1188 bene
3401 1138 3740 1200 descriptum

2155 1207 2290 1259 dedit
2306 1248 2319 1270 ,
2351 1210 2593 1273 hodieque
2620 1213 2668 1261 in
2698 1212 2885 1261 Gra-,cia
2913 1210 3084 1261 eodem
3110 1210 3349 1260 vocabulo
3375 1210 3702 1274 appellatum
3719 1246 3734 1269 ‚

2153 1279 2265 1329 vide
2289 1281 2459 1330 AElian.
2477 1284 2534 1331 N.
2552 1286 2608 1331 Α.
2626 1284 2712 1342 vl,
2732 1283 2914 1343 3¹31X,
2929 1286 3006 1342 43,
3025 1282 3226 1344 Oppiau.
3244 1280 3348 1329 Hal.
3370 1283 3410 1340 l,
3431 1287 3526 1330 28⁵
3549 1293 3734 1341 seqq„

2154 1352 2204 1398 et
2225 1350 2492 1412 praesertim
2513 1350 2723 1400 Herbstii
2753 1350 2933 1399 librum
2959 1350 3120 1399 Turici
3147 1350 3363 1400 editum:
3393 1352 3504 1398 Von
3533 1350 3734 1397 Krab-

2155 1417 2252 1466 ben
2279 1418 2388 1467 und
2411 1419 2650 1469 Krebsen.
2678 1445 2741 1455 —
2769 1426 2810 1469 1.
2837 1420 3190 1479 Ῥαιὸοσιιελὴς,
3209 1418 3242 1467 i.
3265 1432 3310 1467 e.
3339 1422 3366 1467 ὁ
3387 1420 3632 1479 καμπύλα
3663 1420 3732 1471 εἰς

2151 1489 2206 1536 τὸ
2231 1488 2357 1537 ἔνδον
2381 1491 2438 1537 τὰ
2462 1492 2603 1547 σκέλη
2627 1488 2766 1551 ἔχων,
2789 1488 3057 1537 secundum
3086 1488 3266 1537 Polluc.
3304 1489 3366 1545 11,
3406 1494 3513 1537 192.
3543 1508 3572 1529 n
3595 1490 3726 1536 Joc.

2153 1558 2353 1621 Δίχηλον
2371 1560 2524 1618 Plan.;
2541 1562 2726 1623 διχαλὰ-ι
2746 1573 2910 1622 apogr.
2930 1559 3100 1620 Paris,
3117 1558 3249 1620 quod
3271 1559 3373 1607 sine
3405 1562 3628 1607 accentu
3661 1570 3685 1603 τ
3699 1558 3735 1604 i·

2152 1628 2297 1679 detur
2309 1644 2416 1681 esse
2428 1630 2475 1679 in
2492 1630 2682 1681 codice.
2703 1631 3010 1693 Ἀμμοδυότης
3025 1633 3209 1690 autem,
3228 1650 3251 1671 «ι
3277 1628 3514 1678 mirabilis
3531 1630 3726 1685 foruna,

2155 1702 2296 1763 cujus
2321 1700 2526 1750 similem
2541 1700 2649 1761 jure
2669 1703 2812 1763 negat
2827 1698 3083 1749 Jacobsius
3109 1700 3224 1748 alibi
3249 1699 3496 1748 inventam
3514 1737 3527 1754 ,
3547 1711 3730 1759 neque

2151 1770 2400 1822 invenerat
2427 1772 2691 1821 Lobeckius
2711 1769 2896 1821 Pathol.
2923 1771 3062 1820 elem.
3082 1770 3178 1819 vol.
3201 1771 3240 1831 l,
3261 1783 3311 1832 p.
3329 1773 3434 1820 472.
3461 1770 3727 1818 vitiosam

2151 1844 2283 1891 recte
2299 1846 2470 1906 putare
2489 1842 2680 1893 videtur
2695 1841 2960 1891 Meinekius
2982 1856 3028 1903 p.
3062 1848 3168 1899 222,
3193 1854 3348 1902 quum
3377 1844 3512 1889 certe
3549 1841 3724 1902 ἀμμο-

2151 1912 2308 1967 δυέτης
2326 1914 2573 1975 exspectes
2593 1912 2756 1975 potius
2772 1949 2785 1970 ,
2806 1911 2988 1960 inserto
3017 1926 3039 1959 ε
3061 1909 3122 1959 ad
3152 1909 3418 1972 analogiam
3445 1910 3726 1957 nominum

2150 1981 2202 2031 in
2227 1984 2358 2042 ἑτης,
2383 1984 2458 2032 vel
2487 1983 2571 2031 ubi
2607 1980 2886 2045 praecedens
2923 1979 3106 2043 syllaba
3131 1980 3404 2042 corripitur,
3433 1978 3485 2027 in
3521 1982 3666 2037 ἠτης.
3698 2002 3724 2020 n

2151 2055 2212 2104 L.
2257 2053 2502 2118 Dindorf.
2549 2054 2600 2104 in
2643 2054 2788 2103 Thes.
2839 2052 3106 2102 Meinekius
3147 2054 3304 2100 tentat
3338 2050 3722 2113 ἁμμοδυσόπκυ,

2151 2136 2325 2173 arenae
2350 2125 2578 2175 latebras
2598 2124 2916 2173 subeuntem.
2937 2120 3083 2169 Addit
3105 2119 3372 2171 Lobecliius
3402 2141 3415 2170 :
3439 2141 3464 2163 ιι
3491 2120 3544 2169 Si
3567 2126 3726 2183 poeta

2151 2194 2446 2257 ἀμμοδύτορα
2473 2192 2769 2257 scripsisset,
2795 2196 2852 2241 ut
2871 2191 3245 2254 ἀμπελοφὺτορα,
3265 2204 3407 2240 nemo
3428 2189 3720 2253 quidquam

2151 2263 2428 2327 ambigeret.
2453 2284 2476 2307 ν
2496 2292 2559 2301 -
2575 2271 2603 2313 2
2631 2262 2982 2325 ὸπισθοὸάμονα
3017 2264 3242 2325 τραχηλὸν
3279 2259 3422 2321 Cod.3
3447 2262 3724 2310 ὁπισθοὸά-

2152 2350 2269 2395 μονα
2283 2370 2297 2393 ,
2310 2336 2524 2397 τρίχηλον
2543 2334 2798 2384 Suidas.—
2816 2337 2845 2382 3
2864 2334 3035 2388 νήκταν
3049 2331 3382 2392 τερεμνὸνωτον
3401 2332 3718 2387 Meinekiu53

2150 2404 2319 2462 νηκτάν
2332 2404 2373 2452 τ’
2391 2404 2700 2467 ἐρυμνὸνωτον
2720 2402 2880 2451 ‘'ode-x
2897 2404 2948 2450 et
2967 2402 3100 2452 Plan.
3125 2401 3298 2451 Suidas
3317 2402 3366 2451 in
3389 2415 3512 2451 voce
3531 2402 3722 2459 νηιτάν

2147 2473 2343 2524 desinit.
2376 2473 2648 2537 Hesychius
2681 2494 2693 2522 ι
2715 2476 2939 2535 Τὲρεμνος
2957 2487 2969 2499 ·
2995 2474 3212 2535 ἰσχυρὸς,
3235 2474 3266 2533 ἡ
3293 2474 3561 2537 στέρεμνος.
3589 2473 3722 2522 Ede-

2151 2542 2298 2593 batur
2315 2546 2503 2607 νηκτάν,
2527 2544 2859 2607 ἑρυμνὸνωτον.

2211 2677 2444 2726 cxcvn.
2478 2680 2678 2727 Lemma
2699 2698 2710 2727 ι
2731 2678 2946 2739 ἀνάθημα
2961 2684 3029 2741 τῷ
3048 2679 3292 2729 Ἀπόλλωνι
3315 2681 3374 2735 εἰς
3395 2681 3688 2730 Παυσανίου
3702 2718 3718 2735 .

2153 2766 2178 2789 «ι
2211 2747 2307 2810 sic,
2330 2746 2464 2809 quod
2490 2762 2546 2797 ex
2587 2748 2737 2797 altero
2763 2749 2988 2799 lemmate
3026 2749 3232 2812 irrepsit.
3271 2770 3294 2793 υ
3325 2750 3534 2800 Pau-iss.
3569 2755 3634 2799 Et
3669 2752 3718 2799 in

2149 2832 2299 2882 marg.
2331 2839 2342 2867 :
2373 2821 2625 2882 Σιμωνίδου
2652 2821 2714 2876 εῑς
2739 2820 3023 2869 Παυσανίαν.
3044 2820 3202 2870 Habet
3220 2820 3366 2870 etiam
3388 2820 3718 2883 Thucydides

2150 2891 2190 2951 1,
2226 2895 2309 2939 132
2341 2911 2353 2938 :
2377 2893 2456 2938 καὶ
2483 2890 2553 2938 ὅτι
2581 2891 2626 2945 (ὀ
2652 2892 2940 2950 Παυσανίας)
2963 2891 3038 2939 ἐπὶ
3069 2893 3148 2939 τὸν
3175 2892 3368 2954 τρίποδα
3397 2894 3515 2939 ποτὲ
3550 2893 3637 2940 τὸν
3667 2893 3717 2938 ἐν

2151 2962 2339 3022 Δελφοῖς
2352 2996 2366 3019 ,
2396 2961 2446 3008 ὃν
2465 2961 2684 3008 ἀνέθεσαν
2707 2964 2749 3009 οἱ
2770 2961 2981 3019 Ἕλληνες
3002 2963 3094 3010 ἀπὸ
3116 2965 3209 3010 τῶν
3230 2962 3401 3018 Μήδων
3423 2961 3716 3022 ἀκροθίνιον,

2149 3033 2343 3089 ἠξίωσεν
2361 3030 2702 3093 ἐπιγράψασθαι
2719 3031 2854 3086 αὐτὸς
2871 3031 2965 3092 ἰδίᾳ
2979 3032 3031 3079 τὸ
3051 3032 3246 3092 ἐλεγεῖον
3260 3031 3381 3081 τόδε·
3399 3033 3460 3079 ‘E
3473 3033 3502 3078 λ
3513 3033 3582 3088 λή
3598 3048 3716 3077 νων

2149 3102 2246 3150 κτλ.
2272 3099 2527 3149 Simonidis
2546 3113 2654 3149 esse
2680 3100 2972 3162 epigramma
2995 3097 3174 3148 diserte
3199 3102 3410 3149 testatur
3437 3099 3718 3148 Pausanias

2153 3171 2240 3230 111,
2262 3176 2306 3227 8.
2330 3171 2358 3234 §
2383 3177 2411 3220 2
2447 3191 2460 3219 ε
2492 3172 2562 3219 ὅτι
2593 3171 2679 3231 γὰρ
2707 3171 2770 3232 μή
2789 3175 2846 3232 τῇ
2877 3170 3083 3232 Κυνίσκα
3111 3171 3164 3219 τὸ
3191 3170 3456 3232 ἐπίγραμμα
3486 3172 3714 3228 ἐποίησεν

2149 3241 2272 3296 ὅστις
2301 3243 2358 3298 δὴ
2377 3242 2454 3289 καὶ
2475 3243 2542 3288 ἔτι
2559 3241 2776 3303 πρότερον
2803 3241 3051 3302 Παυσανίᾳ
3074 3241 3130 3288 τὸ
3155 3241 3228 3288 ἐπὶ
3251 3247 3318 3303 τῷ
3341 3241 3526 3304 τρίποδι
3557 3245 3714 3301 Σιμω·

2148 3311 2270 3368 νίδης
2301 3317 2370 3375 τῷ
2414 3313 2670 3360 ἀνατεθέντι
2716 3313 2759 3366 ἐς
2802 3312 3031 3373 Δελφούς,
3053 3312 3164 3360 ἄλλο
3202 3312 3254 3360 δέ
3287 3327 3340 3372 γε
3381 3312 3509 3374 παρὰ
3545 3314 3714 3370 ἀνδρὸς

2147 3387 2358 3441 ποιητοῦ,
2372 3381 2748 3442 Λακεδαιμονίων
2762 3387 2854 3436 τοῖς
2871 3381 3136 3442 βασιλεῦσιν
3149 3382 3277 3430 οὐδέν
3295 3382 3417 3430 ἐστιν
3433 3384 3476 3438 ἐς
3498 3383 3709 3443 μνήμην.

2149 3452 2391 3500 Praeterea
2407 3451 2580 3514 legitur
2593 3463 2673 3514 ap.
2693 3449 2940 3500 Demosth.
2963 3452 3017 3498 G.
3047 3451 3199 3499 Neaer.
3221 3464 3268 3514 p.
3295 3454 3429 3510 1378,
3453 3451 3709 3501 Plutarch.

2148 3522 2221 3570 De
2235 3519 2428 3584 malign.
2445 3520 2607 3569 Herod
2646 3534 2692 3583 p.
2714 3524 2822 3578 873,
2839 3521 2896 3578 C,
2918 3521 2968 3568 et
2985 3520 3129 3569 latine
3151 3519 3280 3583 apud
3297 3522 3442 3569 Corn.
3463 3523 3713 3584 Nepotem

2150 3593 2295 3640 Paus.
2320 3604 2364 3639 c.
2393 3596 2433 3640 1.
2459 3617 2522 3626 -
2548 3595 2564 3639 1
2589 3594 2638 3640 et
2663 3597 2690 3639 2
2719 3591 2792 3639 sic
2816 3589 2958 3648 Cede,
2989 3590 3136 3640 ceteri
3159 3593 3305 3640 ὤλεσε
3325 3595 3375 3640 et
3397 3592 3596 3650 ἀνέθηκε
3615 3629 3631 3652 ,
3659 3594 3712 3641 et

2149 3660 2318 3710 ionicis
2340 3659 2440 3710 sere
2458 3660 2803 3710 vocabulorum
2824 3661 3006 3709 formis.

2210 3803 2469 3851 CXCVIII.
2503 3802 2701 3849 Lemma
2738 3821 2750 3848 :
2788 3801 3002 3863 ἀνάθημα
3019 3806 3087 3864 τῷ
3107 3800 3354 3852 Ἀπόλλωνι
3373 3801 3501 3865 παρὰ
3535 3804 3709 3852 Λύκω-

2148 3889 2238 3928 νος.
2264 3875 2319 3922 ln
2354 3872 2487 3919 Plan.
2516 3871 2676 3933 priora
2709 3869 2854 3919 modo
2878 3869 3086 3919 disticha
3111 3869 3213 3919 duo
3238 3871 3464 3937 leguntur
3491 3871 3599 3920 sine
3626 3888 3707 3922 au—

2147 3941 2298 3991 ctoris
2319 3940 2528 3989 nomine.
2545 3966 2606 3975 —
2629 3945 2669 3988 1.
2709 3959 2730 3981 α
2763 3941 2886 3988 Hinc
2923 3939 3098 3988 suidas
3135 3961 3147 3988 :
3177 3940 3358 4001 ἴουλος,
3385 3943 3438 3988 τὸ
3468 3941 3708 4004 ἐξάνθημα

2148 4015 2202 4062 τὸ
2219 4015 2293 4062 ἐπὶ
2317 4019 2409 4062 τῶν
2431 4012 2636 4072 γενείων.
2661 4032 2684 4054 υ
2711 4013 2764 4061 B.
2793 4014 2896 4061 Jac.
2921 4012 3126 4061 contulit
3147 4010 3392 4060 homerica
3415 4012 3599 4072 odyss.
3631 4019 3704 4070 Α,

2149 4090 2256 4146 319,
2281 4083 2344 4133 de
2367 4083 2500 4132 Aloei
2522 4083 2656 4142 tiliis,
2682 4081 2766 4145 qui
2791 4082 3038 4144 ferierunt
3060 4082 3165 4144 πρίν
3183 4089 3331 4144 σφωϊν
3349 4083 3442 4130 ὑπὸ
3459 4085 3708 4146 κροτάφοι-

2149 4173 2223 4204 σιν
2254 4156 2493 4210 ίούλους
2521 4154 2813 4211 ἀνθῆσαι,
2842 4154 3049 4202 πυκάσαι
3075 4169 3126 4200 τε
3161 4153 3296 4214 γένυς
3321 4153 3496 4201 εὐανθεῖ
3529 4153 3704 4214 λάχη.

2148 4252 2210 4262 -
2229 4225 2460 4288 2ἄρσενας
2481 4224 2676 4283 ἀγλαΐας
2703 4222 2952 4272 Heckerus
2965 4224 3004 4282 1,
3025 4236 3072 4285 p.
3096 4225 3200 4281 137,
3221 4221 3470 4270 verissime
3485 4260 3498 4280 ,
3525 4223 3708 4272 collato

2151 4294 2472 4359 Euphorionis
2487 4296 2632 4357 epigr.
2652 4294 2774 4342 infra
2789 4297 2897 4353 279,
2913 4291 2998 4342 ubi
3011 4298 3190 4354 πρῶται
3205 4291 3368 4354 ἔθειραι
3381 4295 3498 4341 sunt
3511 4295 3704 4349 παιδείη

2150 4364 2338 4426 ἀγλαΐη.
2360 4363 2630 4426 Legebatur
2648 4363 2842 4425 ἄρσενας
2861 4361 3074 4423 ἀγγελίας
3087 4396 3101 4419 ,
3127 4359 3260 4422 apud
3281 4358 3481 4409 Suidam
3508 4363 3704 4422 ἄρσενος

2149 4436 2377 4496 ἀγγελίας.
2399 4459 2462 4470 -
2484 4439 2528 4482 3.
2555 4454 2578 4475 «ι
2601 4435 2690 4482 Hic
2717 4432 3049 4495 Apollonidam
3067 4431 3307 4480 invenisse
3325 4435 3508 4494 πρῶτον
3531 4432 3590 4480 θε·
3605 4450 3634 4496 ρ
3647 4449 3706 4489 ος

2150 4505 2411 4568 suspiceris
2437 4517 2498 4554 ex
2521 4503 2626 4565 ejus
2645 4503 2911 4554 imitatione
2938 4505 2999 4565 X,
3026 4516 3100 4566 ep.
3135 4507 3191 4551 19
3223 4521 3236 4550 =

2271 4629 2358 4687 ἡδὺ
2383 4627 2651 4690 παρηῑοὶδων
2677 4632 2858 4688 πρῶτον
2887 4627 3008 4688 θέρος
3036 4625 3178 4686 ἤματι
3212 4623 3363 4685 τούτῳ

2339 4699 2489 4761 κείρεο
2517 4698 2597 4747 καὶ
2623 4698 2799 4759 γενύων
2816 4698 2994 4755 ἠϊθέους
3015 4697 3184 4751 ἕλικας.
3209 4713 3234 4737 n

2149 4823 2265 4871 Jac.
2291 4845 2350 4854 —-
2376 4825 2424 4877 5,
2444 4827 2491 4868 6.
2514 4838 2538 4861 «ε
2575 4817 2810 4868 Ultimum
2833 4815 3100 4875 distichon,
3119 4813 3255 4877 quod
3279 4814 3356 4862 est
3384 4809 3586 4861 difficile
3601 4851 3616 4872 ,
3645 4812 3700 4862 li·

2148 4888 2312 4939 bertus
2335 4888 2483 4938 vertit
2513 4888 2724 4937 Grotius.
2743 4887 2969 4937 Refertur
2984 4885 3112 4942 τοίην
3130 4884 3192 4934 ad
3210 4884 3389 4941 πολιήν,
3416 4885 3468 4931 et
3493 4884 3568 4930 est
3585 4885 3700 4930 vion

2149 4962 2259 5010 Bt...
2277 4958 2532 5022 explicatio
2549 4964 2631 5008 τοῦ
2660 4959 2789 5016 τοίην
2811 4978 2822 5007 =
2848 4957 3010 5007 talem
3039 4968 3164 5006 vero
3195 4953 3268 5004 da
3297 4955 3582 5010 senectam,
3612 4953 3700 5014 sa·

2150 5033 2350 5094 citoque
2397 5041 2549 5088 eunt,
2590 5029 2652 5078 ut
2694 5030 2858 5077 antea
2904 5025 3064 5075 talem
3119 5021 3321 5087 fecisti,
3361 5027 3437 5072 sic
3477 5025 3699 5084 postea,

2149 5099 2357 5164 quando
2399 5102 2638 5149 venerint
2677 5100 2839 5162 capiti
2879 5099 3041 5146 nives.
3075 5098 3144 5146 De
3181 5095 3420 5157 νιφόμενον
3469 5093 3601 5142 conf.
3637 5091 3699 5140 ad
