3829 5747
857 195 1103 255 CAPUT
1149 198 1296 257 vul.
1339 197 1890 261 EPIGRAMMATA
1932 168 2293 267 GREGORU'
2329 206 2721 273 THEOLOGI.

284 329 464 402 ἔτλην
491 324 762 407 Γρηγόριος
778 370 796 399 ,
826 328 883 385 οὗ
913 325 1068 407 μέγα·
1089 329 1269 400 θνητὸς
1290 328 1404 401 ἔην.

749 467 822 514 14.
853 466 934 521 Εἰς
959 466 1038 514 τὸν
1063 465 1220 516 αὐτόν.

195 585 276 646 Εἴ
301 610 400 652 τις
421 586 558 665 ὅρους
579 581 896 665 καθύπερθεν
920 584 1077 663 ἇγνῆς
1103 585 1227 653 ὀπὸς
1249 586 1436 645 ἔπλετο
1459 586 1658 663 μύστης

285 677 530 749 Μωσῆς,
555 671 646 731 καὶ
680 671 912 749 μεγάλου
941 675 987 733 Γ
990 672 1250 753 ρηγορίοιο
1273 672 1411 746 νόος,

197 762 261 819 ὅν
293 784 434 821 ποτε
457 760 626 833 τηλόθ’
663 757 812 818 ἐόντα
837 758 994 839 χάρις
1021 759 1186 838 μέγαν
1221 763 1477 841 ἀρχιερῆα

288 848 513 921 θήκατο·
541 851 632 905 νῦν
660 847 704 905 δ’
726 848 870 927 ἱερῆς
892 844 1042 925 ἐγγὺς
1062 846 1172 926 ἔχει
1197 848 1439 927 Τριάδος.

740 988 814 1034 15.
843 984 926 1039 Εἰς
943 984 1022 1032 τὸν
1044 982 1205 1034 αὐτόν.

201 1104 388 1171 Αὐτὸς
404 1102 520 1175 νηὸν
546 1102 708 1183 ἔρεψα
737 1105 868 1182 θεῷ,
899 1101 991 1161 καὶ
1017 1103 1147 1181 δῶχ’
1174 1105 1328 1181 ἱερῆα

293 1190 579 1271 Γρηγόριον
608 1194 810 1271 καθαρῇ
833 1190 1170 1267 λαμπόμενον
1196 1190 1385 1271 Τριάδι
1404 1235 1421 1266 ,

203 1280 430 1355 ἄγγελον
458 1276 696 1359 ἀτρεκίης
722 1276 938 1355 έριηχέα
960 1322 976 1352 ,
1007 1276 1232 1351 ποιμένα
1264 1280 1405 1338 λαῶν
1423 1324 1439 1352 ,

289 1366 460 1437 ἠΐθεον
487 1362 668 1446 σοφίης
691 1364 990 1446 ἀμφοτέρῃς
1014 1365 1291 1449 πρύτανιν.

735 1504 810 1551 lo.
836 1502 918 1557 Εἰς
939 1502 1018 1551 τὸν
1047 1502 1206 1551 αὐτόν.

201 1626 408 1687 Τέκνον
436 1625 593 1704 ἐμὸν,
616 1626 685 1684 τὰ
705 1625 800 1703 μὲν
830 1627 966 1685 ἄλλα
995 1626 1189 1709 πατρὸς
1216 1625 1307 1685 καὶ
1331 1626 1570 1709 φέρτερος
1591 1627 1730 1700 εἴης,

283 1715 384 1786 τὴν
410 1714 454 1773 δ’
483 1712 903 1821 ἄγανοφροσύνην
926 1714 1064 1782 ἄξιος
1091 1712 1182 1793 (οὗ
1204 1738 1255 1774 τι
1275 1714 1434 1774 πλέον
1507 1738 1517 1743 ·

202 1801 454 1869 εὔξασθαι
480 1799 624 1877 θέμις
643 1798 836 1911 lez-0·
833 1798 924 1859 καὶ
949 1804 1000 1867 ἐς
1025 1798 1158 1881 βαθὺ
1183 1823 1347 1879 γηρας
1373 1798 1538 1871 ἵκοιο,

283 1886 422 1947 τοίου
449 1876 836 1965 κηδεμόνος,”
796 1912 842 1946 ω
864 1887 1064 1967 μάκαρ,
1090 1886 1358 1953 ἀντιάσας.

747 2031 820 2077 17.
849 2030 934 2085 Εἰς
956 2028 1037 2078 τὸν
1059 2027 1216 2077 αὐτόν.

199 2154 320 2212 Οὐκ
342 2150 395 2210 ό·
377 2174 456 2225 ς
478 2141 571 2211 εἶτ’
597 2148 718 2211 ὀΐων
745 2151 1172 2233 προφερέστατος·
1195 2150 1360 2231 αὐτὰρ
1389 2150 1569 2211 ἔπειτα

281 2239 517 2316 ποιμὴν,
545 2228 658 2299 εἶτα
679 2238 855 2319 πατὴρ
871 2284 889 2317 ,
918 2239 1009 2298 καὶ
1034 2238 1234 2316 νομέων
1253 2237 1472 2316 νομέας,

197 2324 414 2397 θνητοὺς
440 2325 692 2386 ἀθάνατόν
721 2348 776 2385 τε
799 2325 914 2385 θεὸν
943 2326 1106 2405 μέγαν
1135 2329 1206 2393 εἰς
1233 2326 1340 2385 ἕν’
1311 2327 1552 2405 αγείρων,

279 2424 462 2491 κεῖμαι
487 2416 532 2475 l
534 2413 773 2494 ρηγόριος
795 2413 1084 2493 Γρηγορίου
1112 2414 1340 2492 γενέτης.

197 2501 448 2576 'mcum
477 2502 741 2581 εὐγήρως,
767 2500 948 2569 εὔπαις
969 2502 1152 2580 θάνον,
1179 2503 1452 2582 ἀρχιερῆος

277 2589 549 2669 ἀρχιερεύς
569 2611 628 2649 τε
654 2587 853 2668 πατὴρ,
878 2589 1178 2671 Γρηγόριος·
1200 2590 1248 2647 τί
1273 2588 1458 2661 πλέως

759 2725 834 2772 is.
856 2723 936 2778 Εἰς
960 2723 1038 2771 τὸν
1061 2722 1217 2772 αὐτόν.

198 2852 338 2914 Οὗτι
369 2852 462 2931 μὲν
487 2854 538 2918 ἐς
566 2852 902 2933 πολύκαρπον
931 2850 1106 2923 ἀλωὴν
1131 2849 1329 2932 ὄρθριος
1349 2842 1525 2924 ἦλθον,

275 2940 426 3017 ἔμπα
452 2941 508 3000 δὲ
531 2942 636 2998 τῶν
666 2937 932 3018 προτέρων
959 2939 1173 2998 πλείονα
1203 2937 1382 3015 μισθὸν
1406 2937 1514 3018 ἔχω

199 3027 513 3110 Γρηγόριος,
537 3025 736 3105 ποιμήν
763 3047 820 3085 τε
842 3026 999 3092 καλὸς
1025 3026 1116 3086 καὶ
1137 3026 1352 3086 πλείονα
1379 3025 1607 3104 ποίμνην
1632 3037 1652 3094 ζ·

279 3119 500 3196 Χριστῷ
524 3112 820 3196 ἀναθρέψας
844 3111 991 3184 ἤθεσι
1016 3113 1304 3192 μειλιχίοις.

746 3255 821 3301 19.
859 3254 938 3310 Εἰς
959 3252 1038 3302 τὸν
1061 3250 1216 3301 αὐτόν.

200 3374 328 3451 Οὗχ
351 3371 494 3444 ὁσίης
522 3370 666 3454 ῥίζης
683 3370 776 3448 μὲν
797 3371 900 3450 ἐγὼ
922 3372 1106 3450 θάλος,
1134 3369 1340 3448 εὗαγέος
1367 3372 1421 3430 δὲ

283 3460 522 3541 συζυγίης
543 3458 746 3540 κεφαλὴ
765 3459 855 3520 καὶ
876 3461 1066 3520 τεκέων
1093 3459 1316 3539 τριάδος·

209 3547 432 3620 ποίμνης
459 3547 787 3626 ἡγεμόνευε-α
815 3546 1113 3627 ὁμόφρονος·
1148 3545 1285 3604 ἔνθεν
1309 3547 1538 3616 ἀπῆλθον

282 3634 484 3713 πλήρης
510 3634 601 3716 καὶ
625 3634 844 3713 χθονίων
863 3631 1148 3713 κούρανίων
1179 3631 1353 3690 ἐτέων.

744 3773 827 3819 20.
857 3768 938 3824 Et<
954 3768 1034 3816 τὸν
1051 3765 1209 3814 αὐτόν.

221 3896 525 3978 .”“ς.ἰιγόριος,
551 3895 612 3955 τὸ
633 3895 688 3956 δὲ
721 3901 926 3973 θαῦμα,
952 3895 1105 3976 χάριν
1125 3895 1215 3954 καὶ
1247 3894 1536 3970 πνεύματος
1565 3895 1748 3972 αἴγλην

295 3985 426 4042 ἔιθεν
455 3982 752 4063 ἀειρόμενος
780 3982 885 4064 ρίψ’
906 3982 994 4041 ἐπὶ
1021 3981 1169 4041 παιδὶ
1197 3982 1354 4060 φίλῳ.

743 4119 820 4166 21.
846 4117 926 4172 Εἰς
950 4114 1030 4164 τὸν
1048 4114 1206 4164 αὐτόν.

213 4233 382 4306 Τυτθὴ
412 4234 681 4314 μάργαρος
704 4231 870 4306 ἐστὶν,
903 4232 1035 4313 ἀτὰρ
1057 4231 1353 4291 λιθάκεσσιν
1384 4230 1627 4304 ἀνάσσει,

286 4321 440 4393 woh
467 4321 560 4380 καὶ
587 4320 833 4398 Βηθλέμ,
857 4319 1002 4398 ἔμπα
1025 4320 1080 4380 δὲ
1097 4320 1453 4402 χριστοφόρος·

217 4411 285 4478 ὣς
312 4411 356 4468 δ’
381 4409 565 4488 ὀλίγην
591 4409 684 4487 μὲν
705 4408 810 4488 ἐγὼ
837 4409 1066 4485 ποίμνην
1089 4409 1275 4489 λάχον,
1305 4408 1440 4468 ἀλλὰ
1465 4408 1707 4489 φερίστην

288 4497 567 4577 Γρηγόριος
591 4541 610 4573 ‚
633 4497 729 4567 τὴν
749 4497 814 4556 σὺ
829 4541 849 4574 ,
879 4504 978 4556 παῖ
999 4496 1144 4578 φίλε,
1172 4496 1404 4573 λίσσομ’,
1428 4497 1587 4573 ἄγοις,

745 4644 820 4687 22.
853 4639 934 4693 Et<
951 4636 1032 4686 τὸν
1049 4637 1204 4686 αὐτόν.

225 4754 495 4832 Ποιμενίην
519 4755 736 4834 σύριγγα
764 4759 907 4823 τεαῖς
943 4757 996 4814 ἐν
1014 4755 1192 4835 χερσὶν
1211 4754 1372 4827 ἔθηκα

290 4844 581 4925 Γρηγόριος·
610 4843 675 4904 σὺ
702 4843 758 4904 δέ
785 4867 873 4921 μοι
900 4845 1074 4905 τέκνον
1107 4841 1461 4918 ἐπισταμένως

221 4931 492 5008 σημαίνειν·
515 4935 650 5002 ζωῆς
671 4931 725 4990 δὲ
754 4931 910 5012 θύρας
935 4932 1215 5000 πετάσειας
1250 4931 1442 4990 ἅπασιν
1460 4975 1476 5007 ‚

3272 219 3335 275 51
3350 220 3391 275 ·t

1916 342 2006 392 tuli
2024 345 2303 411 Gregorius,
2332 361 2427 397 non
2454 348 2632 399 mirum
2654 370 2668 397 ε
2698 350 2913 402 mortalis
2938 364 3083 401 eram.

2440 485 2504 527 u.
2535 486 2589 528 ln
2606 484 2815 531 eundem.

1849 585 1899 635 si
1926 589 2039 648 quis
2056 592 2220 641 monte
2250 604 2396 654 super
2417 606 2551 656 puroe
2570 595 2705 645 vocis
2722 596 2910 647 exstitit
2929 600 3090 659 mysia

1911 675 2122 738 Moyses,
2148 678 2292 733 etiam
2312 680 2471 744 magni
2484 683 2699 746 Gregorii
2722 696 2859 734 mens
2884 688 3082 737 exstuat
3098 724 3118 748 ,

1847 776 1995 826 quem
2019 768 2261 830 quondam
2278 772 2447 834 procul
2464 774 2672 823 stantem
2688 774 2839 837 gratia
2862 788 3091 839 magnum
3114 778 3394 841 pontificem
3483 810 3490 817 -

1907 853 2048 914 fecit3
2075 869 2205 905 nuno
2228 861 2392 908 autem
2414 863 2631 911 sanctam
2654 865 2847 925 propter
2864 862 2995 926 degit
3012 864 3307 917 Trinitatem.

2442 997 2507 1037 45.
2528 999 2579 1038 ln
2602 997 2811 1041 eundem.

1846 1110 1954 1170 lpse
1982 1110 2137 1161 aedem
2161 1112 2329 1162 ornavi
2351 1115 2452 1163 Deo
2465 1150 2479 1173 ,
2508 1116 2560 1164 et
2582 1113 2696 1164 dedi
2717 1116 3015 1167 saeerdotem

1906 1197 2188 1262 Gregorium
2204 1212 2339 1263 purae
2360 1200 2583 1251 inolitum
2605 1202 2825 1253 Trinitati
2838 1241 2851 1265 ,

1844 1283 2069 1335 nuntium
2093 1284 2311 1338 veritatis
2330 1287 2609 1350 altisonum,
2628 1292 2869 1352 pastorem
2894 1292 3082 1355 populi,

1897 1373 2127 1435 iuvenem
2147 1373 2377 1425 doctrinm
2402 1375 2656 1438 utriusque
2683 1377 2959 1441 principem.

2448 1518 2515 1560 ιδ.
2535 1522 2589 1563 ln
2606 1518 2815 1563 eundem.

1839 1639 1930 1690 Fili
1946 1640 2013 1690 mi
2026 1679 2039 1702 ,
2067 1644 2228 1691 cetera
2244 1643 2445 1705 quidem
2468 1649 2605 1708 patre
2627 1648 2775 1698 etiam
2794 1650 3097 1711 praestantior
3120 1651 3187 1700 sis
3206 1688 3219 1711 ‚

1901 1731 2267 1781 mansuetudine
2285 1736 2449 1784 autem
2468 1735 2560 1785 illo
2575 1736 2750 1800 dignus
2770 1739 2883 1800 (non
2899 1739 3157 1803 quiequam
3178 1739 3389 1806 amplius

1840 1818 2023 1880 precari
2049 1818 2123 1868 fas
2148 1819 2282 1883 est);
2302 1823 2354 1870 et
2386 1820 2447 1871 ad
2472 1824 2751 1885 provectam
2776 1826 3073 1874 senectutem
3100 1824 3351 1888 pervenias
3368 1862 3383 1886 ,

1901 1905 2047 1955 talem
2065 1906 2239 1956 ducem
2256 1944 2269 1968 ‚
2294 1921 2325 1956 o
2345 1907 2489 1957 beate
2506 1947 2519 1971 ,
2538 1910 2728 1959 nactus.

2420 2052 2484 2093 l7.
2517 2054 2567 2095 ln
2589 2052 2803 2096 eundem.

1841 2172 1946 2218 Non
1964 2169 2086 2231 ovis,
2106 2169 2279 2219 deinde
2302 2171 2469 2221 ovium
2491 2172 2673 2235 prima;
2694 2174 2805 2222 tum
2821 2175 2987 2235 postea

1901 2260 2081 2319 pastor,
2111 2256 2285 2307 deinde
2308 2260 2461 2321 pater,
2490 2261 2541 2309 et
2564 2260 2815 2323 pastorum
2832 2262 3023 2322 pastor,

1840 2344 2067 2393 mortales
2084 2344 2499 2406 immortalemque
2516 2347 2675 2395 Deum
2690 2357 2917 2409 magnum
2928 2344 3138 2395 inunum
3148 2346 3381 2408 admians,

1861 2457 1866 2465 -
1895 2432 2037 2494 jaceo
2062 2431 2319 2494 Gregorius
2332 2468 2346 2491 ‚
2372 2430 2587 2495 Gregorii
2600 2432 2802 2496 genitor.

1839 2518 1971 2568 Felix
1984 2556 1997 2579 ‚
2018 2518 2161 2568 bona·
2170 2521 2435 2581 senectute,
2454 2519 2593 2569 bonis
2630 2518 2975 2583 siliis-gaudens
2998 2521 3353 2570 mortuus-sum
3366 2558 3379 2579 ‚

1899 2606 2211 2669 pontifexque
2236 2608 2391 2670 pater,
2420 2607 2692 2674 Gregorius.
2722 2606 2854 2666 Quid
2872 2606 2999 2657 ultra
3016 2612 3038 2657 Ρ
3101 2608 3119 2671 [
3142 2606 3381 2671 pontilicis

2415 2744 2483 2787 18.
2509 2744 2561 2786 ln
2588 2742 2801 2788 eundem.

1835 2858 1942 2906 Non
1958 2856 2009 2906 in
2032 2855 2311 2920 frugiferam
2327 2855 2518 2912 vineam
2540 2857 2649 2906 veni
2670 2856 2937 2908 matutinus
2950 2895 2963 2918 ‚

1897 2946 2111 2995 attamen
2136 2943 2373 3007 prioribus
2402 2944 2683 3006 ampliorem
2700 2973 2703 2978 -
2719 2943 2991 2994 mercedem
3019 2944 3173 2993 habeo

1836 3031 2121 3096 Gregorius,
2148 3033 2408 3094 pastorque
2430 3031 2587 3082 bonus
2609 3034 2661 3081 et
2681 3031 2912 3092 majorem
2932 3043 3123 3094 gregem

1898 3116 2094 3166 Christo
2117 3115 2428 3178 qui-enutrivi
2450 3116 2665 3167 moribus
2692 3115 2891 3167 mitibus
2996 3136 3001 3140 ·

2416 3257 2483 3300 ⁴9.
2512 3259 2563 3300 ln
2592 3255 2806 3300 eundem.

1836 3378 1939 3426 Non
1968 3377 2146 3425 sanetae
2164 3373 2339 3424 radicis
2366 3387 2455 3438 ego
2472 3375 2724 3436 surculus,
2753 3375 2817 3437 pii
2834 3387 2949 3424 vero

1895 3460 2103 3525 conjugii
2118 3463 2265 3525 caput
2282 3463 2333 3514 et
2350 3461 2614 3512 liberorum
2634 3461 2786 3512 trium
2802 3478 2816 3519 3

1833 3548 1991 3616 gregis
2014 3548 2281 3600 ductor-sui
2303 3548 2555 3600 concordis
2576 3567 2589 3608 ς
2610 3549 2740 3598 unde
2763 3548 2857 3598 abii

1894 3637 2070 3700 plenus
2095 3640 2147 3686 et
2170 3636 2375 3686 terrenis
2394 3639 2446 3686 et
2461 3636 2737 3686 eoelestibus
2766 3636 2915 3685 annis.

2412 3781 2481 3822 20.
2509 3781 2561 3822 ln
2588 3775 2798 3822 eundem.

1836 3907 2113 3971 Gregoriu3‚
2134 3908 2339 3958 mirum!
2364 3907 2567 3970 gratiam
2591 3909 2641 3958 et
2663 3907 2862 3970 spiritus
2880 3907 3041 3957 lumen

1897 3993 2013 4043 hine
2034 3993 2404 4044 dum-aufertur·
2408 3994 2527 4056 jecit
2556 3994 2606 4044 in
2625 3994 2779 4045 lilium
2803 4007 2986 4048 camni.

2412 4124 2481 4165 20.
2515 4125 2569 4166 111
2591 4122 2831 4192 eundem.-

1835 4247 2014 4310 Exigua
2036 4247 2295 4310 margarito
2318 4249 2393 4297 est
2407 4284 2421 4306 ,
2450 4246 2537 4298 sed
2562 4246 2871 4310 in-lapidlbus
2900 4249 3093 4309 regnor,

1896 4335 2075 4399 exigua
2089 4336 2141 4386 et
2153 4334 2398 4385 Bethleem
2410 4372 2426 4396 ,
2446 4335 2659 4384 attamen
2678 4333 3079 4390 christum—tulit.

1835 4424 1913 4474 Sic
1934 4426 2097 4474 autem
2128 4437 2328 4487 parvum
2357 4422 2555 4487 quidem
2570 4436 2661 4488 ego
2686 4436 2877 4487 gregem
2900 4435 3011 4474 sum
3056 4423 3272 4486 sortitus,
3293 4425 3379 4474 sed

1897 4510 2183 4575 Gregorius3
2207 4522 2355 4572 quem
2372 4511 2447 4570 tu,
2468 4509 2539 4558 flii
2550 4523 2677 4570 care,
2694 4523 2880 4573 precor,
2901 4509 3070 4559 ducas.
3094 4509 3377 4573 [optimum

2428 4637 2496 4678 22.
2522 4638 2573 4678 ln
2592 4635 2801 4680 eundem.

1838 4760 2145 4812 Pastor-itiam
2164 4758 2376 4811 fistulam
2398 4760 2499 4810 tuis
2516 4761 2566 4808 in
2582 4759 2805 4809 manibus
2828 4761 2967 4822 posui

1897 4847 2182 4913 Gregorius·¹
2201 4851 2258 4899 tu
2280 4849 2443 4898 autem
2462 4886 2474 4910 ,
2508 4847 2576 4896 mi
2599 4851 2710 4897 nate
2727 4885 2747 4920 ,ἱ
2764 4847 2881 4896 scite

1833 4937 2050 5001 guberna
2066 4976 2078 4998 ,
2104 4937 2319 4999 vitaeque
2354 4937 2481 4986 fores
2500 4949 2687 4986 reseres
2704 4934 2915 4996 cunctis,
