3829 5747
463 347 489 370 ιι
517 326 576 378 Id
600 328 677 377 est
702 332 787 377 τοῦ
807 326 1023 390 τετάρτω
1042 328 1341 378 στυλοσάτου.
1356 327 1502 386 Quod
1517 341 1690 378 moneo
1702 328 1764 378 ab
1789 327 2007 379 Paulsse-

457 396 595 445 nium
608 432 624 458 ‚
642 397 729 459 qui
749 411 799 461 p.
830 405 859 447 6
877 397 938 447 de
954 397 1097 447 tertio
1114 398 1352 459 stylobate
1379 398 1615 449 intellexit
1642 398 1933 463 putavitque
1955 396 2008 445 in

459 479 559 515 una
590 467 827 516 columnae
844 466 949 515 basi
984 466 1134 516 fuisse
1151 466 1291 531 plura
1316 466 1597 530 anaglypha.
1631 488 1654 512 υ
1688 471 1751 518 Β.
1782 494 1842 503 -
1874 472 1913 517 1.
1951 468 2009 516 In

457 536 698 591 κλυτόνοος
734 538 845 599 post
871 535 1063 591 Κλυτίος
1096 536 1385 586 Chardonus
1410 540 1540 587 recte
1574 537 1697 586 vidit
1738 536 2008 587 alliteratio-

456 618 595 662 nem3
611 622 640 653 υ
669 605 962 668 productum
990 608 1046 653 ut
1075 606 1126 654 in
1149 606 1525 668 quadrisyllabo.
1546 635 1605 643 —
1626 616 1653 657 2
1673 609 1843 669 πατρὸς
1862 604 2004 667 Cod.,

456 672 616 735 lapsu.
639 700 698 708 -
712 678 740 723 3
766 674 796 731 ἢ
822 675 927 735 πρὶν
965 692 989 716 «
1019 673 1235 739 ineptum
1265 678 1367 735 est,
1393 675 1482 725 sed
1500 676 1705 727 sortasse
1728 690 1825 725 non
1841 674 2008 738 depra-

456 744 625 791 vatum
640 780 653 805 ,
681 743 905 804 quamvis
930 746 1017 793 aut
1041 744 1159 807 ἥπερ
1184 746 1272 793 aut
1291 758 1405 793 cum
1432 745 1687 796 Chardono
1716 749 1814 804 ἣτις
1836 744 2008 807 corrigi

457 812 626 875 possit.
673 831 697 855 υ
741 813 857 861 lac.
899 812 1122 862 Voluisse
1165 812 1360 863 videtur
1406 834 1417 861 :
1454 817 1712 876 antequam
1742 815 1849 877 ipsa
1892 812 2007 861 mali

456 880 575 943 quid
605 882 870 943 pateretur.
908 881 1114 932 Bothius
1142 882 1425 947 conjiciebat
1444 884 1475 946 ᾖ
1495 919 1509 943 ,
1534 899 1639 949 qua
1665 888 1897 943 ratione,
1929 882 2007 932 his

457 950 601 1000 allitis
634 963 646 992 =
678 970 702 993 «ι
730 954 1003 1015 Utrumque
1028 953 1183 1003 libens
1212 954 1494 1018 adspexisse
1520 956 1697 1005 dicitur
1722 958 2003 1019 cleopatra,

456 1020 661 1083 simplex
685 1021 875 1084 mulier,
904 1026 954 1072 et
982 1036 1240 1072 novercam
1264 1024 1475 1073 occisam
1517 1028 1567 1073 et
1592 1028 1733 1074 antea
1767 1036 2010 1089 compres-

456 1106 563 1142 sam
587 1106 617 1141 a
633 1091 821 1143 Phineo
836 1132 848 1154 ,
882 1093 969 1143 sed
994 1096 1187 1153 sancte,
1208 1092 1260 1143 id
1287 1096 1363 1143 est
1392 1094 1626 1157 legitime,
1653 1108 1883 1156 uxorem,
1908 1107 2007 1143 non

454 1162 690 1226 pellicem.
724 1182 749 1207 υ
770 1188 829 1200 -
847 1168 878 1213 4
896 1165 1100 1226 γαμέταν
1118 1162 1238 1213 Cod.

516 1312 579 1360 V.
602 1308 854 1372 Ἐκδημίαν
886 1309 1175 1360 Chardonus
1192 1312 1391 1373 exponit
1418 1314 1668 1372 mortem,
1693 1315 1750 1362 ut
1772 1314 1849 1363 est
1873 1314 2007 1376 apud

453 1382 650 1441 Patres,
678 1380 765 1430 sed
800 1381 851 1431 in
878 1380 1006 1429 notis
1038 1394 1153 1441 mss.
1175 1380 1312 1431 addit
1334 1402 1346 1430 ε
1379 1402 1403 1424 «ι
1427 1384 1661 1445 suspecta
1688 1386 1853 1431 tamen
1882 1384 2005 1434 mihi

454 1449 653 1501 videtur
663 1451 809 1501 lectio
827 1489 841 1511 ,
859 1464 949 1513 pro
970 1464 1069 1513 qua
1090 1450 1211 1514 quid
1239 1452 1570 1515 reponendum
1590 1452 1655 1503 sit
1679 1466 1776 1502 non
1793 1452 1953 1503 video.
1978 1474 2002 1499 n

453 1522 641 1570 Verum
660 1518 841 1569 vidisse
858 1519 1005 1569 credo
1021 1520 1387 1570 Boissonadium
1401 1560 1414 1581 ,
1431 1522 1517 1585 qui
1528 1523 1731 1571 ἐκδικίαν
1752 1522 2007 1585 proposuit

453 1590 637 1641 Anecd.
657 1592 731 1651 11,
746 1603 795 1653 p.
818 1594 921 1651 127,
944 1604 1076 1640 nunc
1092 1589 1275 1641 addens
1292 1612 1304 1640 ;
1326 1610 1351 1633 e«
1366 1592 1646 1642 Dindorfius
1662 1592 1711 1641 in
1741 1591 1885 1642 Thes.
1908 1607 2007 1643 non

453 1660 721 1711 offendisse
756 1660 950 1710 videtur
974 1660 1039 1710 ad
1069 1662 1307 1721 ἐκδημίαν,
1335 1661 1471 1724 quod
1499 1660 1562 1712 de
1587 1662 1730 1713 obitu
1763 1663 2002 1725 intelligit.

452 1728 551 1778 Sed
578 1727 660 1778 hic
697 1728 851 1790 hujus
874 1728 1082 1778 nominis
1120 1742 1243 1778 usus
1277 1742 1375 1778 non
1405 1731 1482 1779 cst
1511 1730 1757 1779 ferendus.
1787 1734 1858 1779 Ac
1887 1744 2008 1793 prse-

452 1802 587 1850 terea
612 1802 690 1849 est
714 1800 874 1863 ἀνδρός
902 1798 965 1849 de
988 1800 1095 1848 viro
1108 1838 1120 1859 ,
1149 1799 1211 1848 de
1234 1812 1413 1861 sponso
1443 1798 1754 1862 capiendum,
1782 1798 1918 1862 quod
1943 1799 2006 1850 ad

452 1868 805 1932 Polyphontem
830 1883 928 1919 non
946 1872 1057 1932 apte
1082 1869 1362 1933 pertineret.
1386 1888 1411 1912 ι»
1433 1898 1492 1910 -
1524 1874 1542 1919 1
1574 1871 1837 1934 Κρεφόντου
1859 1871 2003 1931 cod„

450 1940 501 1989 in
526 1940 753 1989 lemmate
776 1941 1048 2002 κρεσφόνην.
1086 1966 1149 1975 —-
1177 1946 1205 1990 2
1237 1958 1262 1983 «ι
1294 1940 1454 2001 μιᾶναι
1496 1940 1668 1989 audaci
1712 1940 1889 2003 systole
1906 1979 1920 2001 ,
1955 1941 2007 1990 in

448 2022 623 2059 versus
640 2009 843 2074 gratiam
868 2008 1015 2059 facta.
1040 2030 1064 2053 ι»
1092 2010 1210 2060 Jac.
1242 2010 1432 2073 Ἀλόχου
1451 2047 1464 2070 ,
1490 2012 1699 2073 Merope.
1724 2015 1831 2060 —³.
1874 2030 1898 2053 «
1919 2012 2008 2061 Est·

448 2082 495 2129 οῑ
522 2084 633 2136 παῖς
663 2092 753 2142 pro
782 2081 924 2129 αὐτοῦ
954 2085 1069 2136 παῖς
1082 2116 1098 2141 ,
1145 2080 1335 2143 syntaxi
1367 2080 1518 2130 dativi
1551 2079 1693 2130 valde
1718 2082 1912 2131 usitata.
1949 2084 2006 2131 In

450 2149 549 2199 tine
572 2162 747 2200 versus
775 2150 1003 2212 quamvis
1032 2152 1259 2213 suspecto
1288 2148 1407 2199 nihil
1428 2163 1666 2200 moveam.
1706 2170 1731 2195 ι»
1766 2154 1829 2201 B.
1857 2155 2005 2202 Recte

450 2220 700 2269 fleckerus
739 2220 826 2280 ὀψὲ
858 2221 907 2269 δέ
930 2237 1006 2269 σοι
1037 2232 1127 2282 pro
1152 2222 1195 2268 ot
1216 2218 1353 2281 quod
1375 2218 1626 2280 edebatur,
1655 2219 1803 2270 finem
1830 2235 2005 2271 versus

450 2288 555 2351 ipse
583 2300 780 2351 quoque
800 2288 973 2338 tuitus.

510 2432 689 2481 vl.·-
719 2436 739 2481 1
773 2431 958 2494 ἑρπετὸν
996 2430 1119 2481 eod.
1156 2450 1180 2474 α
1210 2430 1286 2481 Ad
1316 2432 1595 2482 Zachariam
1638 2435 1791 2497 Mityl.
1832 2448 1880 2498 p.
1911 2440 2002 2487 368

447 2501 709 2565 proposui,
736 2513 827 2549 nec
849 2500 1077 2563 poenitet,
1096 2502 1304 2563 ἑρπετοῦ.
1337 2500 1494 2563 Pytho
1519 2502 1789 2553 monstrum
1815 2516 2007 2567 serpen·

448 2570 515 2621 tis
543 2570 689 2634 spiris
722 2569 935 2623 mixtum
990 2572 1096 2619 erat
1111 2607 1126 2632 ,
1161 2570 1345 2619 scilicet
1368 2584 1430 2621 ex
1460 2568 1655 2621 homine
1690 2576 1741 2621 et
1782 2576 2004 2636 serpente

448 2638 731 2688 conflatum.
769 2638 849 2686 Sic
883 2636 1125 2687 intellexit
1162 2636 1395 2700 Heynius.
1432 2637 1529 2687 Sed
1580 2641 1631 2688 et
1665 2639 1803 2689 aliter
1844 2644 2006 2703 potest

447 2704 664 2771 intelligi.
694 2726 718 2750 »ι
738 2708 800 2755 B.
820 2705 1030 2755 Graefius
1050 2707 1320 2769 corrigebat
1347 2707 1546 2769 Πυθῶν’,
1566 2709 1853 2772 ἀνελιγμένον
1878 2712 2006 2773 ἑρπε-

446 2776 528 2825 τὸν
541 2778 693 2833 ὁλκοῖς
709 2812 724 2837 ,
740 2776 829 2825 aut
841 2777 1074 2837 γηγενέων
1096 2779 1297 2826 Πυθῶνα
1320 2778 1595 2839 μεμιγμένον
1614 2780 1799 2842 ἑρπετὸν
1822 2781 1974 2837 ὁλκοῖς
1986 2818 2000 2840 ,

450 2864 476 2889 «ι
504 2847 649 2910 cujus
675 2846 833 2897 forma
862 2860 890 2896 e
908 2846 1216 2910 serpentibus
1239 2849 1384 2897 terrae
1402 2846 1615 2898 tiliorum
1635 2848 1788 2898 mixta
1809 2852 1859 2900 et
1876 2863 2006 2900 com-

446 2917 620 2980 posita.
662 2919 919 2980 Serpentes
948 2917 1078 2967 enim
1104 2918 1377 2981 gigantibus
1416 2918 1597 2981 pedum
1636 2923 1775 2970 erant
1810 2921 1939 2971 loco.
1975 2943 1999 2966 ι,

447 2987 841 3038 probabilissima
862 2987 1163 3036 Boissonadii
1188 2988 1448 3048 correcti0,
1477 2993 1703 3038 censente
1746 2991 1891 3041 etiam
1924 2994 2002 3042 Ja-

448 3055 627 3104 cobsio.
656 3079 719 3094 —-
745 3059 775 3104 3
803 3056 981 3104 σκύλαν
1000 3053 1142 3114 cod„
1162 3067 1284 3103 corr.
1316 3054 1557 3104 Chardon.
1586 3056 1843 3108 Jacobsius
1860 3061 2000 3110 malit

348 3137 363 3142 ·
445 3126 536 3188 γὰρ
569 3124 763 3172 πινυτὰν
794 3125 937 3173 ἐθέλει
974 3123 1076 3172 Θεὸν
1104 3123 1213 3185 (sic
1237 3123 1382 3173 etiam
1420 3123 1615 3184 Both),
1662 3127 1712 3175 et
1743 3130 1903 3189 potest
1939 3129 2002 3178 ab

446 3193 643 3243 librario
682 3205 791 3246 esse
836 3192 971 3255 quod
999 3191 1176 3242 editur.
1226 3192 1348 3242 Ibid.
1392 3193 1511 3256 τόξῳ
1546 3196 1672 3252 Jac.;
1714 3197 1844 3251 τόξον
1876 3197 1996 3247 Cod.

444 3263 547 3312 Nisi
571 3262 835 3326 praestabat
861 3264 990 3319 λοξὸν
1008 3265 1123 3325 θῆρα
1141 3261 1393 3325 scripsisse
1421 3275 1535 3311 cum
1562 3264 1794 3312 Beckero.
1830 3267 2003 3315 lmme-

444 3331 676 3381 motabile
692 3331 995 3385 Boissonadii
1017 3333 1146 3388 τόξον
1162 3334 1225 3389 θη
1244 3334 1297 3396 pl.
1316 3331 1646 3393 xoeflawa'west.
1667 3359 1725 3368 —-
1744 3341 1771 3382 5
1793 3337 1998 3397 Δελφῶν,

444 3402 502 3452 οὔ
522 3401 803 3463 Jacobsius,
838 3401 1029 3452 sublata
1058 3401 1367 3452 distinctione
1388 3403 1500 3464 post
1528 3409 1754 3462 σκοπιῆς,
1786 3405 1998 3468 egregie,

444 3472 539 3522 nisi
562 3471 755 3524 insolita
779 3473 998 3521 οννὲπεια
1020 3471 1343 3522 distichorum
1360 3469 1649 3521 dubitationi
1674 3473 1837 3522 locum
1863 3475 2004 3524 relin-

444 3544 634 3604 queret.
664 3539 787 3591 Cod.
832 3543 993 3604 δελφὸν
1022 3541 1065 3591 δ’
1095 3542 1167 3590 οὔ.
1202 3544 1261 3591 ln
1300 3541 1397 3590 fine
1437 3554 1615 3591 versus
1649 3541 1817 3592 Codex
1856 3545 1911 3592 ἐκ
1951 3547 2001 3595 δὲ

444 3612 706 3676 δρακόντων
722 3648 737 3673 ,
772 3625 887 3674 quae
930 3612 1064 3662 varie
1086 3613 1279 3662 tentant
1304 3611 1471 3661 critici.
1503 3611 1757 3662 Jacobsius
1788 3613 1838 3669 ὃς
1865 3614 1907 3664 δ’
1928 3617 2000 3680 ἄρ’

444 3681 673 3742 ὀδόντων,
696 3679 749 3730 in
773 3680 901 3734 notis
918 3693 1037 3730 mss.
1060 3682 1113 3731 ἐκ
1130 3681 1171 3730 δ’
1188 3681 1256 3729 ὅδ’
1292 3679 1492 3730 ὀδόντων
1506 3717 1521 3741 ,
1545 3680 1682 3742 quod
1707 3682 1997 3746 recepimus.

447 3769 473 3794 α
500 3750 775 3813 Respicitur
798 3749 863 3800 ad
892 3751 971 3799 τὸν
998 3750 1302 3813 ὀδοντισμὸν,
1332 3747 1395 3799 de
1419 3763 1521 3812 quo
1549 3749 1723 3799 Pollux
1750 3753 1838 3812 lv,
1858 3757 1920 3802 80
1950 3757 2003 3804 et

444 3823 534 3882 84,
582 3819 665 3869 ubi
696 3818 757 3868 de
788 3832 937 3868 nomo
980 3818 1156 3881 Pythio
1202 3839 1213 3867 :
1248 3820 1296 3869 ἐν
1342 3820 1393 3868 δὲ
1429 3825 1500 3882 τῷ
1546 3821 1752 3883 ίαμὸικῷ
1795 3823 1999 3886 μάχεται

445 3888 653 3952 (Apollo)
670 3902 681 3913 ·
712 3889 1031 3951 ἐμπεριείληφε
1078 3890 1129 3937 δὲ
1164 3890 1218 3937 τὸ
1254 3890 1474 3952 ῑαμδικὸν
1512 3891 1593 3938 καὶ
1623 3890 1684 3938 τὰ
1714 3892 1998 3942 σαλπιστικὰ

443 3959 685 4022 κρούματα
719 3959 799 4006 καὶ
822 3959 902 4007 τὸν
928 3957 1067 4006 ὁδον
1082 3973 1134 4006 τι
1150 3959 1339 4019 σμὸν,
1382 3962 1445 4014 ὡς
1477 3963 1560 4007 τοῦ
1586 3958 1831 4020 δράκοντος
1852 3961 1899 4008 ἐν
1930 3967 1998 4025 τῷ

443 4029 731 4084 τετοξεῦσθαι
754 4028 1059 4090 συμπρίοντος
1083 4029 1186 4082 τοὺς
1204 4027 1411 4084 ὀδόντας.
1430 4029 1570 4078 Cous.
1593 4029 1744 4079 Clem.
1760 4032 1893 4080 Alex.
1911 4035 2002 4083 Go-

443 4095 570 4148 hort.
599 4109 647 4160 p.
664 4104 713 4156 2,
728 4103 774 4148 8.
795 4117 819 4140 a·
850 4099 904 4146 ln
922 4096 1103 4160 quibus
1112 4099 1275 4161 πικρὸν
1290 4099 1455 4161 ῥοῖζον,
1478 4117 1502 4142 α
1516 4097 1652 4148 haud
1668 4099 1815 4150 dubie
1830 4101 2004 4153 intelli-

443 4167 657 4231 gendum
680 4167 742 4216 de
766 4167 973 4218 stridore
1004 4167 1290 4230 sagittarum
1316 4166 1498 4230 quibus
1530 4167 1688 4229 Pytho
1711 4169 2000 4223 interfectus

443 4239 521 4288 est
552 4237 645 4300 (ll.
678 4241 743 4300 n,
777 4241 923 4299 361),
954 4259 979 4282 ι»
1016 4249 1265 4302 perperam
1294 4237 1448 4300 accipi
1471 4237 1685 4287 scribens
1721 4241 1995 4306 Beckerus,

442 4311 553 4360 hoec
578 4311 694 4373 post
718 4311 846 4369 θήσει
876 4311 1071 4373 τρίποδα
1097 4309 1255 4374 posita
1278 4322 1387 4360 esse
1411 4309 1565 4373 magis
1580 4308 1833 4362 advertere
1857 4313 2001 4365 debe-

442 4379 544 4431 bat.
572 4381 685 4442 lpse
708 4379 913 4440 conjecit
943 4400 955 4428 :

568 4519 741 4582 Δελφὸν
766 4517 808 4567 δ’
822 4517 873 4567 εὗ
891 4519 1020 4576 θήσει
1038 4519 1199 4582 τρίπον
1219 4521 1369 4569 ἔνθεον
1383 4537 1395 4548 ·
1417 4521 1466 4576 ὃς
1484 4520 1526 4569 δ’
1545 4518 1618 4582 ἄρ’
1636 4519 1843 4569 ἀκόντων

629 4590 793 4651 πικρὸν
820 4589 1101 4638 ἀποπνεύσει
1124 4591 1272 4651 ῥοῖζον
1298 4589 1573 4652 ὀδυρόμενος
1589 4626 1607 4650 ,

444 4731 765 4793 interpretans
795 4727 1045 4778 :Phoebus
1068 4728 1360 4793 Delphicum
1388 4730 1629 4794 tripodem
1652 4731 1850 4781 oracula
1878 4731 1992 4780 fun·

446 4801 649 4850 dentem·
680 4799 803 4849 bene
839 4803 1008 4862 reqet,
1032 4799 1240 4849 ἀκόντων
1286 4799 1349 4850 de
1382 4803 1583 4864 saqiltis
1620 4801 1892 4864 intelligens
1908 4838 1922 4860 ,
1943 4804 1994 4851 et

447 4871 757 4931 ἀποπνεύσῃ,
778 4871 973 4919 vertens
1000 4872 1259 4920 morietur
1263 4887 1285 4933 ;
1312 4883 1527 4932 quocum
1562 4869 1715 4920 verbo
1750 4883 1895 4920 nemo
1927 4871 1997 4920 sa-

445 4940 540 4992 cile
564 4941 687 4991 feret
705 4939 936 5000 iunctum
960 4939 1232 5003 ὀδυρόμενος
1252 4941 1405 5004 ῥοῖζον
1424 4941 1725 5004 sagittarum.

1576 194 2082 257 ANTHOLOGIAE
2127 194 2528 256 PALATINAE

2159 328 2270 375 vn.
2302 329 2358 376 In
2381 328 2608 378 lemmate
2639 330 2998 392 προσπιπτόντων
3028 334 3222 399 corrigit
3247 334 3424 387 Chard.
3457 340 3638 391 Deinde

2096 394 2217 445 Cod.
2237 396 2439 459 διόρκην,
2473 412 2635 461 apogr.
2659 400 2810 449 Paris.
2837 402 2967 463 διορκ
3087 406 3170 461 τὴν
3195 422 3323 466 μητ.,
3347 420 3504 457 vacuo
3535 425 3642 473 spa-

2093 466 2227 515 tiolo.
2271 470 2617 528 Παραδοθεῖσαν
2651 469 2838 521 addidit
2867 472 3110 535 Heyniu83
3139 476 3412 537 ἑνσχεθεῖσα
3442 482 3562 529 Jaeo
3583 498 3634 529 n.

2095 538 2215 586 Cod.
2246 540 2486 601 ἐνεχθεῖσα
2501 574 2514 597 ,
2534 540 2670 602 quod
2695 543 2878 591 servari
2905 546 3110 606 poterat.
3137 564 3159 587 rt
3194 548 3266 593 De
3293 548 3524 611 Antiopes
3561 551 3640 599 ob-

2095 619 2240 656 scura
2281 608 2480 658 historia
2504 610 2616 661 vide
2651 626 2765 674 quoe
2799 613 2934 664 dedit
2955 615 3184 665 Matthias
3217 616 3281 665 ad
3307 622 3640 681 cognominem

2095 676 2336 739 Euripidis
2362 678 2572 729 fabulam
2589 720 2602 742 ‚
2624 683 2828 732 Clavier.
2850 683 2914 733 ad
2941 685 3212 748 Apollodor.
3243 688 3280 735 t.
3313 690 3389 747 ΙΙ,
3427 702 3474 751 p.
3497 696 3636 741 379.»

2095 749 2158 795 B.
2181 776 2242 787 —
2267 752 2285 797 1
2315 750 2614 811 σκυλεύματα
2639 752 2794 812 δίρκης
2821 752 2962 811 Cod.;
2991 755 3126 815 prius
3143 768 3265 803 corr.
3293 758 3418 817 Jac.,
3435 760 3640 809 alterum

2095 815 2274 867 Chard.
2301 821 2510 881 Tymnes
2537 821 2665 871 infra
2693 826 2786 873 vll
2802 862 2815 883 ,
2834 829 2925 873 433
2950 846 2962 873 ι
2992 826 3126 887 'lippe
3153 828 3298 876 κακὸν
3324 830 3641 891 σκυλάκευμα,
3679 870 3686 880 .

2095 890 2219 936 κακὰ
2246 890 2369 953 μερίς
2386 927 2399 947 ,
2422 892 2638 941 Lacaenae
2667 893 2838 942 matris
2856 894 3003 943 verba
3030 894 3092 943 ad
3112 895 3280 945 lilium.
3311 930 3370 939 -
3385 904 3414 948 3
3429 902 3458 954 ἢ
3479 902 3639 963 πάρος,

2096 960 2126 1005 4
2158 960 2310 1015 ῑκὲτης
2350 958 2490 1015 cod..
2519 973 2642 1009 corr.
2672 963 2775 1010 Jac.
2807 988 2866 999 —
2897 970 2941 1012 5.
2976 966 3080 1023 Ἄγε
3118 979 3214 1015 non
3253 968 3536 1031 infrequens
3573 986 3644 1021 se·

2096 1030 2276 1088 querite
2301 1029 2502 1089 plurali,
2529 1046 2562 1077 α
2595 1030 2889 1092 productum
2913 1033 2976 1082 ob
3015 1038 3285 1086 accentum.
3328 1040 3501 1089 Melius
3537 1049 3642 1092 erat

2097 1096 2344 1159 scripsisse
2368 1098 2479 1147 Ἀλλ’
2503 1098 2628 1157 ἄγετ’
2657 1100 2739 1161 ἐκ,
2759 1100 2893 1163 quod
2927 1104 3130 1167 conjecit
3163 1108 3266 1155 Jac.
3297 1108 3460 1158 Codex
3503 1114 3644 1160 xenoni·

2094 1180 2275 1215 metat.

2157 1331 2296 1380 vili.
2327 1356 2388 1367 —
2408 1336 2436 1380 2
2455 1332 2704 1389 ὑπεδέξατο
2733 1330 2876 1392 Cod.‚
2909 1346 3031 1382 corr.
3062 1336 3291 1398 Heynius.
3321 1340 3498 1403 Apogr.
3531 1346 3638 1393 Par.

2093 1398 2248 1447 πτάῑν.
2282 1426 2343 1437 -
2365 1404 2394 1449 4
2415 1402 2609 1463 θαμὸεῖ,
2631 1402 2716 1450 τὰν
2739 1404 2868 1463 γλυκ.
2895 1402 3019 1464 conj.
3039 1406 3166 1463 Jac.3
3195 1406 3290 1457 alia
3314 1408 3409 1457 alii.
3444 1429 3468 1453 «ι
3497 1414 3639 1461 Tme-

2095 1469 2170 1517 sin
2187 1482 2294 1519 esse
2320 1472 2440 1533 puto
2457 1471 2597 1521 verbi
2625 1473 2982 1536 ἀναδερκόμενος
2995 1510 3011 1535 ,
3038 1489 3130 1528 nec
3158 1478 3446 1529 tentandum
3459 1482 3640 1533 locum.

2093 1538 2219 1657 tillliide
2249 1544 2349 1589 not.
2379 1540 2430 1589 in
2461 1540 2642 1592 Anecd.
2674 1543 2796 1593 meis
2828 1546 2917 1605 lv,
2948 1557 2997 1608 p.
3043 1550 3150 1595 400.
3190 1566 3214 1591 n
3247 1551 3310 1597 Β.
3348 1552 3430 1600 sic
3464 1556 3518 1603 et
3559 1556 3645 1605 Bo-

2169 1622 2241 1658 us.

2157 1742 2236 1791 lx.
2254 1745 2310 1792 In
2327 1743 2490 1794 lemm.
2507 1746 2687 1807 Σιδὴρω
2701 1745 2840 1804 God.;
2859 1746 2956 1795 fine
2973 1746 3184 1795 ἐνέτεινεν
3197 1750 3430 1810 Heynius.
3453 1772 3476 1793 α
3493 1756 3644 1805 Doleo

2097 1811 2440 1875 Mezeriacum‚
2467 1814 2553 1876 qui
2577 1814 2640 1863 ad
2667 1814 2826 1875 Ovidii
2843 1816 3081 1877 Epistolas
3099 1819 3218 1866 tom.
3237 1820 3302 1877 11,
3331 1834 3380 1882 p.
3407 1825 3484 1881 27,
3501 1822 3644 1875 docte

2094 1877 2336 1930 Sideronis
2361 1884 2411 1931 et
2434 1883 2674 1933 Salmonei
2701 1882 2912 1932 filiorum
2939 1898 3016 1933 res
3041 1898 3286 1945 enarrans,
3314 1887 3546 1941 lemmate
3570 1898 3646 1943 est

2095 1963 2242 2011 usus,
2267 1951 2428 2015 ipsum
2459 1952 2752 2017 epigramma
2777 1968 2874 2003 non
2904 1938 3136 2017 attigisse.
3165 1954 3260 2004 Sed
3293 1958 3448 2009 satius
3474 1959 3646 2013 habuit

2097 2021 2367 2085 relinquere
2394 2022 2525 2085 quod
2549 2023 2836 2087 desperabat
2863 2027 3125 2075 tractatum
3151 2040 3293 2088 posse
3321 2029 3573 2082 nitescere.
3619 2056 3642 2077 ,ι

2095 2093 2157 2139 Β.
2191 2118 2248 2127 -
2272 2098 2316 2153 1,
2349 2100 2376 2143 2
2404 2093 2474 2143 sic
2499 2093 2683 2144 Codex.
2707 2114 2730 2136 ‹-
2755 2094 3028 2144 Obscurum
3054 2094 3324 2157 distichon,
3351 2098 3404 2147 in
3425 2114 3530 2162 quo
3563 2104 3646 2153 ad-

2089 2160 2325 2220 jectivum
2371 2168 2583 2225 τρηχεῖος
2628 2164 2859 2223 offendit,
2893 2165 3007 2214 alibi
3041 2179 3138 2215 non
3170 2166 3368 2217 obvium
3387 2208 3399 2229 ‚
3440 2175 3492 2221 et
3519 2176 3648 2223 σπεί·

2094 2248 2220 2293 ρημα
2253 2244 2342 2294 pro
2370 2238 2502 2296 σειρᾷ
2539 2234 2772 2295 positum.
2806 2236 2924 2284 Haec
2953 2239 3116 2300 tamen
3154 2236 3196 2285 si
3220 2238 3406 2289 sincera
3438 2243 3643 2305 suerint,

2095 2314 2294 2350 sensum
2319 2302 2590 2353 restitueris
2617 2304 2832 2354 scribens
2860 2326 2872 2353 :

2216 2430 2406 2491 Μητέρα
2422 2429 2700 2493 τρηχείοισιν
2723 2432 3080 2495 (τρηχαλὲοισιν)
3104 2435 3179 2483 ἐπὶ
3203 2439 3488 2501 σπειρήμασι
3507 2445 3646 2507 Τυρὼ

2276 2500 2517 2561 Σαλμωνεῖ
2537 2500 2697 2563 γενέτα
2719 2501 2826 2562 τῷδ’
2842 2504 3239 2565 ὑποτασσομέναν.

2095 2618 2323 2666 Matrem
2355 2618 2492 2681 Tyro
2525 2617 2669 2669 duris
2713 2621 2770 2669 in
2813 2623 3038 2672 vinculis
3068 2628 3220 2687 patri
3247 2628 3522 2681 Salmonea
3557 2630 3650 2683 hic

2093 2686 2325 2737 adstanti
2358 2688 2644 2750 subjectam
2685 2690 2840 2753 (vides
2872 2696 2960 2743 aut
2986 2696 3188 2757 specta).
3219 2699 3357 2748 Tunc
3397 2700 3648 2753 distichon

2091 2756 2324 2807 excidisse
2351 2756 2558 2808 videtur.
2587 2778 2613 2803 υ
2639 2762 2752 2809 Jac.
2776 2761 2910 2811 idem
2935 2764 2986 2811 in
3011 2765 3138 2814 notis
3162 2779 3278 2816 mss.
3305 2788 3317 2816 ε
3347 2788 3371 2811 «
3401 2772 3652 2835 Epigram-

2091 2826 2235 2876 matis
2260 2826 2324 2877 ob
2347 2826 2589 2879 distichon
2607 2830 2656 2879 in
2675 2830 2835 2881 medio
2860 2833 3094 2884 omissum
3121 2836 3448 2890 obscurissimi
3467 2855 3648 2894 versus

2096 2903 2116 2947 1
2145 2898 2218 2947 sic
2240 2899 2393 2961 possit
2416 2899 2587 2963 corrigi
2616 2921 2627 2948 :

2215 3021 2401 3083 Μητέρα
2422 3022 2650 3084 τρηχεῖαις
2673 3025 2855 3086 συνέχει
2878 3031 3078 3088 σειραῖσι
3101 3021 3298 3092 Σιδηρώ.

2092 3142 2149 3188 In
2185 3140 2500 3201 sequentibus
2529 3154 2705 3192 nomen
2739 3146 2877 3207 Τυρὼ
2911 3145 3101 3197 excidit.
3129 3148 3271 3198 Cous.
3301 3153 3537 3204 Welcker.
3571 3159 3650 3208 De

2091 3207 2336 3270 tragoediis
2353 3211 2522 3271 graecis
2546 3212 2584 3270 1,
2608 3224 2654 3273 p.
2684 3217 2792 3262 313.
2819 3233 2842 3256 n
2865 3215 3020 3265 Etiam
3046 3217 3197 3267 Boiss.
3232 3238 3256 3262 α
3285 3235 3435 3272 unum
3466 3227 3650 3277 saltem

2083 3277 2330 3413 ffisitgfilnipn
2357 3278 2558 3340 periisse
2585 3300 2608 3322 ι»
2622 3281 2836 3344 judicat,
2854 3283 2974 3333 item
2999 3287 3262 3339 Heckerus.
3292 3293 3502 3343 Graetius
3531 3311 3652 3346 con-

2211 3474 2291 3530 Μὴ
2313 3473 2447 3536 τρέμε
2467 3473 2731 3536 τρηχείῃσιν
2755 3476 2829 3523 ἐπὶ
2851 3476 3063 3539 σπείρῃσι
3089 3481 3330 3544 Σιδηροῦς,

2275 3545 2512 3604 Σαλμωνεῖ
2532 3546 2688 3606 γενέτῃ
2713 3543 2825 3608 τῷδ’
2846 3548 3201 3612 ὑποτασσομὲνη
3215 3588 3230 3612 ,

2089 3670 2148 3717 ut
2172 3670 2316 3730 poeta
2354 3669 2592 3729 Tyronem
2623 3669 2912 3731 alloquatur.
2935 3673 2996 3721 Et
3022 3685 3168 3722 versu
3187 3677 3342 3725 3:015
3376 3677 3423 3726 σ’
3447 3678 3514 3727 ἔτι
3554 3683 3652 3743 γὰρ

2089 3739 2312 3787 δουλώσει
2357 3739 2530 3801 (pater)
2571 3742 2686 3800 etc„
2720 3753 2818 3788 non
2852 3744 3072 3792 statuens
3109 3744 3348 3796 lacunam.
3393 3747 3531 3798 Idem
3569 3755 3652 3802 est

2089 3813 2254 3860 autem
2290 3810 2480 3865 σιδηοωι
2508 3808 2644 3871 quod
2683 3811 2890 3872 Σιδηρώ,
2931 3825 3042 3862 nam
3079 3813 3150 3864 ita
3191 3817 3374 3866 vetusti
3414 3819 3649 3882 codices,

2089 3881 2298 3929 testante
2348 3878 2494 3927 etiam
2537 3879 3011 3932 Pseudo-herodiano
3051 3883 3218 3947 (quem
3253 3886 3371 3935 citat
3411 3890 3652 3952 Hecker.)

2089 3951 2234 4002 Bekk.
2259 3949 2440 3998 Aneed.
2469 3961 2517 4012 p.
2544 3954 2660 4000 1205
2698 3969 2710 3998 =
2743 3951 2802 4000 τὰ
2837 3951 3011 4016 ἀρχαῖα
3036 3959 3130 4002 τῶν
3159 3956 3446 4017 ἀντιγράφων
3469 3959 3518 4006 ἐν
3541 3969 3654 4016 ταῖς

2089 4025 2152 4079 εἰς
2171 4039 2211 4069 ω
2231 4019 2478 4080 ληγοῦσαις
2514 4019 2705 4075 εὐθείαις
2737 4021 2864 4084 εἶχον
2899 4023 2953 4070 τὸ
2981 4041 2996 4070 ι
3018 4027 3456 4088 προσγεγραμμένον
3487 4029 3596 4078 οἷον
3619 4035 3652 4090 ἡ

2090 4093 2273 4152 Λητώι,
2293 4093 2324 4149 ἡ
2344 4091 2553 4153 Σαπφώι.
2577 4117 2634 4125 -
2655 4094 2685 4140 4
2709 4093 3032 4153 καθεξομένους
3060 4095 3327 4145 nocherus.
3357 4097 3480 4148 eod.
3497 4103 3650 4151 καθε-

2088 4165 2325 4225 ζομένους,
2355 4177 2379 4202 «ι
2406 4159 2730 4222 ineptissime,
2753 4161 2894 4222 quasi
2919 4162 3143 4213 sedentes
3171 4165 3223 4213 in
3251 4166 3524 4230 anaglypho
3548 4173 3657 4220 Ne-

2087 4234 2195 4285 leus
2217 4235 2270 4284 et
2293 4229 2448 4279 Pelias
2472 4231 2804 4292 repraesentati
2828 4234 3004 4283 essent.
3029 4253 3054 4276 υ

2149 4379 2204 4426 X.
2235 4380 2292 4426 In
2306 4375 2532 4424 lemmate
2550 4375 2670 4425 Cod.
2691 4377 2951 4440 σύμὸουλον
2967 4377 3017 4424 et
3031 4375 3174 4434 αὐτὴν
3187 4376 3264 4425 διὰ
3283 4383 3363 4435 τῆς
3383 4377 3490 4440 (sic)
3513 4379 3652 4446 Ἆρχ,

2087 4450 2279 4497 θάνατον
2296 4453 2375 4503 τῆς
2393 4447 2518 4509 παρ’,
2543 4460 2668 4495 corr.
2687 4449 2796 4495 Jac.
2825 4449 2882 4495 In
2901 4458 3050 4508 marg.
3083 4465 3095 4493 ι
3117 4445 3188 4494 ὅτι
3217 4447 3388 4502 Εὔνοος
3406 4452 3486 4497 καὶ
3514 4453 3656 4508 Θόας

2087 4519 2268 4580 ἀδελφοὶ
2300 4519 2346 4572 ἐξ
2367 4518 2635 4580 Ὑψιπύλης.
2665 4520 2851 4567 Verum
2873 4527 3050 4565 nomen
3075 4529 3183 4565 esse
3208 4517 3388 4574 Εὗνεως
3402 4555 3417 4580 ,
3447 4525 3658 4574 monuit

2086 4590 2326 4640 Welcker.
2347 4591 2422 4638 De
2445 4587 2690 4651 tragoediis
2717 4601 2789 4651 gr.
2813 4590 2880 4647 11,
2905 4600 2952 4650 p.
2987 4593 3094 4646 559,
3127 4587 3210 4636 ubi
3246 4587 3502 4640 confirmat
3532 4590 3656 4645 haec

2083 4658 2330 4708 Jacobsii:
2355 4677 2378 4701 ει
2396 4661 2520 4715 Quae
2545 4658 2626 4708 hic
2652 4658 2713 4708 de
2731 4671 2880 4708 aurea
2903 4658 3003 4707 vite
3029 4658 3306 4720 traduntur,
3327 4661 3460 4724 apud
3485 4663 3622 4714 alios
3640 4703 3654 4723 ‚

2085 4727 2221 4792 qnod
2250 4728 2424 4787 sciam,
2456 4741 2554 4776 non
2579 4728 2748 4788 obvia,
2775 4727 2924 4777 ducta
2953 4728 3158 4779 sortasse
3186 4743 3243 4779 ex
3273 4733 3518 4795 Euripidis
3549 4737 3659 4797 Hy-

2085 4798 2295 4861 psipyle,
2313 4798 2364 4848 in
2392 4811 2492 4862 qua
2517 4797 2696 4848 Bacchi
2712 4797 2938 4860 quaedam
2964 4801 3124 4861 partes
3149 4800 3364 4854 fuerunt.
3395 4822 3421 4846 ι·
3449 4804 3659 4854 Boisso·

2084 4868 2257 4918 nudius
2283 4867 2392 4917 haec
2417 4867 2666 4918 annotavit
2695 4888 2706 4916 :
2739 4887 2763 4910 α
2797 4869 3057 4919 Lemmatis
3079 4869 3270 4920 initium
3300 4871 3469 4922 citavit
3497 4875 3660 4922 Mezi-

2084 4938 2200 4988 riac.
2222 4938 2284 4988 ad
2307 4938 2447 4988 ovid.
2477 4939 2628 5002 Epist.
2665 4943 2783 4998 t.11‚
2803 4951 2850 5001 p.
2877 4945 2978 5000 115,
2997 4939 3386 5003 orthographiam
3417 4947 3656 4994 tractans
3703 4985 3710 4994 .
