3829 5747
944 195 1192 258 CAPUT
1232 198 1355 257 VII.
1400 196 1959 259 EPIGRAMMATA
2007 196 2546 258 SEPULCRALIA.

258 330 485 410 οὐλομένῃ
506 333 675 408 ψυχῆς
702 327 948 410 δύσφρονι
970 328 1229 401 τηκεδόνι.

193 426 336 484 Τοῦτο
354 421 396 478 δ’
424 421 503 477 ἐπ’
528 415 860 497 ἀμφοτέροισι
878 416 1236 476 πολύκλαυτον
1262 415 1534 496 φιλότητος

256 509 450 579 ἕστηκεν
471 505 583 584 λείῃ
616 508 803 584 μνῆμα
825 503 972 584 παρὰ
1000 503 1207 584 τριόδῳ.

598 656 741 707 476.
781 644 1263 705 ΜΕΛΕΑΓΡΟΥ.

192 789 377 868 Δάκρυά
400 810 479 847 σοι
500 784 591 846 καὶ
614 784 761 862 νέρθε
791 783 877 844 διὰ
899 784 1079 863 χθονὸς
1096 826 1113 854 ,
1142 782 1445 862 Ἡλιοδώρα
1462 828 1481 860 ‚

256 881 520 956 δωροῦμαι,
544 882 761 953 στοργᾶς
778 871 1041 952 λείψανον,
1071 873 1141 938 εἰς
1167 866 1319 930 α’ΐδαν
1333 914 1350 943 ,

194 967 361 1042 δάκρυα
386 961 730 1041 δυσδάκρυτα·
751 956 1099 1039 πολυκλαύτῳ
1125 958 1168 1017 δ’
1193 959 1279 1018 ἐπὶ
1302 957 1489 1036 τύμὸῳ

256 1053 440 1112 σπένδω
458 1060 644 1128 μνᾶμα
670 1048 873 1121 πόθων,
903 1056 1087 1126 μνᾶμα
1115 1045 1509 1126 φιλοφροσύνας.
1540 1042 1701 1124 [γρος

136 1165 155 1201 ι
198 1141 371 1219 Oiai-ep&
393 1139 489 1218 γὰρ
512 1138 695 1217 οἰκτρὰ
718 1135 874 1216 φίλαν
898 1157 957 1194 σε
992 1135 1083 1193 καὶ
1118 1138 1171 1192 ἰν
1199 1132 1457 1212 φθιμένοις
1494 1132 1708 1193 Μελέα-

255 1229 403 1296 αἷάζω
421 1272 438 1299 ,
460 1223 641 1284 κενεὰν
666 1226 740 1292 εἷς
758 1223 1043 1303 Ἀχέροντα
1069 1221 1250 1301 χάριν.

194 1317 436 1386 Αἶαῖ,πο’ὗ
462 1313 523 1372 τὸ
552 1311 785 1372 ποθεινὸν
808 1309 927 1386 ἐμοὶ
951 1311 1135 1388 θάλος;
1160 1309 1391 1388 ἅρπασεν
1418 1306 1590 1394 ’ᾊδας
1608 1353 1625 1380 ,

258 1403 489 1479 ἅρπασον·
521 1402 751 1475 ἀκμαῖον
777 1397 827 1456 δ’
854 1399 1003 1464 ἄνθος
1026 1396 1181 1476 ἔφυρε
1205 1394 1363 1463 κόνις.

193 1491 325 1552 Ἇλλά
349 1512 403 1547 σε
428 1491 732 1566 γουνοῦμαι,
762 1491 845 1549 Γᾶ
870 1484 1137 1563 παντρόφε
1152 1529 1169 1560 ,
1198 1485 1293 1543 τὰν
1313 1484 1631 1564 πανόδυρτον

120 1586 155 1624 ¹⁰
254 1577 408 1657 ἠρέμα
428 1585 537 1642 σοῖς
557 1575 801 1646 κόλποις,
826 1583 1013 1652 μᾶτερ,
1039 1573 1401 1650 ἐναγκάλισαι.

668 1725 805 1776 477.
848 1713 1194 1776 ΤΥΜΝΕΩ.

192 1851 269 1923 Μή
292 1875 365 1912 σοι
389 1859 573 1924 τοῦτο,
601 1853 850 1925 Φιλαινὶ,
870 1851 988 1925 λίην
1017 1852 1316 1930 ἐπικάρδιον
1345 1849 1512 1923 ἔστω,

254 1941 293 1997 εἰ
318 1939 385 2016 μὴ
408 1941 537 2014 πρὸς
562 1940 738 2021 Νείλῳ
769 1945 863 2018 γῆς
886 1939 1069 2020 μορίης
1090 1939 1271 2018 ἔτυχες
1291 1982 1308 2011 ,

193 2028 303 2088 ἀλλά
327 2030 372 2086 σ’
400 2028 745 2106 Ἐλευθέρνης
772 2027 849 2086 ὅδ’
873 2025 984 2106 ἔχει
1010 2027 1188 2106 τάφος·
1217 2027 1329 2085 ἔστι
1355 2024 1457 2106 γὰρ
1476 2025 1565 2099 ἴση

252 2116 481 2176 πάντοθεν
506 2118 581 2182 εἰς
603 2113 754 2187 ἀΐδην
771 2114 1122 2196 ἐρχομένοισιν
1143 2112 1279 2179 ὁδός.

636 2259 774 2358 4ῖ8.
822 2249 1230 2310 ΛΕΩΝΙΔΟΥ.

192 2386 271 2452 Τίς
289 2386 395 2444 ποτ’
420 2387 503 2468 ἄρ’
536 2377 589 2446 εἷ
599 2409 621 2464 3
652 2387 787 2451 τίνος
810 2377 915 2465 ἆρα
934 2383 1081 2465 παρὰ
1108 2383 1284 2464 τρίὸον
1312 2381 1467 2441 ὀστέα
1498 2390 1661 2443 ταῦτα

256 2473 457 2550 τλήμον’
482 2476 537 2533 ἐν
561 2477 817 2552 ἡμιχανεῖ
841 2471 1063 2551 λάρνακι
1090 2471 1264 2549 γυμνὰ
1296 2470 1475 2547 με’νει;

193 2566 347 2638 μνῆμα
366 2563 419 2621 δὲ
445 2562 537 2620 καὶ
567 2561 729 2641 τάφος
749 2559 860 2619 αἰὲν
888 2557 1233 2636 ἁμαξεύοντος
1260 2559 1442 2618 ὁδίτεω

252 2649 378 2718 ἄξονι
394 2651 482 2709 καὶ
499 2654 689 2729 τροχιῇ
711 2648 832 2706 λιτὰ
858 2645 1190 2727 παραξέεται·

196 2735 273 2808 ἤδη
298 2760 384 2796 σου
404 2737 495 2797 καὶ
523 2737 732 2814 πλευρὰ
754 2733 1174 2815 παρατρίψουσιν
1204 2731 1435 2810 ἅμαξαι,

255 2824 479 2903 σχέτλιε,
512 2823 600 2885 σοὶ
628 2825 673 2882 δ’
698 2821 861 2891 οὐδεὶς
888 2821 995 2882 οὐδ’
1026 2821 1112 2881 ἐπὶ
1136 2819 1301 2903 δάκρυ
1335 2824 1503 2900 βαλεῖ.

618 2979 757 3034 479.
809 2973 1261 3034 ΘΕΟΔΩΡΙΔΑ.

193 3113 361 3189 Πέτρος
394 3111 497 3188 ἐγὼ
530 3112 595 3171 τὸ
620 3112 786 3171 πάλαι
814 3110 945 3194 γυρὴ
968 3112 1057 3171 καὶ
1081 3112 1324 3190 ἄτριπτος
1344 3110 1564 3182 emelia<

254 3198 337 3271 τὴν
363 3198 715 3281 ’Ἡρακλείτου
744 3200 884 3260 ἔνδον
909 3200 1017 3279 ἔχω
1045 3199 1294 3280 κεφαλήν·

195 3286 295 3343 αἰών
320 3288 370 3361 μ’
403 3288 613 3369 ἔτριψεν
640 3289 920 3365 κροκάλαις
949 3288 1078 3347 ἴσον·
1106 3290 1161 3347 ἐν
1187 3287 1290 3369 γὰρ
1319 3286 1492 3367 ἁμάξῃ

254 3376 502 3455 παμφόρῳ
530 3379 727 3447 αἰζηῶν
754 3375 941 3447 εἷνοδίη
964 3375 1211 3451 τέταμαι.

729 3614 843 3673 476.
878 3629 1102 3660 mannua
1113 3630 1127 3659 ι
1144 3649 1157 3671 ,

756 3734 816 3783 de
842 3752 930 3783 sua
958 3752 1118 3805 uxore.

192 3866 321 3927 Ipsam
342 3864 507 3914 subter
535 3864 741 3913 humum
772 3875 1079 3915 monumenta
1108 3866 1261 3916 fidelis
1284 3873 1455 3915 amoris

243 3949 328 3994 ilas
354 3948 491 3997 mitto
512 3948 745 4013 lacrymas
763 3984 778 4010 ‚
806 3946 1063 3996 Heliodora
1079 3983 1093 4006 ,
1116 3948 1235 4012 tibi,

189 4028 279 4075 Heu
300 4028 459 4093 dignas
487 4028 713 4095 lacrymis
734 4028 996 4093 lacrymas!
1031 4029 1091 4077 ad
1113 4028 1273 4079 flebile
1290 4029 1484 4080 bustum

240 4116 344 4162 Rrec
364 4114 455 4163 tibi
472 4110 699 4163 amicitia
722 4110 919 4176 pignora
936 4120 1069 4160 certa
1092 4111 1215 4162 fero.

188 4196 291 4243 Nam
312 4196 481 4245 misere
497 4194 703 4244 nimium
722 4230 739 4255 ,
770 4193 941 4243 misere
962 4195 1205 4259 Meleager
1220 4194 1488 4261 ademptam

238 4280 299 4325 Te
319 4293 453 4341 gemo
475 4293 493 4326 ;
514 4276 599 4325 sed
624 4276 826 4340 gemitus
848 4276 919 4327 nil
939 4276 1216 4328 Acheronta
1245 4287 1457 4328 movent.

186 4356 253 4407 ah
274 4359 350 4407 ubi
372 4360 577 4409 dilectus
602 4356 721 4406 mihi
743 4356 831 4408 flos
855 4363 1025 4409 meus?
1050 4357 1255 4407 abstulit
1278 4362 1450 4420 Oreus,

238 4442 438 4492 Abstulit
450 4458 469 4503 ;
490 4442 545 4489 in
564 4440 775 4489 cinerem
803 4442 1021 4507 corporis
1052 4440 1141 4491 ivit
1162 4440 1336 4492 honos.

184 4526 239 4570 At
255 4534 303 4572 tu
324 4524 591 4589 depositum
617 4521 807 4589 placido
831 4524 1147 4589 complectere
1164 4531 1401 4583 nostrum,

240 4610 551 4672 Mater-noque
582 4606 691 4656 fove
706 4642 723 4669 ,
748 4615 799 4656 te
823 4622 965 4672 rogo,
994 4616 1121 4656 terra
1146 4607 1271 4656 sinu.

762 4758 878 4811 477.
908 4766 1121 4798 rinnai.

184 4882 369 4928 Oramus
386 4896 451 4929 ne
478 4880 543 4929 sit
564 4880 771 4929 nimium
798 4880 887 4929 tibi
907 4881 1043 4931 triste
1057 4917 1071 4941 ,
1092 4879 1319 4940 Philaeni,

238 4958 285 5010 Si
306 4968 383 5011 tua
410 4962 654 5013 Niliacum
672 4978 769 5013 uon
786 4962 899 5028 tegit
918 4980 1017 5013 ossa
1038 4964 1189 5013 solum
1218 4979 1231 5012 ε

3227 200 3343 260 365

1854 336 2050 388 funesta
2076 337 2228 388 animi
2251 336 2478 400 tristique
2499 337 2794 402 mgr-imnum,

1792 427 1899 476 Hoc
1914 437 2033 476 vero
2049 438 2194 489 super
2218 425 2444 489 utrisque
2471 425 3006 476 multum-lacrimantie
3032 425 3212 475 amoris

1854 514 2227 563 monumentum
2249 513 2349 562 stat
2369 513 2681 563 tritissimum
2701 511 2767 562 ad
2791 511 3008 562 trivium.

2335 660 2448 707 476.
2481 657 2823 706 MELEAGRI.

1796 795 2039 846 Lacrimas
2053 794 2142 846 tibi
2159 795 2304 846 etiam
2325 794 2452 845 infra
2468 809 2556 860 per
2571 798 2752 846 terram
2763 833 2777 856 ,
2807 794 3066 846 Heliodoro
3078 831 3092 856 ,

1858 883 2013 945 dono,
2036 882 2216 933 amoris
2238 883 2482 946 reliquias,
2507 883 2560 933 in
2574 888 2782 946 Orcum,

1796 971 2020 1021 lacrimas
2045 971 2264 1021 infelices
2291 992 2304 1020 ι
2334 973 2546 1022 multum
2569 975 2733 1022 autem
2757 972 2904 1022 flebili
2920 985 3068 1036 super
3081 971 3274 1021 tumulo

1857 1059 1958 1109 libo
1965 1061 2337 1110 monumentum
2352 1059 2718 1121 desideriorum,
2737 1062 3108 1110 monumentum
3117 1059 3352 1110 caritatis.

1797 1146 2135 1198 Miserabiliter
2154 1147 2302 1208 enim,
2337 1146 2673 1198 miserabiliter
2689 1148 2896 1198 amicam
2913 1150 2964 1198 te
2996 1147 3114 1198 etin
3147 1147 3355 1197 mortuis

1860 1235 2114 1297 lamentor,
2133 1249 2309 1285 vanam
2325 1248 2439 1299 erga
2456 1234 2728 1285 Acheronta
2757 1235 2977 1299 gratiam.
3091 1234 3358 1298 [Meleager

1799 1324 1909 1372 Heu
1927 1359 1942 1384 ,
1967 1323 2100 1373 heu!
2122 1322 2206 1373 ubi
2225 1321 2558 1374 desiderabilis
2573 1323 2696 1372 mihi
2723 1323 2982 1374 surculus?
3007 1323 3168 1387 rapuit
3190 1323 3354 1384 Pluto,

1860 1411 2050 1474 rapuit;
2070 1412 2428 1474 pulchrumque
2454 1411 2625 1461 florem
2655 1410 2859 1462 foedavit
2869 1411 3050 1474 pulvis.

1800 1498 1897 1550 Sed
1912 1502 1966 1549 te
1985 1499 2204 1561 obsecro,
2227 1502 2374 1549 Terra
2399 1499 2828 1563 omnium-parens,
2855 1498 3275 1549 cunctis-ssebilem

1862 1586 2036 1637 leniter
2059 1587 2220 1637 in-tuo
2240 1588 2371 1649 sinu,
2399 1589 2572 1648 mater,
2593 1587 3054 1650 ulnis-amplectere.

2379 1729 2491 1777 4⁷7.
2521 1726 2775 1775 TYMNAE.

1803 1864 1875 1913 Ne
1899 1863 1990 1914 tibi
2013 1863 2135 1924 hoc,
2163 1861 2393 1912 Philaenis
2411 1901 2424 1922 ,
2444 1861 2588 1911 nimis
2606 1861 2913 1926 aegre-animo
2934 1860 3142 1922 aecidat,

1866 1951 1911 2002 si
1927 1965 2022 2001 non
2048 1950 2181 2014 apud
2197 1951 2362 2000 Nilum
2388 1949 2596 2000 humum
2615 1948 2812 1999 fatalem
2837 1949 3118 2008 sortita-es,

1806 2040 1894 2090 sed
1914 2042 1969 2090 te
1993 2037 2302 2088 Eleutherum
2323 2037 2406 2086 hic
2429 2036 2578 2086 habet
2602 2039 2828 2086 tumulus
2855 2056 2868 2084 ι
2895 2039 2970 2086 est
3001 2036 3132 2086 enim
3156 2050 3301 2100 aequa

1865 2126 2216 2177 ex·omni·loco
2236 2127 2288 2175 in
2317 2128 2498 2176 Orcum
2522 2124 2834 2176 tendentibus
2847 2123 2944 2174 via.

2359 2269 2467 2315 478.
2499 2265 2806 2315 LEonAE.

1808 2403 1932 2459 Quis
1949 2401 2148 2453 tandem
2170 2407 2258 2453 es?
2278 2403 2534 2466 cujusnam
2553 2403 2696 2466 Juxta
2713 2402 2938 2453 semitam
2959 2416 3072 2454 ossa
3087 2403 3196 2455 haic

1867 2491 2048 2543 misera
2061 2491 2114 2542 in
2139 2491 2428 2556 semiaperta
2453 2506 2568 2543 arca
2592 2490 2728 2544 nuda
2745 2493 2977 2541 manent?
3049 2492 3148 2556 [tis
3165 2493 3365 2546 viatoris

1806 2584 2180 2632 monumentum
2202 2583 2371 2632 autem
2387 2584 2440 2632 et
2455 2583 2684 2632 tumulus
2701 2594 2859 2646 usque
2875 2581 3361 2647 planstrum-ducen-

1869 2681 1958 2718 axe
1979 2671 2032 2718 et
2051 2672 2491 2733 rotarum-pressu,
2519 2669 2685 2720 tenuia
2697 2670 2798 2732 illa,
2830 2670 3132 2721 arrodantur
3160 2691 3174 2721 ι

1804 2756 1905 2818 jam
1923 2760 2014 2806 tua
2027 2756 2174 2806 etiam
2191 2757 2344 2806 latera
2369 2759 2580 2807 atterent
2605 2770 2798 2818 currus,

1869 2843 2034 2907 miser,
2049 2844 2140 2895 tihi
2156 2857 2274 2895 vero
2290 2855 2434 2895 nemo
2461 2857 2523 2896 ne
2547 2844 2798 2896 lacrimam
2813 2845 3018 2911 quidem
3033 2845 3286 2899 defundet.

2291 2989 2402 3036 ⁴79.
2434 2986 2880 3037 TnEoDoRmAE.

1809 3126 1952 3173 Petra
1966 3137 2055 3189 ego
2078 3124 2197 3174 olim
2221 3125 2432 3176 retunde
2454 3128 2504 3175 et
2525 3125 2765 3175 infractus
2789 3125 3014 3189 pessulus

1868 3211 2098 3261 Heracliti
2117 3211 2251 3261 intus
2269 3214 2413 3262 teneo
2441 3214 2590 3277 caput
2609 3227 2621 3255 :
2920 3210 3002 3275 [in
3019 3210 3366 3275 planstrali-via

1808 3311 1974 3347 aevum
1991 3312 2072 3348 me
2089 3298 2318 3348 contrivit
2335 3296 2849 3350 littoralibus-calculis
2860 3298 2981 3361 jam
3001 3298 3232 3362 similem
3253 3312 3366 3351 uam

1871 3385 2240 3435 omnia-ferente
2265 3385 2522 3436 hominum
2537 3385 2684 3436 obvia
2699 3385 2944 3437 sita-sum.

1810 3620 1901 3669 Sed
1935 3618 2180 3685 sepeliris,
2203 3618 2290 3668 ubi
2307 3618 2523 3669 Libertas
2540 3620 2641 3685 ipsa
2661 3618 2846 3684 sepulta
2863 3626 2953 3669 est.

1877 3700 2101 3765 Undique
2120 3700 2414 3749 tantumdem
2448 3710 2519 3749 est
2536 3701 2594 3749 ad
2623 3698 2971 3763 Phlegethonta
2999 3699 3086 3748 vite

2399 3854 2513 3913 478.
2551 3868 2790 3902 mainz..

1809 3996 1968 4056 Unde,
1998 3993 2104 4060 quis
2127 4010 2177 4043 es
2193 4029 2210 4055 ,
2230 4008 2363 4058 cujus
2386 3992 2546 4043 miseri
2565 4030 2581 4055 ,
2601 4011 2694 4060 qua
2720 3993 2813 4043 lert
2829 3994 2938 4051 iter,
2961 4010 3064 4045 ossa

1818 4086 1851 4097 *
1875 4087 2003 4127 Ante
2026 4078 2190 4127 oeulos
2212 4092 2322 4125 arca
2339 4075 2652 4141 semipatente
2668 4078 2866 4143 jacent?

1808 4165 1934 4210 Dum
1960 4159 2101 4208 nimis
2123 4158 2390 4225 expositum
2417 4159 2641 4225 plaustris
2659 4160 2914 4226 rhedisque
2939 4159 3245 4227 sepulchrum

1875 4240 2129 4303 atteritur,
2153 4256 2340 4307 semper
2374 4249 2690 4306 praetereunte
2711 4250 2844 4302 rota,

1808 4328 1920 4375 Jam
1945 4323 2122 4386 veniet,
2141 4322 2432 4384 miserande,
2448 4333 2582 4373 tuum
2607 4324 2691 4390 qui
2717 4333 2938 4375 conterat
2958 4325 3060 4376 axis
3076 4363 3092 4388 ‚

1870 4404 2078 4455 Nemine
2107 4406 2183 4455 vel
2211 4406 2443 4477 lacrymas
2461 4406 2816 4469 contribuente,
2843 4408 2982 4458 latus.

2341 4560 2454 4615 479.
2490 4566 2732 4600 ratonem
2739 4568 2830 4600 nat.

1808 4708 1984 4755 Saxeus
2005 4704 2136 4754 orbis
2159 4721 2316 4763 eram,
2353 4707 2552 4757 minima
2575 4724 2665 4757 nec
2683 4715 2821 4773 parte
2853 4707 3094 4769 minutus,

1874 4787 1968 4837 Hie
1989 4788 2218 4838 Heracliti
2241 4804 2351 4839 cum
2374 4806 2575 4857 posuere
2597 4800 2759 4856 caput.

1810 4880 1873 4927 At
1898 4892 2028 4927 nunc
2049 4876 2252 4927 littoreis
2271 4894 2377 4928 sum
2395 4878 2556 4928 tritior
2581 4894 2694 4928 ecce
2722 4879 2924 4946 lapillis,

1886 4960 2080 5026 Quippe
2092 4960 2355 5026 juventutis
2379 4976 2459 5010 me
2491 4972 2598 5012 rota
2619 4961 2768 5013 multa
2786 4963 2982 5030 premit.
