3829 5747
443 175 556 231 130

503 302 688 351 xcvlt.
727 301 986 366 comparat
1019 301 1124 350 Jac.
1165 297 1428 362 Theopliyl.
1466 296 1642 346 Simoc.
1687 295 1839 360 Epist.
1870 298 1932 344 45
1979 313 1990 341 :

439 373 526 422 οὐκ
541 373 788 436 ἰσόρροπον
811 373 998 435 ἔχουσιν
1025 373 1069 418 οὶ
1097 371 1298 432 Ἔρωτες
1335 372 1416 427 τήν
1432 369 1794 429 πλάστιγγα...εἰ
1815 368 1895 426 μὲν
1914 363 1994 414 οὖν

439 443 705 505 ἀδικοῦσιν,
731 443 822 492 θεοὶ
853 443 914 502 μὴ
953 441 1303 498 κεκλήσθωσαν·
1327 442 1369 488 εἰ
1401 440 1450 488 δὲ
1489 440 1573 494 τὴν
1599 437 1910 500 προσηγορίαν
1940 436 1995 483 οὐ

438 513 682 575 ψεύδονται
695 548 711 574 ,
725 514 804 560 καὶ
821 512 904 566 τὰς
929 511 1185 571 ἀλγηδόνας
1203 511 1306 571 ἐμοὶ
1322 513 1444 558 κατὰ.
1461 509 1639 559 δίκαιον
1667 511 1991 571 μεριζὲτωσαν.

463 643 470 654 “
501 651 724 701 xcvm.
770 653 826 700 In
857 649 993 700 Plan.
1033 651 1129 702 hoc
1169 648 1410 699 distichon
1443 660 1697 712 perperam
1741 645 1999 707 subjicitur

440 720 651 771 disticho
683 721 934 784 Capitonis
967 725 1081 786 (ep.
1114 725 1171 772 07
1196 721 1214 782 )
1249 723 1298 770 et
1337 725 1605 782 utrumque
1637 715 1890 767 Nic-archo
1918 714 2000 765 tri-

440 791 628 842 buitur.
655 798 783 840 -1.
820 795 895 840 Α11
931 795 1147 842 ἕλκεΡ-
1177 798 1204 841 2
1245 792 1337 840 ὧδε
1373 792 1516 840 τόπον
1555 789 1683 839 male
1726 789 1860 837 Plan.
1888 789 1995 835 Jac.

439 865 630 914 conlert
653 863 960 926 Propertium
1006 867 1075 926 11,
1107 863 1167 913 el.
1198 869 1246 924 9,
1290 868 1344 912 18
1379 883 1393 910 2
1437 865 1491 911 Si
1527 859 1710 924 pudor
1751 861 1855 918 est,
1887 857 1997 906 alio

441 933 636 996 trajice
659 933 768 984 tela
803 935 917 983 tua.

499 1073 670 1122 XCIX.
700 1075 899 1122 Lemma
928 1093 940 1122 2
970 1075 1032 1129 εἰς
1059 1078 1258 1135 γυναῖκα
1288 1071 1572 1136 ὃρχηστρίδπι
1596 1069 1748 1131 (eod.
1785 1069 1870 1130 ορ)
1893 1069 2000 1124 ἅδη-

439 1147 536 1194 λον.
559 1165 582 1188 «ι
605 1145 924 1208 Suspicantnr
952 1143 1042 1194 siri
1062 1145 1192 1193 docti
1222 1143 1462 1206 scriptum
1489 1155 1597 1191 esso
1626 1141 1675 1190 in
1703 1141 1882 1188 virum.
1904 1135 2000 1185 Sed

438 1218 549 1265 tum
570 1216 651 1264 τὸν
677 1217 852 1264 ὕπατον
877 1217 928 1264 et
953 1217 1032 1264 τὸν
1064 1217 1206 1275 μέσον
1232 1213 1376 1264 scribi
1393 1213 1608 1276 oportuit
1627 1250 1639 1273 ,
1665 1210 1803 1260 etsie
1825 1208 1997 1272 periis-

440 1289 517 1336 set
541 1285 712 1347 jocus,
750 1285 837 1348 qni
868 1283 997 1334 circa
1024 1287 1107 1342 τὴν
1134 1287 1316 1344 ὑπάτην
1358 1283 1589 1334 chordam
1630 1285 1682 1332 et
1741 1285 1825 1337 τήν
1854 1282 2000 1340 μέσην

436 1359 676 1406 versatur.
698 1357 750 1406 Si
771 1359 952 1405 factum
970 1356 1019 1405 in
1041 1356 1270 1405 seminam
1285 1393 1297 1416 ‚
1319 1357 1528 1418 uterque
1543 1352 1874 1416 epithetorum
1895 1363 2000 1398 sen-

440 1439 527 1478 sus
566 1429 818 1492 reperitur.
859 1447 884 1470 »
915 1429 979 1476 Β.
1008 1425 1202 1476 Chardo
1232 1427 1284 1476 in
1311 1425 1509 1476 schedis
1544 1423 1652 1474 haec
1689 1420 1949 1484 adscripsit
1984 1433 1997 1462 ε

447 1517 472 1541 ι
496 1503 776 1563 Anonymus
801 1501 945 1563 poeta
970 1497 1170 1548 Gallus:
1837 1509 1846 1520 ·

809 1632 865 1674 Je
883 1627 1096 1673 vmidrois
1110 1628 1215 1672 bien
1228 1657 1243 1680 ,
1263 1627 1382 1672 belle
1401 1627 1616 1672 brunette
1627 1657 1645 1684 ,

810 1693 978 1744 voyant
996 1695 1124 1734 votre
1143 1689 1239 1732 sein
1261 1687 1491 1740 rondelct.

809 1753 948 1806 louet·
979 1751 1134 1796 densus
1153 1749 1210 1794 de
1237 1750 1469 1807 l‘epinette
1483 1779 1500 1803 ,

807 1817 858 1858 ct
870 1812 1139 1857 au-dessous
1156 1811 1220 1858 du
1241 1810 1463 1864 flaueolet.
1483 1826 1502 1850 n

443 1937 591 1989 Addit
615 1936 746 1988 idem
773 1935 824 1986 in
855 1935 1060 2001 epistola
1089 1950 1242 2000 quam
1271 1934 1488 1986 Millerus
1514 1947 1706 1986 mecum
1737 1934 2003 1984 communi-

442 2011 574 2062 cavit
607 2030 618 2058 2
653 2029 676 2052 κ
699 2011 768 2058 Ge
799 2011 967 2060 vieux'
997 2009 1156 2070 poete
1190 2021 1224 2055 a
1253 2007 1431 2063 imm,
1457 2017 1581 2054 saus
1615 2005 1664 2053 le
1687 2007 1884 2064 εαυοὶν,
1928 2017 2004 2052 un

421 2078 667 2143 ‘datique
689 2077 755 2127 de
781 2077 1066 2140 Meleayre.
1105 2067 1462 2132 L'omim'n’est
1493 2074 1652 2122 autre
1679 2085 1778 2135 que
1815 2073 1864 2122 le
1893 2074 2005 2120 sein

443 2151 573 2216 qu'il
589 2150 714 2216 saut
735 2149 1070 2212 simplement
1093 2149 1272 2210 κρούειν
1289 2185 1301 2203 ,
1326 2146 1537 2209 pulsare,
1554 2147 1715 2206 jouer
1734 2143 1911 2194 (lessus
1937 2144 2005 2194 de

443 2220 739 2283 sepimine,
779 2217 955 2268 tondis
983 2217 1109 2281 qu'il
1135 2215 1348 2266 cherche
1379 2215 1412 2264 ὰ
1451 2211 1730 2274 de‘lendre,
1768 2217 2002 2277 χαλάσαι,

441 2289 501 2340 la
528 2286 685 2337 corde
718 2285 792 2336 du
815 2287 1025 2347 milicia,
1054 2285 1257 2348 rigidam
1287 2283 1522 2347 tentigine
1547 2284 1760 2332 vulvam.
1785 2302 1808 2324 ι»

505 2425 544 2471 C
593 2425 794 2472 Lemma
824 2438 835 2470 t
867 2427 978 2488 πρὸς
999 2429 1076 2474 τόν
1094 2426 1386 2489 μεμφόμενον
1410 2426 1481 2474 ὅτι
1511 2426 1611 2489 ἐρᾷ.
1637 2451 1698 2461 —-
1723 2429 1740 2474 1
1771 2427 2000 2488 μέμφοιτο

435 2493 670 2550 methin&
704 2497 932 2555 μέμψοιτο
950 2495 1062 2544 edd.
1094 2521 1154 2532 —
1185 2503 1229 2545 2.
1260 2515 1284 2540 «ι
1311 2496 1492 2545 Oculos
1509 2495 1651 2558 quasi
1672 2495 1807 2545 visco
1825 2498 2001 2545 unctos

435 2563 660 2626 bahem,
691 2567 742 2614 et
785 2564 918 2626 ipsos
958 2563 1178 2627 pulchris
1217 2565 1445 2614 omnibus
1473 2564 1792 2626 inhaerentes,
1829 2570 1880 2617 et
1907 2569 2008 2630 pul-

431 2635 564 2684 -clnra
591 2637 913 2696 aucupantes,
940 2656 962 2676 n
994 2637 1110 2684 lac.
1135 2660 1194 2669 —
1223 2639 1269 2684 3.
1290 2655 1313 2676 «
1352 2637 1528 2683 AEneas
1559 2635 1769 2697 Sylvius,
1799 2637 2008 2698 Euryalo

433 2719 492 2770 tp.
515 2711 624 2763 005,
655 2705 704 2754 in
733 2703 875 2767 parili
905 2705 1328 2766 argumentatione
1355 2704 1631 2754 nominibus
1653 2705 1792 2754 novis
1807 2707 1963 2756 utitur
1991 2721 2001 2748 =

447 2773 552 2820 sels
582 2774 708 2835 qnia
738 2785 833 2821 nec
869 2775 1256 2824 sanctissimum
1319 2773 1521 2834 David,
1557 2787 1652 2823 nec
1685 2779 2005 2838 sapientissi-

445 2853 594 2892 mum
626 2843 960 2895 Salomonem
979 2883 997 2905 ‚
1016 2857 1114 2894 nec
1148 2848 1488 2909 Sampsonem
1528 2843 1870 2909 fortissimum
1904 2849 2009 2899 isla

441 2915 618 2977 passio
647 2913 846 2964 dimisti
897 2918 1202 2965 irmnunem.
1249 2936 1273 2958 a·
1321 2918 1385 2965 B.
1418 2942 1479 2953 ·—
1511 2922 1540 2966 4
1585 2920 1808 2980 μαλακῶν
1839 2920 2009 2969 scribit

437 2984 668 3034 Bothius.
701 3004 724 3027 α
748 2988 942 3037 Δοῦλον.
984 2986 1194 3037 Pluralis
1218 2986 1588 3050 exspectabatur
1621 3009 1632 3037 ι
1663 2989 1886 3051 sequitur
1909 2984 2006 3039 nuss

445 3068 612 3174 ziegus
637 3056 939 3106 attractionis
958 3071 1108 3119 quam
1134 3060 1312 3107 vocant
1329 3058 1476 3120 leges.
1514 3078 1536 3101 »ι
1559 3062 1676 3109 lac.
1701 3084 1762 3095 —-
1781 3066 1808 3109 ⁵
1839 3063 2007 3110 τοιοῐδε

490 3138 519 3173 o
557 3162 569 3173 .

508 3269 592 3317 cl.
626 3270 828 3317 Lemma
862 3284 878 3325 ς
921 3262 1175 3318 ἀδέσποτον
1194 3306 1208 3330 ,
1254 3270 1374 3319 κατὰ
1411 3276 1577 3319 πεῦσιν
1619 3274 1701 3320 καὶ
1739 3272 2005 3334 ἀπόκρισιν.

448 3356 472 3379 «
504 3335 773 3386 Philodemi
817 3348 925 3385 esse
959 3350 1154 3387 carmen
1194 3337 1520 3388 Schneiderus
1567 3343 1700 3389 recte
1731 3341 2011 3402 suspicatus

446 3409 525 3457 est
551 3410 749 3469 propter
767 3419 844 3470 ep.
864 3411 957 3466 4ος
989 3406 1102 3456 add.
1134 3408 1294 3457 simile
1311 3408 1531 3472 ejusdem
1551 3422 1628 3472 ep.
1648 3415 1758 3460 308.
1790 3414 1877 3461 Est
1903 3414 2004 3461 col-

445 3476 665 3539 loquium
693 3476 965 3527 Pliilodemi
993 3480 1046 3527 et
1089 3478 1276 3527 ancillas
1316 3491 1430 3540 quae
1461 3479 1766 3529 meretricem
1794 3481 2007 3543 aliquam

445 3548 724 3598 comitatur.
752 3568 773 3590 n
792 3548 1008 3598 Heclcer.
1033 3568 1057 3590 a
1078 3548 1326 3599 'l'ractavit
1355 3551 1406 3598 et
1438 3550 1587 3599 vernt
1615 3550 1784 3613 gallice
1811 3553 2006 3603 Chardo

448 3619 649 3669 Miscell.
669 3622 710 3679 1,
739 3632 789 3682 p.
828 3626 933 3669 255.
965 3618 1089 3668 Vide
1127 3623 1177 3668 et
1203 3632 1312 3667 mea
1347 3618 1410 3667 ad
1434 3620 1589 3669 Nicet.
1613 3622 1793 3684 Eugen.
1816 3635 1863 3683 p.
1901 3629 2009 3683 100,

445 3704 496 3738 11.
526 3693 566 3738 1.
601 3694 724 3737 -1.
763 3692 849 3739 Est
882 3689 997 3753 κόρη
1039 3688 1230 3739 dictum
1259 3688 1324 3737 ad
1353 3689 1575 3739 ancillam
1604 3692 1890 3741 meretricis.
1932 3696 2003 3742 De

447 3758 732 3809 ancillarum
761 3759 1028 3809 ministerio
1053 3760 1107 3808 in
1135 3758 1388 3821 negotiolis
1413 3758 1467 3807 id
1499 3772 1654 3822 genus
1677 3760 1770 3823 legi
1802 3766 2011 3825 possunt

448 3842 562 3891 quae
581 3830 746 3879 notavi
774 3829 836 3879 ad
865 3830 1086 3879 Aristoen.
1105 3844 1155 3893 p.
1185 3834 1276 3879 304
1303 3832 1354 3879 et
1379 3833 1487 3879 718.
1527 3850 1551 3871 ›·
1587 3832 1650 3879 B.
1674 3832 1843 3881 Codex
1868 3850 2012 3892 προσ-

446 3904 613 3957 ιοῦσα,
651 3899 860 3948 correxit
924 3900 1114 3949 Jacobs.
1165 3913 1177 3941 ε
1224 3912 1338 3963 quw
1365 3900 1446 3959 (in
1473 3898 1758 3963 publicum)
1793 3902 2009 3964 prodit,

447 3968 681 4031 probante
707 3970 942 4019 Heckero.
975 3996 1034 4005 —
1063 3974 1109 4019 3.
1145 3990 1168 4011 «
1211 3968 1376 4018 Codex
1411 3972 1607 4026 ἐλπίζειν
1643 3972 1816 4026 ἔξεστι·
1839 3977 2008 4030 ζητεῖς.

448 4039 626 4101 Recepi
671 4038 878 4088 Jacobsii
934 4040 1281 4103 conjecturam.
1313 4039 1601 4101 Coniecerat
1629 4042 1820 4103 Dousa,
1861 4042 2011 4105 idque

441 4106 693 4157 Chardoni
721 4108 906 4169 placuit
939 4130 950 4157 ε
984 4111 1178 4165 ἐλπίζων
1211 4108 1372 4167 ἔξεο-ἐς
1399 4110 1587 4164 αἰτεῖς
1617 4112 1668 4159 δὲ
1695 4112 1769 4171 τὶ;
1803 4112 1892 4161 sed
1921 4126 2013 4161 cur

447 4181 638 4228 amator
677 4179 898 4228 substitit
943 4180 993 4228 in
1034 4178 1274 4229 vocabulo
1307 4176 1628 4243 imperfecto?
1671 4194 1734 4229 an
1771 4182 2011 4231 dixinavit

447 4246 675 4297 ancillam
700 4260 811 4297 esse
852 4262 1144 4310 responsum
1169 4245 1506 4296 inchoaturam
1552 4261 1640 4310 per
1665 4250 1882 4298 vocalem
1901 4287 1914 4309 ‚
1953 4254 2011 4300 ut

449 4318 664 4380 prudens
681 4318 752 4367 sic
785 4318 984 4368 elisione
1014 4320 1194 4369 vitaret
1221 4318 1410 4367 hiatum
1429 4321 1450 4366 Ρ
1469 4318 1588 4366 Novi
1615 4332 1724 4368 esse
1747 4325 2007 4383 poetarum

449 4388 584 4439 locos
613 4388 700 4451 qui
730 4389 850 4437 mini
877 4393 1076 4453 possent
1108 4389 1251 4451 objici
1293 4409 1303 4437 :
1341 4386 1455 4437 novi
1483 4402 1681 4450 quoque
1722 4403 1816 4438 non
1848 4389 2009 4439 danda

447 4470 558 4507 esse
583 4471 612 4507 e
639 4458 919 4522 conjectura
947 4460 1102 4522 poetis
1129 4458 1320 4509 menda.
1357 4478 1380 4501 υ
1412 4459 1473 4507 Β.
1505 4462 1562 4508 111
1589 4460 1685 4509 tine
1713 4462 1835 4511 cod.
1863 4466 2007 4524 φέρεις

448 4528 492 4576 τί
508 4564 523 4586 ,
550 4531 608 4578 nt
632 4541 728 4577 non
747 4541 854 4577 raro
875 4528 1052 4577 librarii
1083 4529 1166 4577 ubi
1184 4546 1229 4577 τι
1245 4542 1391 4577 suum
1407 4529 1570 4578 locum
1598 4528 1762 4579 habet.
1797 4534 2002 4593 Proper-

451 4596 554 4645 tius
581 4616 593 4643 :
616 4598 851 4644 Muneris
872 4596 1056 4660 ecquid
1074 4596 1342 4647 habes?·—
1361 4603 1406 4647 4.
1439 4597 1618 4647 Audita
1645 4612 1765 4648 voce
1794 4600 2006 4663 χρυσίον,

450 4664 616 4714 statim
643 4668 911 4715 amatorem
938 4679 1132 4729 sperare
1148 4666 1290 4731 jubet
1309 4669 1501 4719 ancilla.
1524 4672 1632 4717 Jam
1661 4668 1743 4718 ille
1770 4674 2010 4720 monstrat

1567 157 2075 223 ANTHOLOOEAE
2120 157 2522 218 PALATINAE

2084 309 2173 356 ρεις
2194 309 2238 341 τι
2254 291 2470 355 levoion
2496 307 2545 339 α.
2566 289 2758 352 εὐφήμει
2779 301 2790 313 ·
2812 289 2875 350 μὴ
2892 287 3046 338 τόσον.
3068 289 3117 350 β.
3136 287 3193 336 οὐ
3214 287 3406 336 δύναται
3449 305 3473 328 t·
3496 286 3617 335 man
3632 323 3643 332 .

2082 364 2137 411 οὐ
2164 364 2390 424 δύναμαι,
2421 359 2555 424 quod
2583 359 2744 409 reddit
2770 357 2983 408 Grotius.

2144 519 2244 565 cn.
2280 517 2477 564 Lemma
2514 533 2527 562 t
2556 515 2619 569 εἰς
2647 513 2889 563 anonim-1
2924 511 3012 568 τὴν
3050 509 3343 571 ἰσχνοτάτην.
3384 527 3407 550 ct
3440 505 3652 556 Gallicis

2082 585 2305 634 versibus
2332 583 2541 634 reddidit
2560 584 2938 644 Longopetraens
2958 579 3021 628 ad
3047 577 3251 628 Theocr.
3284 592 3333 641 p.
3360 581 3465 628 327.
3494 603 3564 612 —-
3598 583 3647 626 1.

2084 655 2284 705 videbis
2300 693 2312 714 ,
2338 657 2522 714 Marce,
2566 651 2757 702 videbis
2792 650 2993 699 alteram
3010 649 3145 698 illam
3180 651 3437 706 Venerem,
3472 647 3653 711 paullo

2083 727 2280 790 quidem
2299 726 2613 789 graciliorem.
2644 726 2750 772 Non
2776 721 3000 784 displicet
3026 719 3192 769 lluetii
3226 717 3465 768 sententia
3490 717 3657 766 dialo-

2084 812 2200 862 gum
2226 811 2335 848 esse
2365 796 2643 846 statuentis.
2672 794 2861 844 Etenim
2882 793 3040 854 όψεαι,
3060 790 3195 854 qnod
3224 790 3383 854 ipsum
3415 787 3478 838 ad
3510 791 3649 838 Mar-

2084 883 2197 918 cum
2226 880 2333 918 sese
2358 867 2683 928 alloquentem
2697 866 2810 924 apte
2835 860 3065 920 refertur,
3094 858 3158 908 ob
3174 858 3497 908 mutationem
3526 873 3646 907 ora-

2082 939 2229 990 tionis
2254 951 2367 1000 quae
2395 936 2533 986 estin
2552 933 2835 998 pronomine
2856 948 2933 992 μοι
2962 933 3013 980 et
3030 929 3183 980 verbo
3208 931 3441 990 κείσομαι,
3462 929 3565 991 iam
3588 930 3652 982 fit

2086 1009 2274 1059 durius.
2297 1008 2346 1057 Si
2371 1007 2593 1067 dialogus
2620 1004 2920 1062 instituetur,
2958 1013 3160 1064 persona
3185 999 3277 1049 erit
3306 999 3655 1062 respondentis

2088 1077 2309 1143 ponenda
2336 1077 2398 1127 ad
2428 1074 2577 1125 verba
2612 1075 2729 1124 ἀλλὰ
2756 1073 2917 1126 καλοῖς
2950 1073 3081 1129 ἤθεσι
3103 1070 3407 1132 τερπομένην,
3436 1069 3655 1120 calidius

2085 1150 2358 1211 interrupto
2381 1146 2581 1196 alterius
2598 1156 2821 1193 sermone
2849 1141 2937 1205 qui
2963 1141 3211 1190 Diocleam
3236 1140 3479 1203 carpebat.
3518 1161 3543 1184 υ
3580 1144 3647 1190 B.

2086 1217 2280 1269 Jacobs.
2302 1216 2511 1266 malebat
2536 1215 2711 1277 ὄψομαι
2726 1251 2740 1272 ,
2766 1215 2815 1262 et
2834 1213 2997 1274 ipsum
3030 1210 3092 1260 ab
3110 1211 3289 1260 lluetio
3306 1212 3650 1274 propositum3

2086 1287 2136 1336 in
2154 1288 2282 1338 notis
2304 1299 2422 1334 mss.
2451 1287 2617 1334 autem
2642 1282 2751 1332 haec
2771 1281 2938 1344 posuit
2959 1300 2970 1329 ε
2990 1299 3013 1322 «ι
3034 1281 3168 1329 Fort.
3201 1279 3609 1344 distinguendum
3633 1293 3646 1321 τ

2093 1359 2350 1420 Ἀφροδίτην
2369 1358 2570 1419 Ὂψεαι;
2592 1357 2758 1404 visum
2780 1353 2877 1402 ibis
2890 1355 2912 1400 ,³
2930 1354 3056 1401 Tum
3075 1350 3167 1400 sibi
3194 1351 3297 1414 ipse
3316 1351 3599 1416 respondet.
3626 1373 3653 1393 ι·

2088 1429 2215 1478 Male
2242 1429 2375 1476 Plan.
2397 1425 2672 1488 Ἀφροδίτης,
2692 1426 2743 1473 et
2765 1436 2916 1472 versu
2946 1428 2975 1472 3
2993 1423 3262 1483 γενήσεται·
3286 1424 3329 1476 ἐς
3361 1423 3409 1472 δὲ
3436 1425 3653 1472 stellet-ad.

2087 1525 2151 1534 —
2168 1502 2194 1547 4
2224 1500 2387 1560 ψυχεῖς
2407 1499 2458 1545 et
2482 1495 2737 1557 ἑγγυτάτωι
2760 1492 2883 1543 eod.
2916 1493 3169 1542 Glossator
3186 1491 3359 1542 W'ech.
3387 1513 3399 1541 z
3420 1497 3483 1550 ὡς
3508 1495 3659 1556 ἐμπο-

2088 1570 2181 1619 δὼν
2203 1569 2345 1626 οὔσης
2361 1572 2443 1626 τῆς
2467 1567 2731 1628 παχύτητος
2756 1570 2837 1613 τοῦ
2855 1570 2913 1626 τῇ
2939 1567 3069 1627 ψυχῇ
3110 1563 3395 1620 πλησιάζειν.

2153 1716 2282 1766 cm.
2338 1717 2577 1764 Lemma:
2612 1715 2675 1770 εἰς
2706 1713 2956 1777 Προδίκην.
2984 1737 3049 1748 -
3087 1718 3131 1762 l.
3174 1712 3383 1776 προδόκη
3424 1713 3570 1767 cod..
3596 1719 3661 1764 ut

2088 1797 2165 1849 ep.
2194 1790 2280 1845 12;
2313 1785 2364 1835 in
2388 1787 2526 1836 Plan.
2562 1785 2786 1848 Προδίκη.
2834 1782 3041 1833 Bothius
3074 1797 3087 1826 Ξ
3120 1801 3143 1824 ⁴¹
3172 1781 3492 1834 scribendum
3522 1785 3659 1847 Ἄχρι

2088 1856 2224 1912 τίνος.
2260 1867 2417 1918 quum
2444 1857 2681 1918 sequatur
2705 1855 2812 1917 ἄχρι
2847 1854 3001 1914 τίνος,
3037 1851 3320 1914 repetitione
3357 1852 3655 1915 emphatic-a.

2088 1923 2152 1974 de
2171 1938 2271 1987 qua
2294 1924 2554 1974 Elmsleius
2578 1923 2643 1972 ad
2670 1923 2891 1972 Medeam
2932 1925 3065 1972 1240.
3100 1943 3123 1965 ι»
3142 1948 3207 1957 -
3239 1926 3284 1970 4.
3316 1941 3339 1963 «ι
3360 1924 3547 1972 Sensus
3577 1930 3659 1972 cst

2092 2007 2237 2056 quem
2265 1993 2471 2057 explicat
2488 1993 2685 2044 Lucian.
2719 1995 2863 2042 Mero.
2889 1991 3029 2042 cond.
3061 1991 3091 2055 §
3120 1995 3145 2042 7
3173 2013 3185 2041 2
3216 1993 3297 2042 εἶτ’
3316 1995 3478 2045 ἔλαθον
3509 1997 3661 2058 ἄμφω

2088 2068 2392 2128 γηράσαντες,
2428 2065 2585 2130 ἔξωροι
2618 2063 2873 2126 γένόμενοι,
2904 2064 2983 2111 καὶ
3006 2062 3139 2120 οὗτος
3166 2069 3251 2113 τοῦ
3273 2066 3397 2126 ἐρᾶν,
3430 2067 3654 2122 κάκεῖνος

2090 2141 2172 2185 τοῦ
2200 2136 2504 2199 μεταδιδόναι.
2533 2155 2557 2177 υ
2575 2137 2687 2184 Jac.

2154 2285 2277 2333 clv.
2308 2284 2508 2331 Lemma
2531 2295 2543 2324 ²
2572 2283 2634 2338 εἰς
2655 2283 2927 2338 Λυσιδίκην.
2951 2308 3015 2317 -
3047 2287 3086 2330 1.
3116 2301 3139 2324 α
3162 2283 3233 2331 Τὰ
3255 2283 3435 2343 δίκτυα,
3462 2289 3662 2334 vestem

2091 2353 2425 2403 tenuissimam
2442 2391 2453 2412 ,
2491 2364 2604 2413 quoe
2634 2365 2792 2414 quum
2819 2363 2996 2414 corpus
3022 2351 3147 2401 male
3178 2355 3325 2416 tegat,
3354 2352 3659 2406 desiderium

2093 2425 2201 2488 ipsa
2235 2421 2455 2472 nuditate
2484 2422 2824 2472 vehementius
2848 2421 3132 2472 inflammat.
3166 2425 3472 2486 Κακόσχολε,
3510 2429 3661 2478 mole

2092 2509 2174 2544 ‘me
2194 2507 2420 2544 morans.
2451 2494 2528 2542 Sic
2547 2507 2625 2556 ap.
2648 2492 2816 2543 AEsch.
2840 2497 3006 2556 Agam.
3034 2497 3137 2553 193,
3176 2497 3315 2542 πνοαὶ
3344 2496 3655 2559 κακόσχοὶιι.

2094 2565 2191 2614 Nisi
2218 2563 2380 2627 potius
2408 2563 2755 2614 ludificationis
2789 2577 2846 2613 ex
2874 2564 3149 2627 petulantia
3184 2565 3319 2612 notio
3348 2565 3491 2626 inest,
3522 2573 3579 2617 ut
3606 2570 3661 2618 iu

2094 2635 2518 2697 κακόσχολεὺεσθαι
2548 2655 2572 2676 ι»
2601 2636 2715 2685 Jac.
2743 2640 2867 2684 —3.
2894 2637 3505 2696 ὶεπτοστολιδὼμασιῦοά.,
3524 2653 3659 2688 corr.

2093 2705 2283 2755 Jacobs.
2314 2719 2429 2753 cum
2457 2705 2716 2764 Pit-mono,
2749 2706 2863 2754 ferri
2908 2707 3073 2754 tamen
3100 2704 3223 2755 illud
3246 2718 3390 2767 posse
3417 2713 3667 2758 annotans

2094 2776 2197 2838 ipse
2225 2779 2275 2825 et
2292 2774 2503 2825 Chardo.
2530 2801 2595 2811 ——
2614 2783 2658 2826 5.
2689 2776 2873 2838 Χαρίεν.
2915 2777 3018 2823 Jac.
3050 2773 3173 2824 bene
3201 2779 3449 2837 comparat
3477 2777 3629 2826 Catu!

2094 2846 2276 2897 lianum
2300 2865 2312 2893 :
2340 2847 2453 2896 Hoc
2481 2845 2682 2895 sotrum
2710 2857 2816 2895 esse
2838 2845 3032 2907 putas?
3056 2871 3122 2881 —
3152 2853 3196 2895 6.
3236 2863 3259 2887 «ι
3289 2847 3440 2895 Τοῦτο
3462 2845 3668 2899 dicebat

2094 2919 2353 2980 protervus
2368 2914 2517 2965 homo
2545 2930 2660 2965 cum
2696 2919 2853 2979 gestu.
2885 2916 2965 2965 Sic
2994 2915 3258 2965 vernacule
3286 2918 3573 2979 pronomine
3592 2932 3667 2987 φα

2096 2986 2145 3035 in
2170 2984 2363 3035 lusibus
2390 2984 2439 3035 id
2455 2998 2611 3048 genus
2630 2988 2748 3034 sunt
2776 2984 2862 3047 qui
2892 2983 3181 3034 abutuntur.
3214 3004 3237 3027 >s
3260 2984 3321 3033 B.

2158 3129 2260 3177 CV.
2290 3130 2517 3177 Lemma:
2539 3129 2603 3183 εἰς
2626 3128 2879 3186 Μινοφίὶαν
2895 3126 3022 3191 (sic).
3045 3132 3100 3177 In
3121 3128 3253 3177 Plan.
3282 3132 3357 3179 est
3378 3131 3661 3181 ἀδέσποτον.

2097 3230 2152 3241 -
2176 3206 2193 3249 1
2216 3197 2629 3255 edebatur'AUoe
2655 3200 2682 3247 ὁ
2708 3199 3022 3261 Μηνοφίλᾳ
3048 3199 3227 3258 λέγεται
3250 3202 3375 3261 παρὰ
3394 3204 3655 3265 μαχλάδι

2096 3269 2288 3328 κόσμος.
2318 3288 2341 3309 u
2364 3268 2606 3317 Revocavi
2631 3266 2826 3316 Codicis
2851 3266 2935 3329 [et
2961 3268 3133 3332 Plan]
3158 3270 3449 3331 scripturam
3467 3310 3480 3332 ,
3501 3287 3669 3336 quam

2096 3338 2247 3388 critici
2273 3340 2607 3388 mutaverunt.
2634 3340 2751 3387 Erat
2776 3339 2803 3386 ὁ
2822 3340 3087 3401 Μηνοφὶλας
3120 3340 3299 3399 κόσμος
3330 3340 3457 3391 inter
3496 3344 3670 3396 faceta

2095 3409 2403 3471 impurarum
2427 3410 2689 3459 mulierum
2715 3408 2863 3457 dicta.
2897 3430 2921 3452 ν
2944 3412 3006 3460 Β.
3030 3436 3092 3446 ——
3118 3415 3149 3459 3
3200 3410 3393 3459 ἀλλ’·ὅτι
3434 3412 3573 3464 Plan.
3603 3444 3665 3452 ·—

2096 3484 2144 3529 4.
2176 3498 2201 3521 «ι
2228 3478 2369 3529 Idem
2397 3478 2539 3529 lusus
2560 3478 2691 3528 circa
2718 3492 2896 3528 nomen
2923 3480 3109 3541 οὐρανός
3126 3518 3140 3539 ,
3182 3478 3373 3529 coelum
3416 3496 3473 3531 ac
3497 3486 3666 3545 pala-

2098 3553 2231 3611 tum,
2252 3549 2381 3598 int'ra
2395 3550 2481 3609 VI,
2508 3563 2584 3613 ep.
2620 3553 2694 3610 17,
2724 3553 2771 3599 4.
2794 3547 3038 3611 Hesychio
3070 3552 3193 3599 κύων
3222 3550 3358 3606 ὃηὶοῖ
3380 3553 3459 3599 καὶ
3486 3554 3545 3602 τὸ
3580 3556 3669 3603 ἀν-

2097 3621 2245 3681 δρεῖον
2266 3620 2424 3682 μορίον
2446 3621 2525 3668 καὶ
2546 3620 2600 3668 τὸ
2628 3620 2813 3681 ἅστρον.
2846 3622 2971 3668 Sunt
2993 3621 3193 3681 δίδυμοι,
3222 3620 3409 3670 Gemini
3433 3622 3671 3672 coelestes

2097 3693 2147 3740 et
2164 3692 2332 3739 teste-3.
2362 3690 2502 3739 cons.
2530 3688 2656 3738 int'ra
2678 3701 2755 3751 ep.
2784 3694 2887 3751 120,
2906 3696 2953 3737 0.
2980 3710 3002 3731 υ
3022 3692 3082 3739 Β.
3120 3692 3231 3740 Jam
3250 3705 3279 3741 a
3298 3704 3419 3740 voce
3446 3692 3657 3753 κόσμος,

2097 3774 2244 3809 versu
2279 3769 2321 3822 1,
2349 3759 2518 3824 incipit
2534 3754 2692 3809 lus'us.

2159 3904 2285 3952 CVI.
2308 3904 2507 3950 Lemma
2532 3914 2543 3942 t
2578 3903 2639 3957 εἰς
2668 3903 2889 3963 παρθένον
2915 3903 3107 3966 ὡραίαν.
3134 3930 3193 3938 ——
3218 3910 3256 3951 1.
3282 3903 3561 3965 Alloquitur
3586 3918 3680 3954 το.

2099 3972 2272 4030 talam,
2298 3972 2474 4033 puellae
2506 3984 2657 4033 quam
2684 3974 2829 4034 poeta
2855 3970 3043 4034 deperit
3077 3973 3319 4021 comitem.
3353 3994 3375 4014 κ
3412 3976 3672 4036 Expressit

2098 4039 2397 4089 homericum
2423 4041 2527 4098 φίλη
2551 4042 2735 4102 τροφός.
2758 4041 2957 4091 Accedit
2982 4041 3117 4103 quod
3144 4049 3289 4104 μαῖα,
3316 4046 3504 4105 τροφός.
3528 4050 3671 4103 τιτθί·Ι

2099 4112 2149 4157 et
2175 4109 2349 4158 similia
2386 4109 2434 4157 in
2466 4108 2709 4159 blanditiis
2732 4108 2968 4160 habendae
3008 4114 3141 4172 sunt,
3174 4112 3353 4175 quihus
3390 4113 3675 4163 utebantur

2098 4178 2245 4227 etiam
2259 4180 2294 4228 ii
2316 4178 2400 4241 qui
2428 4178 2619 4228 illarum
2646 4180 2831 4229 alumni
2858 4196 2951 4231 non
2972 4185 3153 4231 essent.
3171 4187 3333 4240 Quare
3352 4183 3401 4231 in
3419 4184 3673 4243 θρέπτειεα

2098 4248 2201 4297 sine
2227 4248 2438 4310 genitivo
2470 4247 2590 4297 nihil
2615 4250 2913 4299 offensionis.
2953 4272 2976 4293 υ
3008 4252 3234 4300 Meinek.
3264 4264 3313 4313 p.
3370 4256 3473 4301 140.
3498 4278 3567 4288 -
3610 4262 3666 4301 2.

2096 4318 2155 4376 δὴ
2180 4321 2319 4367 τόσον
2357 4317 2481 4378 conj.
2516 4319 2740 4377 Meinek.;
2773 4322 3002 4383 δύσμορον
3030 4321 3109 4370 vel
3150 4322 3415 4383 δύσποτμον
3450 4322 3663 4373 Jacobs.

2098 4388 2294 4437 Editum
2340 4389 2530 4451 optime
2574 4391 2743 4439 tuetur
2786 4392 3007 4455 Ungerus
3045 4394 3295 4454 Beitraeqe
3328 4404 3375 4454 p.
3407 4396 3483 4442 32.
3514 4419 3579 4428 -—
3606 4400 3664 4443 4.

2096 4460 2245 4517 ῖδίκην
2283 4459 2425 4517 cod..
2465 4472 2589 4509 corr.
2620 4462 2726 4509 Jac.
2772 4462 3047 4511 Brunckius
3086 4466 3137 4513 et
3172 4460 3311 4513 Both.
3344 4464 3477 4521 ἰδίην.
3522 4483 3546 4505 «ι
3578 4466 3673 4513 Sic.

2099 4529 2361 4578 vernacule
2412 4528 2594 4579 diceret
2643 4529 2815 4580 similis
2878 4535 3086 4595 nugator
3134 4552 3147 4580 z
3196 4536 3304 4581 vois
3353 4546 3553 4583 comme
3596 4538 3675 4596 jc·

2092 4602 2203 4647 suis
2234 4612 2357 4647 mon
2384 4597 2603 4649 chemin.
2636 4604 2709 4651 De
2736 4602 2985 4650 ἐπιὸαίνων
3014 4604 3168 4666 ἰχνεσι
3201 4602 3314 4651 vide
3341 4602 3405 4652 ad
3438 4606 3541 4663 ΧΠ,
3570 4618 3661 4667 ep.

2090 4674 2172 4719 84.
2194 4696 2258 4704 —-
2282 4677 2328 4719 6.
2358 4669 2677 4719 Proverbium
2712 4673 2789 4720 est
2822 4670 3052 4735 gallicum
3082 4685 3095 4714 2
3126 4684 3201 4721 un
3232 4672 3383 4721 chien
3430 4688 3671 4736 royac-ue

449 4737 688 4796 quantum
719 4735 870 4797 serat,
907 4740 998 4787 Καὶ
1021 4738 1160 4787 τόσον
1188 4738 1389 4799 dicens3
1423 4742 1684 4803 conspecto
1702 4740 1859 4803 pretio
1876 4754 2009 4804 pror·
2090 4740 2213 4789 bien
2238 4752 2313 4789 ἐιη
2333 4738 2541 4804 deeque.
2576 4760 2600 4785 n
2632 4742 2691 4790 B.

443 4818 541 4855 eus
575 4806 930 4856 contemnendo
956 4808 1130 4857 ancilla
1163 4806 1378 4859 breviter
1409 4812 1516 4859 :023
1551 4810 1746 4859 δύνασαι
1759 4846 1773 4872 ,
1805 4812 1856 4859 et
1889 4810 2007 4859 abit.

449 4873 629 4934 Aprica
674 4872 811 4932 haec,
859 4888 952 4925 nec
1001 4876 1209 4925 reseram
1265 4890 1380 4940 quae
1439 4878 1702 4931 commenti
1747 4881 1864 4929 sunt
1898 4881 2006 4928 Jac.

444 4957 500 5007 p.
533 4947 590 4993 73
617 4945 669 4993 et
697 4942 900 4994 Hecloer.
928 4958 976 5008 p.
1007 4948 1088 4995 40.
1115 4946 1203 4996 llle
1231 4946 1282 4995 in
1307 4946 1436 4995 notis
1454 4960 1571 4996 mss.
1599 4968 1610 4997 :
1643 4966 1666 4989 n
1689 4949 1819 4997 Fort.
1843 4951 1891 5011 β.
1928 4952 2006 5013 φέ-

2154 4882 2317 4932 cvn.
2349 4883 2549 4931 Lemma
2580 4902 2592 4931 ι
2622 4884 2685 4939 εις
2726 4873 2909 4946 ἑταίραν
2949 4884 3253 4948 ὑπερήφανον.
3298 4886 3356 4935 1n
3394 4884 3529 4933 Plan.
3574 4892 3671 4936 est

2098 4952 2281 5009 ἇόηὶον.
2300 4979 2362 4987 -
2385 4958 2424 5000 1.
2448 4954 2671 5003 Γινώσκω
2690 4952 2809 5003 cod.
2828 4979 2891 4991 —
2908 4958 2954 5004 3.
2978 4956 3141 5019 ἐρέθιζε
3156 4956 3292 5005 Plan.
3310 4962 3434 5015 —5,
3450 4962 3494 5005 0.
3519 4976 3545 4999 «ι
3572 4958 3670 5010 Sic
