3829 5747
896 208 1144 268 CAPUT
1184 208 1231 267 V
1236 208 1305 266 11.
1352 205 1908 268 EPlGRAMMATA
1951 203 2488 265 SEPULCRALlA.
3182 206 3300 263 395

142 352 295 411 Πάντα
317 346 461 423 λόγον
484 342 747 423 πεφύλαξο
776 342 864 400 τὸν
887 365 920 399 α
937 340 1077 421 ὗριο
1092 364 1136 398 ν·
1165 341 1282 401 οὐδὲ
1306 340 1370 400 τὰ
1403 341 1566 421 μικρὰ

200 438 326 505 λήθει
348 435 439 505 τὴν
461 426 701 511 γλώσσης
724 430 1005 489 ἀντίπαλον
1040 428 1289 507 Νέμεσιν.

494 607 631 657 631.
679 597 1253 656 ΑΠΟΛΛΩΝΙΔΟΥ.

138 748 223 806 Ἢν
248 748 340 824 ἄρα
368 744 601 816 Μιλήτου
629 743 891 813 Φοιὸήῖον
920 743 1079 824 ὅρμον
1107 742 1320 819 ἵκησθε,

199 835 358 901 λέξατε
384 834 612 910 Διογένει
634 838 883 907 πένθιμον
912 832 1183 909 ἀγγελίην,

138 931 236 988 παῖς
258 922 329 981 ὅτι
357 924 403 980 οῖ
422 920 644 999 ναυηγὸς
673 920 773 978 ὑπὸ
800 920 947 999 χθονὶ
972 917 1211 978 κεύθεται
1239 917 1455 999 Ἄνδρου

200 1010 415 1091 Δίφιλος,
441 1010 661 1087 Αἰγαίου
690 1016 833 1086 κῦμα
861 1007 996 1067 πιὼν
1023 1008 1297 1085 πελάγευς.

578 1176 716 1227 632.
781 1166 1177 1225 ΔΙΟΔΩΡΟΥ.

146 1316 377 1389 Κλίμακος
404 1315 455 1383 ἐξ
482 1314 663 1393 ὀλίγης
688 1314 861 1391 ὀλίγον
891 1314 1076 1394 βρέφος
1109 1316 1164 1373 ἓν
1192 1312 1454 1393 Διοδώρου

200 1403 439 1461 κάππεσεν
457 1446 475 1475 ,
500 1405 561 1461 ἐκ
588 1404 630 1461 δ’
660 1402 791 1480 ἐάγη
823 1404 1025 1479 καίριον
1048 1403 1377 1481 ἀστράγαλον
1394 1446 1411 1473 ,

142 1492 323 1560 δινηθεὶς
344 1492 685 1569 προκάρηνος.
714 1490 870 1549 Ἐπεὶ
890 1490 990 1568 [δ’]
1018 1488 1097 1547 ἴδε
1122 1495 1255 1549 θεῖον
1286 1488 1487 1549 ἄνακτα

202 1576 455 1653 ἀντόμενον
474 1621 490 1648 ,
522 1574 745 1642 παιδνὰς
773 1577 943 1635 αὐτίκ’
967 1576 1124 1636 ἔτεινε
1144 1576 1321 1655 χέρας.

142 1663 268 1723 Ἀλλὰ
292 1662 350 1722 σὺ
376 1663 639 1743 νηπιάχου
670 1662 877 1739 δμωὸς,
909 1664 1051 1735 κόνι,
1081 1664 1285 1739 μήποτε
1308 1663 1497 1743 βρίθειν

203 1752 367 1827 ὀστέα,
396 1758 485 1811 τοῦ
513 1752 711 1818 διετοῦς
733 1751 1013 1830 φειδομὲνη
1040 1750 1298 1831 Κόρακος.

538 1922 679 1974 633.
710 1911 1217 1973 ΚΡΙΝΑΓΟΡΟΥ.

146 2060 232 2119 Καί
255 2060 297 2139 ῤ’
323 2060 448 2131 αὖε-ἡ
471 2060 705 2139 ἤχλυσεν
736 2060 1053 2141 ἄκρέσπερος
1076 2060 1397 2118 ἀντέλλουσα

204 2153 339 2220 Μήνη
358 2196 373 2221 ,
394 2150 583 2217 πένθος
606 2150 689 2209 ἑὸν
718 2148 865 2208 νυκτὶ
890 2149 1235 2229 καλυψαμένη
1249 2194 1266 2221 ,

144 2238 292 2295 οὕνεκα
310 2238 401 2309 τὴν
419 2239 711 2317 χαρίεσσαν
730 2236 1009 2315 ὁμώνυμον
1038 2230 1143 2295 εἶδε
1169 2235 1405 2307 Σελήνην

203 2330 370 2385 ἄπνουν
400 2330 471 2393 εἰς
502 2324 717 2406 ζοφερὸν
742 2326 996 2400 δυομένην
1023 2319 1199 2396 ἀΐδην.

149 2412 277 2490 Κείνῃ
304 2414 399 2494 γὰρ
426 2415 518 2473 καὶ
540 2415 733 2482 κάλλος
760 2417 845 2472 ἑοῦ
868 2415 1156 2473 κοινώσατο
1184 2412 1349 2491 φωτὸς
1368 2455 1385 2483 ,

204 2503 279 2559 καὶ
306 2501 510 2563 θάνατον
540 2502 713 2573 κείνης
737 2500 879 2579 μίξεν
902 2504 973 2581 ἑῷ
999 2502 1193 2582 κνίφεϊ.

345 2677 478 2728 634.
524 2668 959 2728 ΑΝΤΙΦΙΔΟΥ
1002 2666 1450 2726 ΒΥΖΑΝΤΙΟΥ.

150 2811 421 2890 Χεκροδόκον
444 2818 703 2893 κλιντῆρα
732 2814 915 2872 Φίλων
944 2818 973 2871 ὁ
999 2812 1226 2890 πρέσόυς
1257 2811 1439 2892 ἀείρων

208 2903 438 2974 ἐγκλιδὸν,
468 2903 609 2984 ὄφρα
637 2903 794 2960 λᾶὅοι
824 2903 1003 2977 μισθὸν
1033 2901 1339 2980 ἐφημέριον,

148 2987 407 3064 σφάλματος
434 2989 488 3058 ἐξ
518 2989 715 3066 ὀλίγοιο
744 2989 922 3049 πεσὼν
946 2989 1113 3047 θάνεν·
1144 2981 1207 3060 ἦν
1232 2987 1331 3066 γὰρ
1360 2985 1565 3062 ἕτοιμος

208 3078 265 3141 εἰς
286 3073 425 3148 ἀίδην
440 3123 457 3150 ,
484 3079 667 3137 ἐκάλει
685 3079 730 3136 δ’
754 3083 787 3148 ἡ
814 3079 971 3148 πολιὴ
1000 3077 1278 3156 πρόφασιν·

149 3161 189 3219 ὃν
212 3164 247 3221 δ’
272 3165 433 3233 ἄλλοις
460 3167 637 3248 ἐφόρει
662 3165 1020 3237 νεκυοστόλον,
1048 3166 1200 3230 αὐτὸς
1228 3163 1303 3244 ἐφ’
1338 3168 1479 3244 αὑτῷ

210 3254 445 3326 ἀσκάντην
473 3259 503 3315 ὁ
526 3256 693 3334 γέρων
721 3257 1019 3334 ἀχθοφορῶν
1053 3253 1253 3311 ἔλαθεν.

625 3416 750 3466 635.
790 3418 909 3463 ΤΟΥ
944 3416 1151 3462 ΑΥΤΟΥ.

150 3547 263 3606 Ναῦν
289 3549 626 3628 Ἱεροκλείδης
652 3548 806 3630 ἔσχεν
827 3547 1085 3627 σύγγηρον
1103 3590 1119 3618 ,
1150 3546 1431 3622 ὁμόπλουν,

206 3639 286 3702 τὴν
308 3639 461 3709 αὐτὴν
492 3643 630 3708 ζωῆς
660 3639 750 3696 καὶ
778 3636 1001 3696 θανᾶτου
1032 3635 1274 3706 σύνοδον,

148 3725 303 3794 πιστὴν
328 3726 684 3805 ἶχθυὸολεῦντι
712 3723 1056 3804 συνέμπορον.
1091 3722 1248 3788 Οὔτις
1271 3721 1469 3792 ἐκείνης

152 3970 205 4012 Ne
224 3985 421 4018 sermone
442 3971 608 4035 igitur,
633 3970 717 4035 qui
740 3987 847 4018 cras
870 3979 1008 4018 sonet
1024 4004 1038 4023 ,
1078 3979 1212 4018 utere
1238 3986 1251 4020 ι
1284 3969 1449 4033 linguae

198 4053 407 4101 [ltrieem
426 4053 617 4117 fugiunt
639 4069 787 4120 parva
810 4069 899 4102 nec
926 4053 1009 4102 illa
1032 4057 1201 4102 Deam.
1338 4051 1354 4066 ⁹

642 4171 755 4219 631.
794 4187 1132 4219 Amazonum.

148 4277 183 4322 Si
206 4277 277 4324 tibi
296 4279 547 4328 Phoebeam
568 4278 727 4328 Mileti
749 4295 911 4328 cursus
933 4279 992 4327 ad
1018 4278 1185 4328 urbem
1207 4288 1305 4340 est,

200 4361 295 4408 nec
318 4377 428 4425 rogo
449 4361 653 4425 Diogeni
677 4377 774 4410 non
804 4347 928 4410 bona
950 4361 1096 4409 verba
1114 4359 1242 4408 refer
1262 4375 1275 4408 ι

148 4439 265 4490 lilius
280 4443 357 4493 ille
376 4454 485 4494 tuus
502 4445 592 4494 sub
618 4454 746 4494 terra
772 4444 999 4494 conditur
1024 4443 1178 4493 Andri
1200 4507 1205 4512 ι

198 4525 428 4591 Diphilus,
451 4533 609 4594 AEgaeo
631 4527 883 4592 naufragus
907 4528 957 4577 in
988 4528 1171 4593 pelago.

704 4666 819 4712 632.
864 4679 1093 4712 nxononi.

148 4777 204 4823 Dc
220 4779 429 4830 brevibus
449 4782 613 4842 scalis,
636 4782 835 4831 Diodori
858 4782 948 4830 sub
972 4783 1097 4838 lare,
1126 4798 1298 4848 pan'us

196 4863 367 4910 Decidit
384 4901 399 4925 ,
426 4872 478 4912 et
498 4879 675 4928 pronus
698 4865 814 4912 dum
842 4865 940 4913 ruit
956 4863 1067 4912 inde
1084 4879 1223 4929 puer,

148 4939 389 4992 verticulas
400 4945 540 5008 l'oegit
552 4982 569 5002 .
586 4955 905 5011 patruumque
924 4961 1173 4994 accurrere
1194 4961 1411 5006 cernens,

200 5027 292 5072 Heu
316 5041 469 5075 seram
490 5027 685 5078 tendens
704 5027 899 5078 brachia
917 5027 1086 5093 quaerit
1109 5043 1263 5093 opem.

1742 351 1950 398 Omnem
1960 360 2232 397 sermonem
2244 359 2363 397 cave
2372 346 2630 395 habentem
2643 366 2666 387 «ι
2680 359 2788 395 cras
2803 366 2824 387 υ
2842 365 2852 393 :
2872 359 2932 395 ne
2948 358 3095 408 parva
3107 343 3304 407 quidem

1802 437 1955 486 latent
1977 436 2156 499 linguae
2173 435 2398 485 infestam
2430 434 2689 484 Nemesim.

2233 606 2340 649 631.
2381 601 2812 649 APOLLOMDAE.

1743 761 1855 808 Jam
1878 758 1921 807 si
1946 758 2097 807 Mileti
2123 756 2430 819 Apollineum
2453 756 2732 821 ad-portum
2752 756 2984 807 veneritis
2998 795 3011 818 ,

1805 845 1954 896 dicite
1978 845 2181 909 Diogeni
2201 845 2486 895 luctuosum
2511 845 2748 895 nuncium
2762 882 2775 905 ‚

1745 938 1958 990 puerum
1982 924 2168 975 scilicet
2187 924 2294 986 eius
2319 925 2610 989 naufragum
2631 924 2726 973 sub
2749 926 2879 974 terra
2897 923 2998 987 tegi
3017 921 3162 973 Andri

1806 1014 2058 1077 Diphilum
2075 1050 2090 1075 ,
2119 1012 2271 1076 AEgaei
2289 1012 2493 1062 lluctum
2515 1011 2742 1075 qui-bibit
2767 1012 2922 1075 ponti.

2317 1186 2424 1231 632.
2453 1182 2736 1232 DIODORI.

1747 1340 1885 1390 Scala
1910 1353 1966 1389 ex
1983 1352 2133 1403 parva
2159 1352 2342 1402 parvus
2363 1338 2521 1387 inians
2539 1338 2589 1387 in
2603 1336 2802 1387 Diodori
2824 1337 2976 1387 clo-mo

1807 1428 2015 1491 decidit,
2045 1430 2095 1479 ct
2123 1426 2384 1491 fregit-sibi
2411 1426 2619 1476 letaliter
2641 1426 2942 1485 vertebram,

1748 1516 1998 1566 volutatus
2024 1529 2260 1580 praeceps.
2297 1515 2385 1565 Ubi
2408 1529 2526 1565 vero
2553 1514 2678 1566 vidit
2692 1514 2913 1564 divinum
2936 1513 3184 1565 dominum

1809 1607 2146 1655 accurrentem
2159 1643 2172 1666 ‚
2197 1606 2408 1668 pueriles
2425 1604 2556 1653 illico
2573 1603 2811 1654 tendebat
2839 1616 3029 1653 manus.

1748 1693 1843 1743 Sed
1860 1696 1916 1743 tu
1941 1693 2140 1743 infantis
2164 1693 2351 1753 famuli,
2373 1708 2404 1741 o
2428 1692 2592 1755 pulvis
2608 1727 2623 1754 ,
2644 1692 2984 1755 noli-unquam
3005 1704 3228 1755 premere

1810 1798 1924 1835 ossa
1937 1824 1950 1845 ,
1979 1784 2165 1834 bimulo
2185 1796 2384 1847 parcens
2403 1782 2590 1833 Coraci.

2257 1944 2366 1991 633.
2401 1940 2794 1989 cnlNAGoRAE.
2895 1954 2904 1965 ·

1750 2085 1911 2144 Atque
1933 2081 2040 2145 ipsa
2057 2080 2173 2129 obse
2180 2081 2410 2130 aravit—se
2423 2079 2806 2142 primo-vespere
2831 2092 3035 2143 surgens

1811 2163 1968 2221 Luna,
1988 2160 2180 2209 luctum
2199 2173 2348 2209 suum
2371 2161 2514 2208 nocte
2531 2160 2702 2208 velans
2715 2196 2728 2221 ,

1750 2248 1885 2311 quod
1908 2250 2164 2299 venustam
2186 2247 2522 2311 cognominem
2547 2246 2672 2297 vidit
2697 2247 2898 2297 Selenen

1812 2338 2084 2387 exanimem
2109 2336 2170 2385 ad
2186 2336 2470 2387 tenebrosos
2494 2333 2867 2385 descendentem
2883 2334 3077 2385 inferos.

1754 2426 1827 2475 llli
1852 2424 1982 2475 enim
1995 2428 2046 2475 et
2065 2422 2477 2488 pulchritudinem
2506 2423 2584 2473 sui
2611 2423 3056 2473 communicaverat
3079 2424 3294 2486 luminis,

1814 2516 1865 2563 et
1888 2515 2096 2563 mortem
2121 2512 2251 2562 illius
2278 2511 2384 2573 conj
2393 2511 2526 2561 unxit
2547 2510 2654 2561 suis
2683 2511 2910 2561 tenebris.

2151 2671 2262 2719 ⁶34.
2289 2668 2613 2717 ANTIPHILI
2642 2668 2902 2716 BYZANT.

1755 2822 2448 2890 susceptricem-mortuorum
2479 2822 2702 2873 lecticam
2739 2822 2876 2872 Philo
2894 2836 3038 2873 senex
3064 2824 3234 2875 tollens

1817 2915 2295 2976 inclinato-corpore,
2322 2915 2379 2962 ut
2395 2916 2613 2963 sumeret
2633 2911 2908 2962 mercedem
2935 2912 3160 2962 diurnam
3177 2949 3191 2974 ‚

1755 3003 1893 3067 lapsu
1922 3017 1978 3053 ex
2011 3015 2164 3066 parvo
2188 3001 2442 3065 procidens
2464 3000 2614 3059 obiit;
2651 3003 2756 3050 erat
2781 3000 2916 3050 enim
2944 3004 3170 3051 maturus

1819 3090 1883 3140 ad
1910 3103 2096 3150 orcum,
2125 3089 2463 3151 vocabantque
2483 3088 2591 3138 cani
2609 3088 2930 3138 occasionem.

1758 3181 1903 3239 Quod
1927 3194 2044 3230 vero
2062 3179 2168 3228 aliis
2192 3177 2411 3243 gestabat
2429 3177 2900 3228 mortuos—deserens
2925 3176 3202 3237 feretrum,
3225 3177 3319 3240 ipsi

1823 3270 2056 3318 feretrum
2081 3281 2230 3318 senex
2251 3265 2500 3328 baiulabat
2521 3265 2734 3316 nescius.
3195 3265 3319 3330 [sihi

2293 3415 2401 3460 635.
2452 3418 2752 3462 musnet.

1760 3551 1944 3598 Navem
1968 3547 2270 3598 Hieroclides
2299 3545 2474 3597 habuit
2498 3546 2680 3614 sociam
2701 3545 2910 3595 senectae
2932 3579 2944 3602 ‚
2977 3543 3156 3592 sociam
3179 3543 3318 3591 navi-

1823 3637 2029 3688 eandem
2048 3638 2166 3688 vitae
2182 3640 2234 3687 et
2249 3637 2421 3686 mortis
2441 3636 2670 3686 comitem
2689 3675 2700 3696 ‚
3076 3632 3318 3696 metionis,

1762 3727 1908 3777 fidam
1936 3728 2142 3790 piscanti
2164 3726 2514 3776 viee-sodalem.
2547 3725 2690 3774 Nulla
2716 3725 2838 3774 dum
2864 3724 2945 3772 illa

1758 3971 1830 4015 'l'u
1850 3981 1999 4032 puero
2027 3963 2266 4012 famularis
2290 3961 2462 4011 humus
2491 3963 2554 4011 sis
2580 3961 2733 4021 mitis,
2755 3972 2804 4011 et
2825 3979 2928 4012 ossa

1828 4051 1899 4097 Ne
1921 4061 2083 4111 preme
2109 4061 2122 4096 :
2150 4045 2230 4094 sed
2254 4044 2410 4093 bimus
2430 4045 2492 4094 sit
2514 4051 2596 4093 tua
2613 4059 2726 4093 cura
2751 4047 2922 4095 Corax.

2190 4148 2307 4202 634.
2339 4161 2603 4194 annerum
2640 4162 2887 4195 annum.

1763 4252 1886 4296 Dum
1906 4246 2044 4296 Philo
2074 4245 2369 4310 sandapilam
2395 4245 2624 4294 mercedis
2647 4261 2810 4296 amore
2837 4247 3019 4296 diurnae

1830 4331 1978 4380 Effert
1995 4331 2095 4394 jam
2116 4329 2250 4379 senio
2271 4329 2598 4395 praecipitante
2621 4330 2774 4394 gravis
2789 4368 2804 4390 ,

1764 4416 1942 4478 Exiguo
1968 4415 2099 4479 lapsu
2116 4413 2322 4461 moritur
2344 4429 2356 4462 :
2385 4429 2474 4462 nec
2501 4413 2651 4462 miror
2679 4430 2692 4464 :
2721 4414 2890 4478 egebat

1830 4501 2078 4546 Memento
2097 4497 2179 4546 ssni
2200 4497 2414 4562 proxima
2442 4497 2538 4545 vita
2559 4497 2668 4546 levi.

1764 4584 1841 4632 Sic
1866 4581 2076 4630 funebre
2101 4595 2244 4630 senex
2261 4581 2364 4629 aliis
2389 4590 2582 4646 portare
2603 4580 2831 4630 feretrum

1835 4668 1958 4714 Dum
1983 4671 2140 4728 parat,
2167 4662 2441 4728 imprudens
2467 4661 2562 4711 hoc
2585 4662 2698 4711 tulit
2721 4663 2820 4728 ipse
2847 4663 2955 4712 sibi.

2354 4769 2471 4818 635.
2508 4785 2738 4817 museum.

1769 4861 2028 4911 Consenuit
2051 4861 2183 4909 navis
2199 4861 2394 4910 domino
2417 4878 2428 4911 :
2463 4862 2662 4927 *nmque
2685 4863 2908 4927 necisque

1837 4948 1950 4992 llaec
1981 4943 2263 4992 Hieroclidae
2291 4945 2460 4993 mansit
2487 4945 2664 5009 ubique
2689 4961 2862 4994 comes.

1720 4989 1730 5072 i
1774 5033 1883 5076 naec
1903 5028 2124 5093 piscantis
2147 5036 2244 5076 erat
2269 5043 2460 5078 consors
2483 5028 2606 5078 benc
2625 5028 2714 5078 lida
2730 5065 2745 5090 ,
2770 5044 2858 5077 nec
2884 5028 3015 5076 alnus

2993 5109 3004 5128 0
