3829 5747
1334 259 1411 317 ΙΝ
1456 259 1702 320 CAPUT
1744 259 1871 318 Vlll
1917 259 2372 321 ΑΝΝΟΤΑΤΙΟ.
3343 267 3458 324 547

264 376 404 426 blica.
441 376 683 426 Abraham
708 377 933 427 mortuus
949 377 1028 426 est
1042 379 1301 442 πρεσῦΰτης
1314 381 1393 428 καὶ
1412 383 1588 446 πλήρης
1613 386 1816 445 ἡμερῶν.
1860 390 1870 420 ¹
1969 385 2141 434 xxvl.
2176 389 2265 448 Ap.
2308 386 2489 435 Mutat.
2525 399 2573 448 p.
2604 391 2682 436 81.
2728 411 2790 422 -
2833 393 2860 437 2
2895 388 3106 450 προχέεις
3149 387 3269 438 cod.
3309 409 3332 431 σι
3365 390 3460 438 Sed

262 446 511 496 Gilbertus
536 446 633 495 oda
671 445 999 509 pulcherrima
1041 467 1053 495 ι
1086 447 1245 505 Qu’lls
1284 453 1521 498 meurmt
1550 452 1717 512 pleim
1757 451 1820 498 de
1864 446 1869 498 ἴ
1906 455 2094 516 προχέει
2131 452 2356 502 firmatur
2381 454 2623 516 scriptura
2653 459 2816 518 προχεὶ
2859 455 3045 505 codicis
3077 455 3380 505 Ambrosiani
3411 461 3463 506 et

254 515 441 576 jours!
465 528 561 578 que
582 515 699 564 leur
724 517 863 566 mort
878 517 980 564 soit
1000 515 1229 577 plear-ee.
1260 517 1355 576 Qui
1383 518 1483 568 siut
1512 519 1625 568 anni
1660 524 1817 568 terre-
1863 538 1867 571 ε
1900 521 2085 582 judicio
2110 523 2339 574 Jacobsii.
2367 526 2536 573 Nonna
2554 563 2567 584 ,
2589 523 2709 574 dum
2729 525 2950 583 vivebat,
2971 528 3124 574 πενθεῖ
3152 529 3310 582 πένθος
3338 529 3460 575 ἅπαν

258 587 389 634 ,ιω-οε
406 599 471 634 ac
492 585 718 635 coelestes
743 586 849 649 ipse
880 585 1087 648 explicat
1107 587 1364 650 Gregorius
1386 601 1464 652 ep.
1492 593 1563 638 12.
1588 609 1613 633 ι·
1642 591 1705 638 Β.
1728 591 1817 638 At·
1862 583 1885 649 ἶ·
1903 591 2074 641 τίουσαι
2110 592 2204 643 suit
2223 633 2236 654 ,
2265 596 2394 644 teste
2417 593 2520 644 filio
2539 607 2687 658 supra
2711 608 2790 658 cp.
2823 598 2899 645 24.
2934 616 2958 638 ν
2987 597 3047 644 Β.
3079 626 3134 636 -
3157 601 3186 644 3
3207 599 3289 654 ἥδε
3315 597 3458 659 Co‹l.;

258 667 357 716 que
374 653 449 704 sic
468 657 721 718 acceperat
745 655 893 705 etiam
920 657 1025 704 sac.
1059 675 1071 704 ι
1105 675 1129 698 α
1158 658 1391 720 Οὐράνια,
1422 657 1635 722 intellige
1667 671 1820 708 annos
1904 661 1988 718 ἥδε
2023 665 2176 725 Μαι,
2201 677 2328 714 corr.
2357 666 2462 714 Jac.
2491 690 2554 700 —
2572 668 2599 714 4
2630 665 2808 723 ἁπαλῆς
2836 664 3106 728 corrigebat
3139 668 3356 726 Passov„
3385 671 3460 716 te-

258 723 309 774 in
328 737 532 775 munere
558 724 844 776 sacerdotali
870 729 1155 775 transactos.
1191 748 1214 770 »

323 857 422 904 XX.
446 860 537 919 Ap.
566 859 743 906 Murat.
773 870 823 921 p.
859 858 937 907 74.
965 881 1026 891 —
1058 861 1077 905 1
1106 857 1211 906 τόδε
1231 860 1272 905 Θ.
1304 857 1425 907 cod.
1456 879 1479 900 «c
1510 860 1708 910 Rectius
1728 873 1810 923 ap.

216 923 225 932 '
258 926 436 974 murat.
463 927 517 974 τὸ
546 927 613 984 δὲ,
644 939 759 988 quae
797 924 1149 984 interjectionis
1174 926 1275 976 vim
1314 927 1525 988 habent;
1567 929 1699 979 conf.
1738 943 1813 994 ep.

253 998 355 1113 32}
367 1003 413 1044 5.
440 1021 501 1030 —
521 1002 568 1044 2.
596 997 749 1046 Ῥίψε.
781 997 855 1044 De
878 994 983 1043 Elia
1008 995 1246 1058 cogitasse
1269 997 1465 1048 videtur
1490 999 1765 1062 Gregorius
1790 1019 1814 1042 υ

316 1198 437 1245 ΧΧΙ.
470 1199 561 1258 Ap.
589 1197 768 1245 Mutat.
796 1209 845 1258 p.
869 1199 947 1246 75.
972 1221 1037 1232 --
1064 1203 1091 1245 2
1114 1199 1320 1257 Βηθλεὲμ
1346 1197 1455 1246 cod.
1491 1197 1665 1248 Medic.
1689 1198 1813 1248 Vide

250 1264 399 1314 Mich.
430 1269 491 1324 V,
528 1272 586 1324 23
624 1266 799 1316 Matth.
837 1269 896 1325 ll,
931 1275 978 1316 θ.
1014 1292 1073 1303 -
1105 1273 1133 1316 3
1158 1271 1219 1322 ὡς
1248 1271 1289 1316 δ’
1316 1268 1437 1316 Cod.
1476 1269 1702 1319 Otiosum
1736 1273 1812 1320 est

246 1338 311 1384 δ’.
340 1363 402 1374 —
436 1343 467 1387 4
492 1340 575 1394 τὴν
601 1339 676 1386 σοὶ
716 1337 823 1386 cod.
863 1336 1111 1395 Ambros„
1153 1357 1176 1380 e«
1210 1337 1341 1400 quod
1374 1337 1506 1388 idem
1528 1343 1606 1390 est
1636 1353 1695 1389 ac
1728 1345 1813 1398 τὴν

248 1409 329 1468 σὺ,
350 1421 497 1458 aures
526 1407 721 1458 fallente
742 1407 1012 1457 iotacismo.
1041 1427 1065 1450 ι»
1089 1409 1149 1456 Β.

312 1539 575 1600 xx11.ap.
618 1539 783 1586 Mutat
842 1549 891 1600 p.
921 1540 998 1586 7⁶.
1040 1563 1100 1573 -
1140 1541 1159 1585 1
1202 1538 1265 1585 ενι
1291 1554 1421 1600 χερσ.
1464 1551 1543 1600 ap.
1576 1541 1700 1589 Mur.
1752 1566 1812 1577 —
1853 1530 1863 1596 l

246 1615 297 1658 2.
329 1627 355 1650 σι
382 1608 542 1672 Vulgo
566 1609 625 1657 σὺ
656 1609 706 1656 δέ
726 1625 825 1668 μοι,
845 1609 1020 1656 τέκνον.
1048 1606 1195 1656 Malui
1224 1607 1293 1656 ita
1310 1607 1625 1672 distinguere.
1655 1611 1711 1658 ut
1734 1629 1812 1670 pm

243 1679 408 1727 τέκνον
446 1679 613 1740 posset
650 1677 854 1740 legendo
897 1676 1089 1735 divelli;
1119 1679 1197 1726 est
1236 1677 1365 1726 enim
1398 1677 1529 1727 idem
1569 1692 1627 1728 ac
1652 1680 1812 1727 τέκνον

244 1765 350 1808 μοι,
375 1750 539 1796 τέκνον
582 1747 713 1808 ἐμόν.
754 1746 805 1795 Si
830 1747 943 1808 quis
980 1750 1145 1796 tamen
1174 1747 1393 1809 junxerit
1435 1765 1513 1810 μοι
1549 1749 1811 1808 σημαίνειν,

248 1818 532 1878 pleonasmo
566 1819 683 1867 noto
720 1815 1046 1880 pronominis,
1094 1831 1188 1866 non
1234 1816 1377 1866 valde
1422 1818 1809 1880 repugnaverim.

244 1889 605 1948 Nonnunquam
622 1886 673 1935 in
689 1884 869 1935 talibus
885 1887 965 1934 est
984 1885 1215 1949 quaedam
1234 1885 1565 1948 distinguendi
1590 1887 1810 1938 difficul-

246 1963 341 2005 tas».
370 1956 484 2006 Vid.
506 1959 608 2005 not.
638 1955 703 2004 ad
727 1955 893 2018 EurIp.
924 1956 1030 2018 lph.
1052 1959 1109 2004 A.
1132 1960 1241 2006 ⁶03.
1268 1976 1289 1998 u
1312 1957 1375 2004 B.

310 2085 483 2133 xxm.
529 2087 619 2147 Ap.
664 2085 842 2133 Mutat.
878 2097 926 2146 p.
957 2087 1034 2132 77.
1078 2110 1142 2119 -
1187 2088 1207 2132 1
1248 2084 1451 2146 στράψεν
1478 2084 1525 2132 ἐν
1562 2096 1641 2146 ap.
1678 2086 1807 2133 Mur.

246 2174 271 2196 «ι
302 2153 468 2202 Verba
491 2152 563 2202 sic
586 2151 830 2215 jungenda
859 2166 871 2196 2
906 2155 1107 2216 Χριστὸς
1129 2155 1341 2216 ἧστραψε
1370 2155 1569 2214 τούτοις,
1601 2157 1670 2211 οἷς
1696 2174 1811 2207 ποτε

242 2223 447 2285 &nuptm
479 2223 527 2270 ἐν
550 2223 665 2285 ὄρει,
696 2221 876 2284 quibus
906 2223 1227 2284 praesentibus
1253 2221 1317 2272 de
1344 2227 1511 2274 monte
1538 2225 1589 2273 in
1624 2226 1809 2277 coelum

242 2297 325 2342 est
350 2292 574 2341 sublatus
600 2291 727 2354 [imo
745 2330 758 2352 ,
783 2291 833 2340 in
870 2294 1035 2341 monte
1075 2297 1153 2343 est
1200 2293 1600 2356 transfiguratus,
1632 2296 1807 2346 matth.

242 2363 403 2421 xvll,
422 2361 503 2424 2,].
533 2363 695 2410 Carm.
716 2359 919 2420 XXXlX,
950 2367 1025 2419 23,
1056 2376 1105 2424 p.
1130 2366 1235 2422 101,
1263 2364 1301 2410 C
1326 2379 1339 2410 2
1360 2363 1589 2420 ἠλλάξατο
1611 2367 1814 2431 μορφὴν,

242 2431 557 2494 &potandos
577 2433 719 2490 φίλοις
748 2432 922 2490 ἠελίοιο
948 2433 1101 2480 πλέον·
1134 2435 1185 2481 et
1202 2437 1432 2482 Arcanor.
1458 2434 1499 2492 1,
1528 2437 1600 2492 11,
1628 2448 1674 2496 p.
1704 2440 1807 2496 1ῢ1,

240 2507 300 2550 Α.
336 2523 359 2544 »ι
388 2503 502 2550 Jac.
532 2527 593 2536 -—
617 2509 644 2550 2
668 2502 819 2563 στάψε
856 2501 996 2560 Cod.,
1021 2501 1109 2550 sed
1142 2504 1273 2550 recte
1315 2501 1366 2550 In
1399 2516 1561 2565 apogr.
1601 2505 1711 2552 Par.
1747 2533 1805 2544 -

239 2578 271 2621 3
298 2577 499 2630 tiquam·
526 2569 669 2630 Cod.,
703 2569 793 2620 sed
820 2576 951 2621 recte
980 2585 1060 2634 ap.
1090 2572 1216 2620 Mur.
1248 2575 1302 2620 ln
1348 2571 1445 2620 fine
1472 2571 1595 2620 cod.
1626 2573 1688 2628 ὣς
1730 2574 1805 2622 δε-

238 2645 371 2700 καο.,
392 2645 519 2690 Mur.
551 2645 613 2696 ὡς
628 2642 679 2690 δὲ
705 2644 832 2703 καθ.,
862 2643 1195 2704 apographum
1222 2646 1284 2697 ὡς
1308 2642 1347 2690 δ’
1370 2645 1439 2690 ἐκ.
1468 2669 1530 2678 ——-
1550 2647 1606 2694 ln
1626 2657 1801 2707 marg:

238 2716 328 2769 ἓως
349 2713 443 2762 ὧδε
471 2713 531 2760 τὰ
556 2713 621 2767 εἰς
647 2713 728 2760 τὸν
748 2715 928 2775 πατέρα
949 2719 1029 2760 τοῦ
1050 2711 1279 2774 θεολόγον
1304 2713 1647 2775 ἐπιγράμματα.

302 2846 472 2896 XXIV.
510 2847 567 2895 ln
594 2855 768 2907 marg.:
793 2848 877 2893 τοῦ
902 2845 1046 2892 αὐτοῦ
1074 2845 1137 2899 εἰς
1160 2845 1243 2903 τὴν
1275 2843 1396 2892 ἰδίαν
1425 2845 1600 2907 μητέρα
1626 2845 1801 2894 Νόνναν

237 2919 544 2977 καλουμένην.
577 2920 669 2978 Ap.
698 2918 880 2963 Murat.
912 2928 961 2976 p.
993 2918 1071 2963 77.
1106 2934 1127 2955 τι
1155 2916 1211 2963 In
1250 2915 1477 2963 lemmate
1496 2917 1799 2977 moui-natis?-

235 3004 329 3037 σαν
362 2984 626 3036 illustrabit
652 2986 791 3033 locus
812 2984 1029 3047 Gregorii
1064 2986 1206 3033 Orat.
1233 2985 1354 3042 xxi,
1375 2997 1426 3046 p.
1458 2989 1562 3045 188,
1585 2985 1648 3035 de
1678 2988 1802 3035 Gor-

234 3056 397 3117 gonioe
420 3056 528 3117 ejus
548 3054 729 3104 sororis
752 3058 911 3105 morte
938 3068 949 3095 =
974 3056 1122 3109 οὕτως
1146 3054 1296 3109 ἐκείνη
1316 3055 1473 3103 λύεται
1489 3092 1504 3116 ,
1519 3057 1548 3113 ἢ
1572 3058 1806 3117 προσλαμ-

236 3128 431 3174 ὃανεται
467 3130 685 3187 κρεῖσσον
711 3126 885 3183 εἰπεῖν,
908 3128 937 3182 ἢ
963 3124 1216 3186 ἀφίπταται
1254 3126 1284 3181 ἢ
1310 3128 1629 3185 μετοικίζεται.
1658 3127 1803 3175 Conf.

232 3199 418 3247 Murat.
444 3194 627 3244 Anecd.
647 3207 698 3258 p.
730 3200 837 3245 100.
864 3214 887 3238 ι»
923 3197 983 3244 Β.
1017 3219 1078 3229 ——
1108 3198 1127 3242 1
1156 3194 1237 3254 ἦεν
1272 3197 1460 3256 ἔρεισμα
1483 3194 1593 3243 cod.
1634 3198 1801 3245 Mura-

234 3266 373 3325 torii,
393 3285 417 3309 a
442 3266 651 3314 fortasse
674 3264 874 3314 rectius.
904 3284 927 3308 ν
951 3267 1059 3315 Jac.
1096 3290 1157 3301 --
1176 3268 1206 3314 3
1231 3266 1421 3313 ὑπόεικε
1444 3264 1553 3313 cod.
1578 3264 1801 3314 Ambros.

236 3356 259 3376 κ
289 3336 454 3398 Vulgo
484 3334 805 3398 distinguitur
848 3337 1026 3398 ἑορταῖς
1054 3334 1349 3397 εὐφροσύνης·
1392 3334 1547 3397 ἀχέων
1584 3338 1680 3384 ete.
1710 3336 1806 3385 Sed

230 3420 340 3468 quo
366 3410 547 3455 sensu?
572 3419 673 3469 qua
682 3405 983 3469 syntaxi?an
1007 3405 1319 3467 εὐρροσύνῃςὲ
1337 3404 1431 3453 Sed
1456 3404 1679 3468 displicet
1695 3418 1805 3455 con-

228 3491 415 3527 cursus
441 3477 737 3527 dativorum.
772 3474 923 3525 Malui
952 3475 1273 3539 distinguere,
1302 3478 1361 3524 ut
1384 3476 1541 3525 vides,
1565 3479 1633 3525 Ut
1664 3476 1800 3525 dolo·

232 3562 369 3606 rum,
404 3547 475 3595 ita
502 3550 552 3597 et
579 3546 762 3596 laetitiae
792 3548 973 3595 testem
1011 3545 1099 3593 Dei
1130 3545 1385 3595 ecclesiam
1416 3544 1586 3595 habuit
1616 3549 1800 3595 Nonna.

232 3621 405 3675 Quum
431 3618 497 3667 ob
528 3618 716 3667 luctum
736 3620 787 3667 ct
806 3630 950 3665 suum
974 3620 1026 3666 et
1057 3616 1263 3665 aliorum
1283 3616 1498 3675 dolebat,
1522 3616 1574 3665 in
1600 3618 1804 3668 ecclesia

232 3690 345 3735 Deo
379 3686 604 3737 lacrimas
633 3686 893 3739 offerebatz
925 3699 1079 3747 quum
1136 3686 1394 3749 gaudebat,
1440 3687 1505 3737 ob
1535 3686 1634 3737 diei
1675 3689 1803 3738 sacri

231 3758 554 3807 festivitatem
578 3759 711 3817 laeta,
731 3759 779 3807 In
797 3757 1004 3806 ecclesia
1027 3756 1269 3820 gaudebat
1292 3758 1374 3820 pia
1402 3758 1597 3818 semina,
1622 3772 1717 3807 non
1746 3763 1804 3809 ut

230 3828 349 3876 alioe
376 3828 427 3877 in
447 3828 659 3879 theatris
682 3831 732 3878 et
761 3828 855 3877 viis
876 3832 929 3877 et
957 3828 1077 3877 locis
1108 3827 1215 3877 aliis
1249 3840 1348 3877 uon
1382 3827 1581 3877 sanctis.
1606 3830 1666 3877 Se
1689 3828 1799 3877 illu·

228 3896 540 3960 strabit‘ipse
562 3900 707 3947 Pater
722 3900 858 3948 Orat.
889 3899 1012 3958 xlx,
1032 3912 1081 3961 p.
1106 3902 1213 3955 292,
1236 3896 1319 3945 uhi
1342 3895 1405 3947 de
1438 3900 1605 3947 Nonna
1629 3916 1640 3946 :
1664 3899 1744 3947 καὶ
1774 3898 1801 3947 ὃ

228 3969 415 4015 τούτων
449 3968 845 4031 θαυμαστότερον,
882 3970 937 4017 τὸ
974 3969 1039 4030 μή
1080 3984 1193 4016 ποτε
1211 3972 1438 4015 τοσοῦτον
1463 3970 1623 4016 δοῦναι
1648 3970 1800 4017 πένθει

230 4042 529 4098 σωματικῷ,
572 4037 726 4086 καίτοι
766 4053 821 4099 γε
859 4037 1165 4101 διαφερόντως
1207 4040 1542 4100 καμπτομένην
1589 4040 1669 4087 καὶ
1705 4044 1799 4094 τοῖς

229 4110 335 4153 τῶν
351 4106 488 4161 ξένων
506 4106 722 4168 πάθεσιν,
753 4110 877 4155 ὥστε
894 4109 925 4166 ἢ
950 4106 1116 4167 γοεράν
1135 4124 1249 4155 ποτε
1267 4108 1358 4169 πρὸ
1384 4113 1464 4163 τῆς
1498 4108 1796 4170 εὐχαριστίας

226 4384 475 4442 παρούσης
500 4388 690 4449 ἡμέρας·
716 4388 872 4451 ψυχῆς
895 4388 984 4450 γὰρ
1003 4388 1118 4436 εἶναι
1149 4390 1384 4449 θεοφιλοῦς
1410 4387 1676 4435 ὑποκλίνειν
1706 4394 1799 4442 τοῖς

228 4451 373 4507 θείοις
396 4452 523 4502 ἅπαν
547 4454 847 4518 ἀνθρώπινον.
870 4476 893 4499 ι»
922 4458 981 4504 Β.
1004 4483 1064 4493 -
1085 4464 1111 4506 5
1132 4458 1357 4521 δάκρυσσι
1378 4460 1483 4506 Jac.
1514 4458 1563 4506 in
1592 4458 1718 4507 Add.
1750 4461 1802 4508 et

230 4526 406 4571 nostro
428 4524 677 4587 exemplo;
705 4526 792 4575 sed
816 4527 1025 4590 δίχρονον
1054 4540 1133 4589 ap.
1167 4528 1455 4591 Gregorium
1475 4546 1504 4577 υ
1536 4528 1637 4591 jam
1664 4528 1791 4578 vidi·

228 4605 365 4641 mus.
387 4622 449 4635 -
470 4598 515 4642 ὃ.
557 4614 579 4637 «ι
607 4598 790 4646 Sensus
817 4617 830 4645 ι
858 4599 961 4647 sola
987 4612 1109 4646 crux
1144 4598 1241 4647 vim
1278 4597 1491 4647 habebat
1517 4599 1625 4649 illos
1652 4599 1793 4648 lacri-

226 4674 429 4710 marum
448 4664 689 4714 torrentes
712 4666 931 4715 sistendi.
955 4686 979 4709 υ
1002 4670 1109 4717 lac.

302 4781 441 4828 XXV.
477 4784 567 4843 Ap.
611 4783 788 4831 Murat.
836 4798 882 4846 p.
913 4788 989 4834 74.
1026 4804 1050 4827 κ
1082 4785 1341 4847 insigniter
1378 4789 1471 4835 lioc
1502 4787 1650 4849 epigr.
1682 4786 1795 4835 illu·

226 4851 422 4897 strauit
449 4850 681 4899 Oratione
724 4852 852 4909 XIX,
895 4866 943 4914 p.
976 4860 1083 4903 292.
1119 4874 1143 4895 υ
1183 4858 1300 4903 Jac.
1330 4854 1487 4903 Etiam
1514 4852 1799 4917 praecedens

1862 722 1865 747 ¹
1904 743 2055 781 mere.
2086 735 2302 792 Μεγάλης
2320 737 2426 784 Jac.
2460 733 2730 796 accipiebat
2751 737 2996 797 potentis,
3029 738 3084 784 ut
3109 735 3173 784 ad
3197 736 3459 786 efficaciam

1904 814 2106 862 precum
2138 805 2322 852 Nonnae
2347 803 2698 866 respiceretur-3
2737 804 2889 854 Boias.
2939 805 3084 855 vertit
3121 806 3334 868 nobilis,
3373 808 3461 858 sed

1904 871 2158 930 praeferam
2183 872 2407 922 alterum.
2428 899 2488 909 —
2508 876 2554 921 7.
2583 873 2774 922 Novum
2793 873 3089 936 epigramma
3115 875 3162 924 in
3183 876 3325 936 Cod.,
3345 892 3460 927 cum

1904 938 2134 992 lemmate
2161 945 2226 999 εἰς
2243 945 2328 1002 τὴν
2359 943 2520 1002 αὐτήν.
2544 944 2641 993 Sed
2657 947 2788 993 recte
2816 945 3130 994 continuatur
3155 959 3350 996 carmen
3379 962 3458 1012 ap.

1904 1009 2108 1071 murat„
2131 1012 2217 1074 qui
2243 1013 2287 1061 τί
2326 1013 2506 1074 ρἑετι,
2536 1011 2624 1062 sed
2657 1011 2778 1061 Cod.
2807 1032 2830 1054 «
2869 1017 2920 1063 et
2947 1026 3110 1076 apogr.
3147 1018 3252 1064 l’ar.
3287 1017 3459 1080 ῥέζετε,

1902 1081 2048 1140 quod.
2079 1082 2272 1131 malui:
2313 1082 2479 1146 facite
2516 1081 2722 1144 aliquid
2766 1095 2869 1146 quo
2905 1083 3104 1133 luctum
3146 1083 3458 1146 simzift'cete's.

1904 1148 1922 1211 [
1945 1151 2122 1201 Scribit
2148 1152 2278 1202 enim
2300 1170 2344 1201 τι
2377 1154 2529 1217 ῥέζετε
2545 1189 2560 1213 ,
2590 1151 2892 1216 indefinite]
2919 1155 3043 1203 Novi
3064 1157 3228 1205 tamen
3263 1159 3380 1220 quid
3410 1159 3460 1208 in

1906 1232 1960 1270 re
1987 1221 2073 1271 tali
2106 1223 2304 1272 valeant
2329 1223 2536 1272 codices.
2569 1225 2809 1285 Perpetuo
2843 1225 3126 1284 elementa:
3155 1228 3207 1277 et
3232 1229 3254 1283 ξ
3281 1227 3461 1279 librarii

1900 1294 2196 1352 permutant.
2220 1295 2278 1343 ln
2295 1306 2373 1356 ep.
2396 1297 2484 1342 217
2512 1306 2600 1356 pro
2623 1291 2752 1342 hono
2779 1294 2961 1357 ῥέξομεν
2981 1307 3145 1358 apogr.
3166 1297 3351 1359 ῥέζομεν
3368 1338 3381 1357 ,
3410 1304 3462 1350 et

1902 1373 1981 1423 ep.
2024 1367 2116 1411 230
2145 1363 2308 1419 λήζατε
2334 1376 2423 1426 pro
2451 1365 2628 1418 λήεατε.
2674 1389 2731 1399 -
2769 1367 2816 1412 8.
2849 1366 3080 1415 Murator.
3123 1379 3171 1428 p.
3200 1373 3259 1417 82
3288 1366 3461 1420 habuit

1900 1429 2088 1491 πέρσα-ε’
2109 1443 2197 1492 pro
2219 1429 2403 1480 aoristo
2427 1432 2650 1493 ἐκέρσατο
2669 1466 2683 1491 ,
2702 1445 2793 1494 ego
2820 1445 2908 1496 pro
2930 1431 3216 1495 imperativo
3243 1438 3455 1498 κέρσατε.

1901 1527 1964 1540 -
1991 1503 2022 1548 9
2047 1500 2214 1562 κάρτος
2234 1500 2376 1560 cod.;
2397 1501 2564 1564 κράτος
2585 1500 2693 1550 cod.
2727 1499 2948 1550 Ambros.
2977 1501 3117 1552 Unde
3145 1503 3237 1553 feci
3265 1509 3426 1569 κρατὸς
3443 1547 3456 1566 ,

1898 1569 1962 1618 de
1990 1583 2090 1632 quo
2117 1572 2170 1619 et
2196 1571 2431 1620 Murator.
2461 1571 2692 1634 cogitavit
2731 1571 2809 1632 [et
2849 1572 2952 1620 Jac.
2985 1570 3109 1622 Add.
3142 1587 3190 1636 p.
3221 1588 3346 1633 nxv;
3373 1577 3459 1638 qui

1900 1643 2138 1700 praeterea
2166 1640 2372 1702 conjecit
2389 1642 2559 1703 σαρκὸς
2586 1658 2634 1702 φ.
2653 1639 2688 1703 ].
2713 1640 2809 1690 Sed
2834 1653 2925 1690 nec
2943 1641 3014 1690 sic
3032 1644 3270 1694 sententia
3289 1645 3454 1697 nitida.

1902 1711 2010 1758 Non
2043 1709 2202 1772 potuit
2243 1712 2413 1759 Nonna
2445 1722 2588 1759 coma
2615 1710 2893 1772 superbire,
2921 1725 3080 1773 quum
3113 1725 3239 1763 anus
3265 1721 3460 1766 mortua

1900 1782 1993 1830 est.
2038 1783 2167 1831 Puto
2198 1793 2306 1830 esse
2342 1781 2566 1830 lacunam
2594 1785 2645 1831 et
2670 1782 2764 1830 boc
2789 1781 3034 1832 distichon
3068 1783 3192 1832 alius
3216 1797 3326 1834 esse
3356 1787 3459 1849 epi-

1900 1851 2185 1914 grammatis
2223 1851 2464 1914 deperditi
2507 1851 2671 1902 finem.
2703 1871 2728 1895 ν
2768 1855 2833 1902 Β.
2877 1855 2950 1902 De
2979 1866 3081 1914 quo
3115 1852 3326 1909 dubitari
3361 1871 3460 1906 non

1897 1934 2044 1984 posse
2081 1921 2295 1984 videtur,
2323 1925 2374 1972 et
2417 1921 2584 1974 notavi
2622 1923 2862 1972 lacunam.
2911 1950 2973 1958 —
3014 1930 3068 1973 1ο
3094 1923 3148 1972 ἐκ
3178 1931 3276 1977 νῑῶ
3312 1927 3455 1990 Cod.,

1901 1993 1925 2034 ἱι
1958 1991 2045 2042 sed
2071 1995 2204 2042 reete
2231 2005 2309 2055 ap.
2339 1994 2468 2042 Mur.
2493 1993 2559 2053 ἐν,
2591 1992 2718 2041 cons.
2745 2005 2820 2056 ep.
2845 1996 2922 2052 29,
2952 1997 3008 2052 7;
3030 1999 3089 2043 65
3108 2030 3122 2053 ,
3149 2001 3192 2044 2.
3221 2015 3245 2037 υ
3274 1999 3392 2045 Jac.

1959 2133 2154 2182 xxvn.
2191 2135 2278 2195 Ap.
2310 2133 2489 2180 Murat.
2523 2145 2574 2194 p.
2595 2137 2755 2182 82—
2789 2137 2828 2180 1.
2851 2133 2994 2190 Σορὴ,
3029 2131 3134 2181 scil.
3156 2131 3229 2191 ἦν.
3271 2153 3294 2174 ιι
3332 2135 3452 2184 Gre-

1898 2201 2064 2264 gorius
2089 2201 2138 2249 in
2164 2203 2302 2250 Orat.
2341 2203 2430 2260 XI,
2457 2215 2505 2264 p.
2545 2204 2648 2258 178,
2677 2203 2884 2248 matrem
2922 2203 3054 2252 Sara,
3080 2201 3380 2264 comparavit
3406 2207 3459 2253 et

1896 2275 2086 2332 patrem
2112 2270 2406 2319 Abrabamo.
2433 2272 2621 2320 Rursus
2648 2272 2771 2332 opp.
2795 2273 2834 2318 t.
2861 2270 2923 2329 II,
2953 2283 3002 2332 p.
3041 2277 3060 2320 1
3096 2290 3108 2318 ι
3134 2269 3229 2318 Ἤν
3256 2287 3334 2331 μοι
3359 2290 3455 2320 πα·

1896 2341 2038 2401 τὴρ...
2065 2341 2335 2403 ΙΙάτραρχος
2373 2341 2517 2395 ὄντως
2549 2338 2753 2402 Ἁὸραάμ
2773 2356 2841 2394 τις
2861 2339 3083 2403 δεύτερος.
3109 2343 3172 2388 Β.
3199 2367 3258 2375 -
3293 2349 3319 2390 2
3352 2358 3454 2405 χοι-

1898 2415 2102 2458 στιανῶν
2133 2411 2276 2468 Cod.,
2305 2409 2392 2458 sed
2415 2409 2625 2459 alterum
2649 2407 2761 2457 libri
2789 2410 2992 2469 Murat„
3027 2411 3078 2457 et
3112 2408 3316 2472 plurima
3343 2415 3458 2460 suut

1896 2494 1978 2542 ap.
2001 2482 2147 2544 Greg.
2173 2480 2398 2542 exempla
2420 2479 2582 2530 brevis
2607 2478 2804 2541 syllaboe
2827 2479 2879 2527 in
2894 2477 2988 2528 bac
3011 2479 3126 2528 sede
3147 2482 3437 2543 pentametri

1896 2575 1958 2584 —
1976 2555 2022 2598 4.
2041 2553 2198 2599 Mater
2223 2550 2478 2598 Samuelis.
2499 2575 2563 2586 ——
2587 2557 2632 2599 5.
2655 2552 2846 2598 Novum
2873 2548 3052 2597 lemma
3071 2565 3086 2598 t
3111 2552 3176 2605 εἰς
3195 2553 3276 2608 τὴν
3293 2552 3454 2611 αὐτὴν,

1896 2617 1988 2667 sed
2014 2619 2116 2668 sine
2143 2619 2264 2681 sigla
2289 2618 2473 2668 initiali.
2521 2621 2582 2668 Et
2613 2617 2860 2667 cohaerent
2897 2615 3006 2666 haec
3037 2617 3086 2666 in
3127 2619 3270 2668 codd.
3305 2622 3452 2680 Mur..

1892 2705 2104 2754 quorum
2136 2689 2359 2738 Ambros.
2389 2695 2610 2750 γαμοῦσα
2634 2701 2722 2751 pro
2764 2690 2999 2750 Σαμουὴλ.
3030 2707 3052 2730 α
3085 2689 3282 2751 Gregor.
3314 2693 3450 2740 Orat.

1894 2765 1990 2818 XL,
2019 2775 2052 2822 p
2093 2765 2184 2808 648
2207 2779 2218 2807 ι
2241 2762 2272 2816 ἡ
2292 2761 2428 2810 Ἅννα
2447 2759 2494 2808 δὲ
2512 2795 2526 2816 ,
2547 2761 2626 2807 καὶ
2645 2759 2749 2820 πρὶν
2776 2758 3097 2833 ἢςγεννηθῆναι
3117 2762 3197 2807 τὸν
3216 2761 3452 2820 Σαμουὴλ,

1892 2833 2215 2893 καθυπέσχετο
2251 2835 2320 2894 τῷ
2344 2831 2462 2893 θεῷ,
2495 2831 2576 2878 καὶ
2603 2830 2876 2889 γεννηθέντα
2905 2829 3025 2892 ἱερὸν
3049 2829 3178 2885 εὐθὺς
3213 2835 3338 2879 ποιεῖ
3370 2833 3453 2880 καὶ

1892 2908 2098 2966 ἱερατικῇ
2139 2904 2281 2963 στολῇ
2313 2902 2720 2964 συνανὲθρεψεν....
2749 2920 2772 2942 υ
2809 2902 2871 2948 Β.
2916 2927 2978 2935 -
3005 2908 3053 2951 ὅ.
3086 2920 3110 2943 α
3139 2902 3198 2949 Ἥ
3225 2903 3266 2950 δ’
3289 2904 3450 2965 ἑτέρη,

1893 2979 2033 3022 Anna
2055 2972 2236 3034 junior,
2265 2985 2380 3033 quea
2433 2970 2684 3019 Christum
2725 2970 2776 3018 in
2805 2969 2986 3033 templo
3031 2970 3160 3021 ulnis
3204 2973 3451 3037 suscepit;

1892 3044 2005 3093 vide
2033 3046 2231 3091 Lucam.
2265 3046 2332 3101 Il,
2361 3048 2436 3092 36.
2471 3068 2526 3077 -
2557 3046 2604 3091 7.
2640 3042 2965 3104 Ἀμφοτὲρων,
2999 3042 3257 3104 uti-Iusque
3299 3051 3450 3094 Anno

1892 3112 2090 3162 laudem
2119 3110 2209 3161 sibi
2235 3110 2496 3161 vindicavit
2517 3114 2687 3161 Nonna
2701 3149 2716 3173 ,
2738 3110 2917 3174 quippe
2934 3124 3048 3174 quae
3076 3115 3127 3161 et
3145 3112 3300 3163 filium
3318 3114 3452 3164 dica-

1892 3184 1964 3232 vit
1991 3183 2174 3245 templo
2189 3220 2200 3241 ,
2234 3195 2385 3244 seque
2409 3182 2566 3244 ipsam
2584 3182 2802 3241 Christo,
2823 3185 2874 3231 et
2898 3195 3078 3245 corpus
3096 3182 3304 3246 denique
3330 3185 3454 3234 inter

1892 3265 2062 3315 preces
2082 3251 2358 3314 depositum
2375 3252 2562 3315 templo
2587 3251 2854 3301 mandavit.
2884 3272 2906 3294 n
2931 3254 3044 3302 Jac.
3066 3252 3223 3303 Boiss.
3249 3274 3302 3302 2«
3331 3257 3454 3304 Non-

1891 3336 2006 3371 nam
2049 3328 2202 3371 Anuae
2243 3322 2484 3371 Samuelis
2527 3322 2673 3370 matri
2719 3324 2968 3383 comparat
3003 3322 3149 3372 etiam
3193 3324 3454 3387 Gregorius

1893 3392 2061 3442 Presb.
2097 3392 2147 3441 in
2184 3392 2297 3441 Vita
2335 3390 2617 3441 Nazianzeni
2654 3403 2702 3453 p.
2733 3396 2778 3441 3.
2816 3393 2926 3454 Ipse
2955 3393 3103 3441 Pater
3141 3396 3265 3457 opp.
3307 3396 3342 3443 t.
3383 3396 3450 3453 Il,

1890 3470 2026 3526 p.2:

2787 3603 2856 3658 τῷ
2888 3598 2977 3660 γὰρ
3003 3602 3092 3660 θεῷ

2015 3672 2270 3733 παρίσταμ’
2295 3672 2358 3725 ὡς
2385 3668 2527 3729 ἀμνός
2553 3684 2620 3723 τις
2648 3670 2678 3725 ἢ
2707 3668 2884 3730 μόσχος
2911 3671 3035 3729 φίλος
3053 3706 3066 3727 ,

2016 3745 2119 3803 θῦμ’
2141 3743 2317 3799 εὐγενές
2342 3756 2392 3788 τε
2414 3742 2494 3787 ιιαὶ
2523 3740 2668 3802 Λόγῳ
2691 3742 2953 3801 τιμώμενον
2967 3752 2979 3765 ·

2013 3814 2138 3861 ὀκνῶ
2161 3814 2249 3874 γὰρ
2271 3812 2418 3859 εἰπεῖν
2436 3814 2498 3864 ὡς
2525 3812 2743 3870 Σαμουὴ).
2765 3826 2832 3864 τις
2859 3811 2958 3865 νέος
2973 3846 2988 3867 ,

2017 3884 2138 3940 πλὴν
2165 3884 2204 3931 εὶ
2237 3882 2458 3943 βλέποιμι
2485 3882 2597 3943 πρός
2625 3880 2767 3928 πόθον
2795 3880 3082 3929 δεδωκότων.
3119 3902 3142 3923 υ

1891 4032 1950 4041 ——-
1979 4010 2028 4066 7,
2059 4011 2086 4055 8
2114 4005 2333 4054 ὑστάτιόν
2360 4006 2410 4053 δε
2437 4008 2536 4061 νηῶ
2568 4002 2712 4063 Cod.,
2750 4024 2772 4045 ιι
2805 4005 2862 4051 ut
2892 4003 3016 4052 solet
3039 4002 3088 4052 in
3117 4017 3237 4054 voce
3264 4011 3362 4062 νηῶ
3423 4026 3448 4047 n

1890 4076 2138 4127 Encliticae
2167 4078 2216 4125 δέ
2244 4074 2337 4124 alia
2365 4086 2560 4136 quoque
2584 4074 2802 4137 exempla
2827 4078 3017 4124 exstant
3053 4074 3104 4123 in
3133 4075 3338 4137 Codice,
3364 4076 3452 4125 sed

228 4176 433 4237 ῥαγῆναι
484 4176 637 4236 φωνὴν
672 4178 701 4233 ἢ
749 4176 943 4238 δάκρυον
982 4178 1197 4224 ἐκπεσεῖν
1264 4178 1496 4239 βλεφάρου
1561 4182 1801 4235 μυστικῶς
1842 4189 1848 4240 Ι
1890 4160 2076 4196 maora
2093 4182 2108 4204 ⁹
2133 4160 2174 4195 ⁸¹
2201 4157 2282 4194 res
2315 4144 2494 4205 umque
2519 4146 2701 4193 notua’

228 4246 619 4307 σφραγισθέντος,
665 4248 695 4305 ἢ
730 4252 894 4308 σχῆμα
929 4247 1142 4308 πίνθιμον
1190 4251 1497 4309 παραμένειν,
1539 4246 1694 4295 καίτοι
1746 4264 1798 4307 γε
1842 4247 1847 4305 ξ

228 4314 420 4362 πολλῶν
466 4316 688 4372 πολλάκις
732 4318 1070 4379 συμπεσόντων
1106 4318 1223 4378 αὐτῇ
1274 4319 1501 4379 λυπηρῶν
1526 4354 1540 4373 ,
1582 4318 1797 4378 λαμπρᾶς
1842 4314 1847 4371 Ι

1951 4285 2166 4333 XXVIII.
2200 4286 2292 4345 Ap.
2326 4284 2503 4331 Mutat.
2537 4294 2585 4344 p.
2617 4284 2693 4331 83.
2715 4306 2774 4315 --
2810 4286 2836 4328 2
2867 4280 3033 4335 ἰδειξαν
3067 4278 3210 4339 Cod.,
3241 4280 3449 4329 alterum

1889 4358 2016 4404 Mur.
2045 4357 2097 4404 et
2137 4366 2302 4417 apogr.
2353 4355 2461 4401 I’ar.
2507 4372 2528 4394 e«
2565 4354 2752 4399 Versus
2799 4354 2813 4398 1
2867 4352 2916 4399 et
2958 4356 2984 4398 2
3030 4349 3260 4411 leguntur
3303 4351 3450 4400 etiam

1888 4428 2051 4473 carm.
2083 4425 2206 4483 LXI,
2232 4428 2316 4473 ⁰281
2349 4434 2474 4483 seq..
2511 4435 2555 4483 p.
2591 4424 2694 4480 145,
2721 4420 2772 4467 Β.
2805 4440 2826 4461 υ
2857 4423 2974 4468 Jac.
2999 4420 3117 4467 Hit-c
3143 4420 3355 4469 narratio
3387 4421 3450 4471 dc

1888 4493 2194 4557 Empedoclis
2217 4496 2376 4542 morte
2395 4492 2502 4540 suse
2527 4493 2770 4540 tractatur
2805 4502 2834 4537 a
2861 4486 3052 4538 Sturzio
3084 4488 3132 4536 in
3162 4488 3450 4551 Empedocle

1886 4580 1938 4630 p.
1973 4573 2074 4616 122.
2103 4566 2265 4614 Boias.
2297 4590 2356 4599 -
2392 4566 2420 4611 :3
2441 4568 2669 4626 κρητῆρας
2695 4560 2850 4617 ilua?
2869 4578 2895 4607 ο
2921 4559 3026 4620 (sic)
3055 4558 3197 4617 Cod.,
3243 4559 3450 4609 alterum

1886 4641 2015 4687 Mur.
2041 4650 2103 4686 ex
2129 4634 2238 4685 cod.
2263 4634 2490 4683 Ambros.

1947 4781 2108 4828 XXIX.
2146 4781 2217 4839 Ap
2265 4778 2447 4825 Murat.
2481 4789 2528 4838 p.
2556 4780 2633 4825 85.
2659 4800 2723 4812 -
2753 4792 2776 4816 α
2812 4776 2998 4821 Versus
3032 4778 3048 4820 1
3084 4774 3136 4821 et
3162 4778 3190 4821 2
3221 4772 3449 4835 leguntur

1886 4850 2032 4899 etiam
2062 4850 2226 4897 Carm.
2273 4848 2397 4906 LXI,
2425 4850 2516 4896 286
2537 4858 2662 4905 seqq
2689 4856 2738 4907 p.
2772 4846 2877 4901 1⁴5,
2899 4844 2956 4900 C,
2983 4842 3068 4891 ubi
3099 4845 3265 4901 λήξατε
3292 4843 3447 4904 μύθων

226 4932 333 4981 ep..
364 4916 413 4966 in
440 4918 519 4967 ed.
558 4920 735 4969 Bened.
770 4926 853 4970 or.
886 4926 1064 4983 XVIII,
1100 4938 1146 4987 p.
1174 4930 1401 4975 335-337.
1444 4950 1503 4961 -
1534 4930 1565 4974 4
1593 4926 1799 4987 μάκαιρα
1885 4934 1974 4983 pro
2001 4920 2149 4975 εἰεατε
2169 4916 2334 4981 [quod
2365 4916 2583 4967 servavit
2607 4914 2761 4965 Boiss.
2783 4914 2833 4979 ],
2863 4918 2914 4964 et
2942 4926 3112 4963 verum
3143 4913 3338 4962 videtur
3357 4915 3442 4970 λή-

226 4992 350 5105 σεῖοῦ
362 4987 614 5107 ξοᾱψοεξᾶἰ
633 4994 765 5040 recte
787 5004 863 5054 ap.
892 4994 1015 5042 Mur.
1039 5019 1101 5029 —
1130 5001 1157 5043 5
1180 5000 1286 5042 τοῖα
1314 4996 1354 5043 δ’
1382 4996 1533 5043 ἔκτοθι
1556 5007 1633 5059 ap.
1666 4996 1795 5044 Mur.

226 5086 295 5098 --
394 5072 461 5105 οει
612 5097 623 5106 .

1886 4994 2018 5050 tara,
2047 4989 2268 5038 desinite
2296 4986 2526 5051 fabulas.
2555 4985 2676 5034 Cod.
2703 4984 2928 5034 Ambros.
2959 4985 3121 5043 λήξατε
3147 4986 3344 5044 μύθους,
3363 4980 3447 5031 ubi

1884 5064 2030 5123 μύθου
2071 5059 2176 5110 sine
2215 5057 2502 5109 necessitate
2534 5055 2790 5105 salvinius.
2825 5076 2848 5099 n
2888 5057 3002 5105 Jac.
3045 5052 3412 5116 Empedotimus
3430 5091 3445 5111 ,

3211 5142 3280 5183 ³⁵.
