3829 5747
1347 159 1422 219 IN
1452 161 1701 224 CAPUT
1756 166 1807 223 V

244 275 359 338 quod
385 275 538 326 «lien
557 280 842 340 Jacobsius;
865 283 913 331 in
937 285 1066 335 notis
1093 301 1210 337 mss.
1247 303 1361 340 vero
1387 294 1580 358 corrigit
1605 297 1646 345 εἰ
1659 298 1783 360 ποτ’,

243 347 504 405 verissime:
537 363 643 411 quo
672 351 726 400 in
747 354 882 402 εἷπον
918 361 1258 420 corrupto,·ex
1287 364 1430 412 tertio
1465 379 1628 425 versu,
1659 370 1700 417 ei
1727 371 1785 430 δ’,

238 417 450 478 antiquus
483 425 734 471 oerrector
782 425 1072 476 medicinam
1115 431 1326 491 petebat.
1373 437 1495 485 Sunt
1529 449 1686 498 roma.
1721 463 1779 475 --

235 494 272 536 ,1.
303 509 322 528 ιι
353 489 452 536 Ἐπὶ
469 497 592 548 τοῖς,
616 493 745 542 cons.
776 507 852 557 ep.
881 501 990 558 244,
1011 502 1068 557 7ς
1089 503 1140 548 et
1160 508 1256 548 τῶν
1272 515 1360 565 pro
1382 507 1557 554 τούτων
1571 519 1646 570 ep.
1669 513 1776 570 292,

233 561 270 604 7.
299 579 318 597 ›-
343 561 403 606 B.
423 559 638 610 Bothios
659 563 852 614 volebat
869 566 944 615 ἐπὶ
971 573 1096 626 σοῖς,
1131 587 1156 611 ι
1182 570 1284 620 tuis
1300 572 1670 639 conditionibus,
1699 591 1777 627 re-

229 627 366 690 pulsa.
399 648 424 670 ιι
453 629 620 680 Codex
653 632 847 696 ᾀνῆψαι,
879 649 1002 686 corr.
1046 639 1252 690 Brunck.
1283 668 1346 680 -
1379 649 1424 694 5.
1461 647 1534 694 De
1567 647 1780 712 Telepho

229 701 340 747 cons.
371 699 533 763 adep.
567 709 676 764 225,
705 711 754 754 5.

275 839 493 889 ccxc-11.
529 842 726 891 Lemma
746 844 796 892 in
818 844 924 906 ipsa
945 859 1180 898 versuum
1207 851 1332 901 serie
1357 854 1571 915 positum
1607 855 1656 904 in
1685 859 1776 906 Co-

222 909 328 958 dice.
355 907 426 958 lbi
451 911 600 974 πέραν
625 920 706 970 τῆς
737 913 914 970 πόλεως
941 916 1225 982 intelligitur
1250 922 1378 970 Asia}
1407 937 1520 986 pars
1541 927 1774 976 Constan-

221 978 400 1040 tinopoli
433 981 693 1041 oppositu
721 984 898 1046 λύσιμα
923 989 1088 1036 autem
1123 989 1420 1040 Niebuhrius
1443 997 1576 1043 recte
1603 994 1666 1043 ad
1691 997 1772 1044 λύ-

219 1067 288 1103 ³2<
303 1048 482 1108 retulit,
511 1048 576 1100 de
613 1052 796 1113 quibus
833 1068 890 1104 ex
925 1057 1152 1107 Turnebo
1177 1061 1236 1110 H.
1269 1060 1435 1124 steph.
1472 1063 1616 1114 Thes.
1646 1079 1771 1116 >voce

219 1121 451 1178 ΙΙροὶὺτης.
483 1149 550 1160 —
583 1127 604 1170 1
634 1125 840 1184 ὀράμνωι
871 1125 1014 1187 0οἅ.;
1043 1127 1113 1190 ὀρ.
1135 1129 1328 1180 Suidtls.
1361 1135 1612 1195 Expressit
1643 1144 1766 1201 Aga·

219 1187 328 1238 thias
345 1188 392 1236 in
413 1191 520 1239 tota
543 1190 642 1240 liae
667 1193 990 1256 descriptione
1019 1197 1332 1249 Theocritum
1361 1203 1471 1262 Vn,
1497 1208 1582 1253 138
1610 1217 1764 1268 seqq,

1865 165 2321 233 ANNOTATIO.

1873 302 2131 353 Jacobsius

3324 197 3435 258 153
3484 281 3491 290 .

2158 307 2375 370 egregie,
2404 321 2516 358 nam
2546 313 2687 372 poeta
2715 313 2825 376 plus
2846 317 3025 384 quaerit
3053 333 3201 382 quam
3230 330 3433 390 παῑγμα.

1874 372 2041 423 Codex
2071 379 2301 439 πλέγμασι
2320 413 2332 434 ,
2357 379 2521 428 suidoe
2546 382 2692 432 etiam
2713 383 2820 433 libri
2850 387 3073 440 meliores
3090 391 3139 440 in
3159 395 3334 453 Λάταξ,
3356 412 3437 446 οι·-

1871 441 1982 490 tum
2002 456 2056 492 ex
2076 449 2275 506 peccato
2293 446 2478 509 antiqui
2491 448 2670 500 librarii
2684 453 2767 513 qui
2788 455 2865 503 vel
2890 457 3097 519 πὲγμασι
3116 462 3195 510 vel
3214 465 3324 513 ΠΛΙ
3332 466 3434 514 ΓΜ.

1871 515 2171 563 exaraverat.
2209 516 2263 563 ln
2282 515 2461 566 Codice
2492 521 2873 584 superscriptum
2897 546 2909 573 ι
2931 542 3002 588 γρ.
3026 531 3280 592 πνεύμασι,
3313 546 3431 582 con-

1863 578 2057 639 jectum
2086 583 2313 634 absurda.
2347 588 2505 650 Vulgo
2542 589 2795 653 legebatur
2824 607 2905 656 ap.
2936 596 3139 648 suidam
3169 602 3431 663 πλήγμασι,

1867 663 1967 712 qua
1999 653 2287 703 auctoritate
2312 656 2433 704 moti
2460 658 2651 708 Jacobs.
2684 659 2733 709 in
2762 663 2891 713 notis
2922 679 3039 715 mss.
3062 670 3113 718 et
3136 670 3290 721 Boiss.
3320 675 3436 722 παι·-

1864 737 2013 782 γμασι
2038 722 2339 785 deserehant,
2358 728 2601 788 πλήγμασι
2640 735 2889 792 ponentes.
2939 738 3179 790 Omnibus
3207 745 3436 794 numeris

1863 795 2065 912 πεῖ-131
2102 793 2231 856 prior
2256 798 2494 847 sententia
2527 801 2741 851 Jacobsii
2756 840 2769 862 ,
2798 805 2885 866 qui
2919 815 3168 872 comparat
3195 812 3423 864 Callima·

1864 875 1892 910 c
1928 863 1943 911 i
1996 877 2143 927 ragm.
2184 871 2266 914 102
2296 879 2309 908 :

1984 999 2155 1046 Πολλοὶ
2172 1000 2251 1046 καὶ
2272 1001 2497 1060 φιλέοντες
2523 1002 2755 1054 Ἀκόντιον
2785 1007 2907 1068 ἧκαν
2921 1011 3051 1073 ἔραζε

2050 1067 2293 1117 οἰνοπόται
2317 1072 2508 1128 Σικελὰς
2532 1075 2586 1122 ἐκ
2612 1076 2814 1124 κυλίκων
2832 1078 3053 1142 λάταγας.

1920 1197 2191 1250 ccxcvu.
2222 1220 2249 1244 «ι
2301 1204 2473 1253 Puella
2513 1205 2575 1255 de
2617 1209 2795 1258 misera
2834 1213 3096 1266 mulierum
3144 1219 3417 1274 conditione

216 1259 286 1320 qui
313 1260 641 1310 conferendus
685 1266 775 1312 ωε,
807 1291 868 1300 -.
903 1274 930 1315 5
959 1267 1192 1329 ὀλολυγῶν
1225 1270 1346 1320 cml,
1381 1297 1445 1308 .-.
1471 1279 1500 1322 g
1529 1277 1768 1335 κρούματα
1855 1273 2191 1333 conqueritur,
2237 1274 2455 1326 virorum
2506 1283 2689 1330 sortem
2725 1282 2865 1346 longe
2910 1287 3265 1349 proel‘erendam
3312 1307 3416 1346 esse

215 1331 329 1378 Plan.
356 1333 499 1380 cons.
534 1334 835 1397 Meleagrum
860 1349 1009 1400 supra
1033 1351 1112 1402 ep.
1145 1343 1250 1402 141,
1281 1348 1328 1402 2,
1348 1355 1497 1404 quem
1527 1344 1760 1394 imitatur.

265 1477 498 1526 ccxcnl.
529 1483 646 1529 —4
676 1481 752 1528 σοὶ
787 1483 986 1542 στέρνοις
1023 1481 1178 1542 Plan„
1213 1486 1270 1533 ut
1295 1487 1372 1534 est
1397 1499 1471 1548 ep.
1494 1492 1601 1548 286,
1633 1495 1678 1537 5-
1697 1514 1762 1524 -·-

215 1559 251 1598 6.
277 1551 386 1597 Nota
415 1553 642 1614 ΰμετὲρης
667 1565 756 1614 pro
783 1557 885 1612 σῆς,
913 1553 1216 1615 praecedente
1243 1555 1355 1604 licet
1380 1558 1479 1606 σόν.
1503 1583 1565 1593 —-
1583 1564 1612 1608 9
1631 1560 1758 1620 θαμί-

215 1627 284 1676 ζεις
309 1620 408 1670 Cod
432 1661 446 1682 ‚
471 1637 502 1672 a
529 1627 806 1672 correctore
832 1623 955 1672 inter
981 1625 1132 1675 lineas
1158 1626 1317 1689 posito
1342 1645 1366 1674 ν
1395 1629 1668 1691 (θαμίζειν).
1701 1655 1762 1666 -

219 1699 276 1740 12.
305 1714 324 1732 ι-
359 1695 438 1742 Εἰν
472 1697 566 1754 ἐνὶ,
591 1694 643 1744 id
677 1696 754 1744 est
773 1696 908 1758 ὁμοῦ.
938 1695 1018 1744 Sic
1046 1697 1190 1746 etiam
1213 1699 1298 1758 VI,
1322 1711 1397 1762 ep.
1431 1707 1508 1761 65,
1539 1706 1594 1760 9;
1623 1701 1758 1750 Plan.

213 1777 272 1826 ep.
297 1767 402 1826 370,
422 1773 470 1814 2.
505 1787 530 1809 τι
559 1769 678 1816 Jac-

259 1908 493 1956 ccxcw.
517 1911 722 1958 Lemma
757 1929 770 1958 ι
805 1909 1172 1973 ἁρηγηματιιιὸν.
1202 1936 1265 1947 —-
1283 1915 1326 1961 3.
1359 1915 1516 1963 Anum
1545 1914 1593 1963 in
1622 1917 1758 1965 ante-

211 1977 314 2025 riore
339 1977 452 2027 lecti
477 1981 622 2041 parte
666 1978 898 2029 cubuisse
925 1983 1063 2042 puta.
1097 1999 1121 2023 «
1151 1982 1294 2030 Hunc
1337 1983 1502 2033 locum
1539 1986 1751 2050 allegans

207 2047 358 2096 suidas
413 2069 426 2097 ι
477 2049 704 2104 ἐπάλξεις·
739 2053 1067 2112 προμαχεῶνες
1107 2055 1151 2100 οἳ.
1191 2057 1286 2099 τῶν
1322 2057 1515 2117 τειχέων
1549 2059 1630 2104 καὶ
1661 2061 1755 2106 τῶν

207 2119 384 2177 τὸργων.
413 2116 544 2166 Vide
568 2121 671 2167 not.
713 2117 780 2167 ad
805 2119 964 2169 Nicet.
993 2123 1173 2184 Eugen.
1205 2135 1254 2186 p.
1289 2129 1374 2183 22;
1401 2126 1546 2174 Leon.
1589 2125 1652 2176 ad
1674 2129 1751 2176 so.

207 2186 432 2249 chqsost.
453 2191 534 2238 De
555 2187 748 2238 sacerd.
779 2203 828 2252 p.
858 2196 944 2252 19;
965 2191 1224 2242 Lindenhr.
1259 2193 1319 2242 ad
1339 2196 1574 2245 Ammian.
1601 2200 1749 2248 Marc.

205 2272 244 2320 p.
270 2264 334 2308 11.
353 2279 376 2300 ιι
395 2263 454 2308 B.
477 2263 538 2310 In
559 2259 656 2310 line
673 2259 904 2309 οῑαδὲπυ
917 2265 972 2323 ρὶ
993 2261 1160 2312 Codex
1176 2266 1229 2312 et
1239 2263 1416 2313 Suidas
1430 2279 1477 2313 V.
1495 2266 1750 2319 Ἀπλοΐδας.

203 2329 446 2378 salmasius
467 2331 661 2391 πύργος,
677 2329 810 2391 quod
843 2332 986 2381 unice
1013 2345 1185 2382 verum
1212 2346 1320 2383 esse
1343 2335 1536 2397 copiose
1560 2335 1754 2386 demon-

203 2400 352 2449 ·trarit
387 2399 667 2450 Jaeohsius.
700 2400 877 2450 Similis
905 2401 1166 2464 hyperbole
1195 2417 1273 2467 ep.
1302 2411 1410 2464 252,
1445 2410 1492 2466 3,
1532 2405 1614 2454 ubi
1638 2407 1752 2456 vide

203 2469 332 2518 Boiss.
361 2470 642 2518 Brunekins
661 2483 723 2519 ex
754 2471 930 2534 Toupii
955 2471 1234 2533 conjectura
1259 2473 1480 2524 ediderat
1499 2477 1579 2524 οἶα
1597 2477 1640 2524 δ’
1668 2477 1743 2526 ἐπ’

201 2539 280 2598 ἦρι,
299 2539 429 2602 quod
456 2539 508 2588 in
533 2539 631 2588 hoc
655 2539 764 2589 loco
791 2538 891 2589 vim
917 2541 1100 2590 nullam
1121 2540 1284 2592 habet.
1315 2569 1375 2581 -
1403 2551 1450 2594 6.
1472 2546 1751 2610 Χαλικρήτῳ

199 2609 352 2659 suidas
375 2609 494 2659 hine
520 2610 728 2674 exponit
745 2612 811 2673 μὴ
831 2613 1124 2674 κεκραμένῳ.
1152 2638 1217 2648 -
1241 2617 1268 2662 7
1295 2615 1370 2662 ἐπὶ
1388 2614 1510 2664 cod.
1533 2629 1562 2664 a
1579 2629 1653 2680 pr.
1679 2631 1744 2667 m.

199 2711 248 2721 -
271 2688 296 2730 8
321 2682 611 2739 Βουπὴτους
646 2681 767 2731 Cod.
805 2708 871 2719 —
895 2689 941 2732 9.
985 2701 1008 2724 α
1041 2686 1310 2733 Lucernam
1357 2686 1514 2736 facete
1539 2688 1749 2750 appellat

199 2753 414 2812 φρυιτοὺς,
447 2755 506 2801 ut
529 2751 758 2814 persistat
784 2751 832 2801 in
861 2751 1146 2814 metaphora
1162 2767 1192 2802 a
1209 2754 1346 2804 bellis
1365 2758 1416 2805 et
1441 2755 1636 2805 urbium
1665 2771 1748 2806 ex-

199 2823 552 2887 pugnationibus
569 2824 736 2873 ducta.
765 2845 824 2857 -
851 2830 922 2873 12.
955 2825 1162 2888 Σχοίνοις
1191 2825 1414 2877 Petronio
1443 2841 1484 2877 c.
1509 2833 1568 2880 97
1605 2832 1748 2880 insli-

201 2901 268 2952 τι,
303 2897 482 2959 quibus
507 2895 715 2959 sponda
741 2896 990 2947 mele-imm
1015 2896 1233 2960 serebat.
1267 2918 1289 2941 ιι
1317 2903 1428 2949 Jac.
1459 2925 1514 2935 —
1543 2906 1596 2950 13
1632 2906 1743 2961 firm·-

197 2964 299 3013 cod.
335 2986 360 3006 ι
397 2966 640 3028 Loquitur
679 2978 776 3013 non
810 2965 1005 3015 iniicete
1038 2966 1100 3016 de
1127 2967 1282 3027 lecto,
1321 2972 1380 3019 ut
1417 2968 1480 3019 de
1518 2984 1629 3020 arce
1660 2986 1743 3021 ex·

197 3036 448 3097 wignanda.
491 3058 515 3078 ιι
555 3040 615 3085 15.
652 3061 713 3072 —
758 3042 830 3095 15,
877 3041 950 3086 16.
1003 3056 1028 3079 «ι
1071 3040 1254 3087 Sensus
1303 3059 1315 3087 :
1353 3039 1402 3089 in
1439 3054 1523 3090 ore
1568 3043 1743 3104 puellm

199 3107 538 3167 tatur-iubam,
563 3106 734 3155 oscula
760 3107 804 3155 ei
835 3106 1056 3170 intigens».
1078 3112 1201 3165 Quae
1221 3110 1389 3159 oscula
1417 3112 1652 3174 tanquam
1669 3114 1737 3162 ei-

197 3173 294 3223 bum
311 3175 520 3238 aliquem
547 3175 814 3226 delicatum
840 3181 1159 3239 repraesentat
1192 3198 1205 3227 ι
1230 3178 1345 3228 hinc
1373 3180 1594 3242 μάστακα
1620 3182 1742 3231 πιαί-

195 3264 286 3303 nm,
305 3248 582 3298 oblectans.
613 3274 674 3283 —
699 3253 755 3297 19
778 3248 936 3310 κορίης
950 3247 1072 3297 cod.
1087 3262 1116 3298 a
1132 3262 1204 3311 pr.
1233 3264 1298 3298 m.
1321 3280 1382 3291 —
1399 3257 1474 3300 20.
1501 3252 1739 3315 Ἆδηρίτῳ,

195 3320 240 3364 ut
255 3318 296 3365 in
321 3318 528 3367 induciis
545 3318 674 3369 belli.
696 3318 942 3381 Σφίγγεται
959 3322 1122 3368 autem
1148 3320 1339 3383 imagini
1359 3322 1616 3371 convenire
1641 3336 1741 3372 non

195 3386 378 3437 xidetur.
397 3389 726 3451 exspectabas
745 3391 993 3453 φράγνυται
1021 3390 1098 3439 vel
1115 3390 1214 3439 tale
1239 3390 1375 3453 quid.
1403 3411 1426 3434 ιι
1455 3396 1566 3441 Jac.
1597 3419 1658 3428 —
1677 3398 1730 3443 21

195 3460 312 3515 abac:
345 3460 469 3509 cod.
500 3473 532 3509 a
557 3474 630 3523 pr.
652 3475 718 3509 m.
751 3480 776 3502 «ι
819 3461 978 3509 mmm,
1008 3461 1184 3519 ἀγῶνα.
1227 3462 1308 3510 Sic
1338 3463 1502 3525 Eurip.
1545 3465 1732 3513 Heracl.

194 3534 270 3579 798
297 3545 308 3572 =
337 3532 494 3595 μάχης
524 3533 704 3593 ἀγῶνα.
729 3531 874 3589 Quod
903 3535 954 3581 et
983 3531 1107 3582 dixit
1143 3531 1406 3595 Sophocles
1436 3534 1612 3583 Trach.
1643 3542 1702 3586 20
1722 3574 1733 3595 ,

195 3600 262 3649 uhi
277 3614 318 3651 v.
350 3603 503 3666 Apitz.
525 3602 663 3652 Adde
687 3602 865 3652 Seliael'.
885 3605 936 3651 et
953 3602 1158 3653 Lobeck.
1185 3603 1248 3653 ad
1267 3603 1398 3665 Ajac.
1427 3610 1564 3655 1152.
1590 3632 1654 3641 --
1674 3610 1730 3655 24

191 3674 412 3733 στέμματὰ
441 3690 520 3723 σοι
548 3673 668 3723 eod.
699 3676 938 3723 Venerem
957 3676 1292 3737 τροπαιοφόρον
1309 3675 1470 3736 quiex
1495 3674 1590 3725 hoc
1614 3678 1724 3725 loro

191 3746 406 3793 minorat
435 3746 708 3793 Larclnerus
735 3742 861 3793 Diss.
895 3744 958 3794 de
995 3746 1184 3794 Venere
1208 3757 1254 3807 p.
1292 3748 1402 3807 214,
1431 3744 1551 3795 satis
1571 3746 1732 3809 inepte

191 3814 448 3876 ἂςιεταὶθγεῖ.
481 3836 504 3858 ι·
527 3817 588 3864 B.

239 3956 451 4005 CCXCV.
486 3958 720 4005 munla:
749 3956 826 4005 ἐπὶ
843 3956 1050 4019 ποτηρίῳ
1069 3958 1430 4020 προσφερομὲνῳ
1453 3958 1590 4022 κόρῃ.
1606 3959 1731 4008 Ano-

189 4024 336 4085 quitur
352 4026 598 4089 poculum.
617 4052 682 4063 —·
706 4032 748 4077 1.
767 4046 792 4068 κ
812 4026 1022 4089 Ἀμελγι,
1047 4026 1148 4076 scil.
1174 4029 1228 4077 τὸ
1257 4030 1360 4090 μέλι
1377 4034 1460 4077 τοῦ
1479 4030 1724 4091 στόματος.

187 4094 294 4145 Vide
319 4099 406 4159 vl,
433 4110 509 4161 ep.
533 4103 644 4157 239,
665 4102 713 4148 3.
739 4118 764 4139 ιι
783 4100 900 4147 Jac.
932 4124 997 4133 —
1016 4104 1042 4147 2
1067 4102 1224 4159 τυχεῖν
1243 4111 1272 4147 a
1297 4111 1370 4160 pr.
1403 4112 1490 4157 m..
1521 4100 1646 4163 ἔχειν
1667 4113 1729 4149 ex

187 4167 459 4217 correctione
485 4167 682 4229 ceder,
701 4168 826 4231 ἔχειν
856 4166 1002 4217 etiam
1025 4166 1200 4217 suidas
1229 4180 1276 4216 v.
1303 4168 1444 4231 Αἷσα,
1473 4170 1504 4226 ἡ
1533 4174 1689 4233 μοῖρα.

237 4308 472 4357 ccxcvi.
498 4335 561 4343 —
597 4313 639 4357 1.
667 4306 864 4357 Cottahi
897 4306 1103 4371 augurio
1131 4306 1288 4358 utitur
1319 4306 1465 4358 sicuti
1486 4310 1726 4367 τηλεφίλου

187 4376 256 4425 ille
271 4382 500 4429 mmastes
515 4378 762 4429 Theocriti
794 4380 886 4441 111,
914 4384 974 4429 50
1003 4399 1016 4428 z

295 4524 430 4582 ἔγνων
450 4522 588 4585 πρὰν,
610 4523 688 4571 ὅτε
716 4538 803 4584 μευ
832 4522 1108 4584 μεμναμὲνω
1126 4523 1167 4571 εἰ
1186 4522 1349 4582 φιλέεις
1383 4538 1468 4583 με,

294 4595 390 4642 οὐδὲ
406 4596 458 4643 τὸ
480 4595 722 4657 τηὶὲφιλον
739 4593 1114 4655 ποτιμαξάμενον
1129 4592 1444 4653 πλατάγησεν.

189 4714 309 4765 ῐῖηᾱο
329 4714 528 4766 ductum
551 4729 662 4766 esse
677 4718 842 4766 totum
875 4716 1084 4765 colorem
1109 4715 1369 4779 poematii,
1399 4713 1522 4764 vidit
1544 4713 1718 4763 Jacob-

189 4788 292 4835 sius.
315 4787 422 4836 Vini
459 4788 510 4837 in
541 4787 778 4851 poculum
831 4786 1047 4837 cadentis
1091 4788 1279 4836 clarum
1331 4786 1588 4848 crepitum,
1635 4786 1723 4847 qui

189 4858 434 4908 mantibus
459 4872 548 4921 pro
582 4858 714 4908 bono
743 4858 950 4920 augurio
974 4860 1104 4917 erat,
1136 4860 1282 4921 poeta
1319 4857 1528 4919 appellat
1551 4857 1722 4918 ἠχὲτην

191 4928 342 4987 &infime
361 4929 600 4991 τηλεφίλου
623 4930 986 4988 πλαταγήμιατος
1001 4966 1013 4985 ,
1042 4927 1278 4991 adJective
1302 4925 1436 4977 dicto
1459 4927 1718 4989 τηλεφίλου,

189 4998 316 5047 verbo
335 4999 492 5062 etiam,
513 5000 714 5063 μάξατο,
730 5011 786 5048 ex
808 4998 1063 5049 Theocrito
1080 5002 1345 5062 assumpto.
1369 5027 1424 5033 ——
1442 5006 1470 5049 6
1486 4998 1718 5061 παίγμασ.

1848 1336 2090 1418 judicans.
2124 1363 2147 1384 ιι
2172 1347 2290 1394 Jac.
2316 1353 2441 1396 -1.
2474 1368 2497 1391 «ι
2528 1350 2653 1400 Hinc
2690 1352 2864 1404 suidas
2890 1357 3040 1413 ἠίθεος
3067 1359 3311 1426 [temere]
3343 1379 3420 1414 ex-

1851 1411 1989 1490 ponit
2013 1411 2234 1474 ἀφθαρτος
2253 1418 2365 1476 πρὸς
2385 1425 2627 1478 γυναῖκας.
2659 1440 2683 1464 κ
2715 1426 2775 1472 B.
2797 1452 2860 1461 —-
2892 1433 2937 1475 2.
2968 1447 2991 1472 ει
3026 1429 3233 1493 Ἐχραε,
3270 1433 3319 1482 id
3346 1437 3422 1485 est

1851 1477 2091 1543 ἐπεσκηψε
2107 1520 2122 1542 ,
2142 1487 2258 1545 μετὰ
2278 1489 2449 1550 picem
2465 1491 2674 1554 ἐπῆλθεν,
2706 1493 2967 1557 interprete
2985 1498 3140 1549 schol.
3162 1504 3303 1554 Hom.
3321 1505 3414 1555 Od.

1851 1553 1908 1612 Ε,
1932 1556 2039 1602 396.
2073 1573 2097 1596 ιι
2118 1558 2233 1604 Jac.
2248 1582 2313 1592 —
2332 1561 2381 1607 4,
2401 1577 2425 1600 ιι
2444 1562 2515 1608 Ex
2532 1563 2993 1628 narrationequippe
3010 1569 3247 1620 malorum
3268 1575 3421 1624 oritur

1850 1623 2129 1672 consolatio.
2166 1627 2289 1677 Vide
2323 1628 2385 1677 ad
2412 1631 2564 1680 Nicet.
2602 1637 2781 1697 Eugen.
2822 1649 2871 1699 p.
2898 1643 3011 1696 137·,
3042 1639 3106 1689 ad
3127 1645 3351 1695 Aristoen.
3376 1651 3417 1706 1,

1855 1695 1927 1751 16,
1948 1705 1995 1754 p.
2014 1697 2121 1743 459.
2150 1697 2323 1746 Notavi
2349 1701 2398 1746 et
2424 1699 2485 1748 ad
2524 1699 2802 1753 chor-icium
2834 1719 2881 1768 p.
2914 1710 2990 1756 73.
3014 1729 3038 1750 ιι
3075 1713 3133 1758 Β.
3161 1713 3235 1760 De
3260 1727 3421 1764 aman-

1845 1759 1972 1810 tium
2004 1764 2136 1813 curis
2162 1766 2385 1828 loquitur
2411 1772 2575 1830 poeta.
2610 1803 2671 1816 --
2700 1782 2749 1823 e.
2782 1794 2807 1818 ιι
2853 1779 2947 1825 Per
2983 1778 3145 1842 pictas
3184 1781 3419 1846 imagines

1846 1835 2087 1894 vagantur
2142 1833 2299 1898 iisque
2340 1839 2511 1888 oeulos
2558 1846 2781 1902 pascunt.
2815 1847 2887 1893 Ne
2911 1845 3021 1896 haec
3061 1848 3205 1899 nimis
3251 1851 3417 1914 jejune

1845 1901 2132 1966 interposita
2176 1905 2451 1968 videantur,
2498 1911 2657 1972 cogita
2693 1912 2755 1962 de
2808 1914 2991 1964 tabulis
3027 1917 3171 1978 pictis
3224 1925 3413 1971 amato-

1843 1971 1971 2020 rium
2018 1974 2217 2037 aliquod
2262 1981 2605 2041 argumentum
2656 1984 3136 2046 repraesentantihus.
3184 1989 3307 2040 Vide
3334 1991 3410 2040 in-

1844 2041 2011 2104 primis
2054 2045 2313 2095 Burmann.
2360 2047 2426 2096 ad
2471 2053 2686 2114 propert.
2724 2056 2792 2112 11,
2833 2061 2880 2114 5,
2901 2067 2947 2118 p.
2986 2061 3092 2106 251.
3125 2061 3281 2108 ulae.
3314 2061 3413 2117 Qui

1843 2113 2167 2176 supplendum
2192 2121 2334 2179 putat
2360 2120 2409 2166 ἐν
2426 2155 2441 2176 ,
2472 2121 2521 2168 ἑν
2556 2123 2791 2184 γραφίσιν.
2812 2125 2907 2174 Sed
2934 2128 3182 2182 πλάζονται
3202 2141 3292 2192 ego
3320 2129 3408 2184 de-

1841 2187 2099 2245 pravatum
2113 2189 2235 2248 puto
2260 2191 2311 2237 et
2339 2189 2467 2238 alius
2490 2192 2626 2241 verbi
2652 2193 2815 2243 locum
2851 2209 3123 2259 occupare,
3153 2196 3411 2249 indicantis

1843 2254 1945 2304 fere
1972 2255 2107 2318 quod
2123 2257 2173 2305 in
2202 2257 2363 2308 latinis
2398 2260 2555 2322 posui.
2582 2264 2611 2310 J
2618 2263 2898 2326 ungendum
2926 2267 3030 2316 κατ’
3050 2267 3219 2329 ἀγυιὰς
3240 2270 3407 2332 ρεμὸο-

1842 2341 1987 2385 μενοι.

1901 2464 2201 2516 ccxcvlll.
2230 2469 2519 2531 imprecatio
2554 2470 2605 2520 in
2632 2471 2845 2534 puellam
2872 2472 3151 2537 superbam.
3173 2500 3234 2511 —
3260 2481 3289 2527 3
3308 2478 3409 2536 ἥξοι

1838 2531 1988 2584 etiam
2006 2535 2141 2584 Plau.
2181 2555 2205 2578 «ι
2230 2539 2419 2588 Tuetur
2444 2538 2676 2590 Schaeser.
2699 2540 2765 2590 ad
2788 2541 2995 2593 Theocr.
3031 2556 3077 2606 p.
3102 2550 3209 2605 220,
3238 2550 3409 2597 contra

1836 2605 2160 2667 Brunckium,
2204 2608 2296 2669 qui
2325 2609 2462 2658 ἔλθοι.
2500 2612 2564 2660 At
2598 2610 2777 2675 duplex
2804 2613 3010 2662 verbum
3041 2617 3143 2672 ἥξοι
3180 2618 3229 2664 et
3254 2617 3406 2665 ἵκοιτο

1836 2675 2148 2725 vehementer
2170 2677 2327 2742 friget.
2351 2679 2647 2742 suspicabar
2674 2697 2685 2724 ι
2710 2685 2754 2735 ἐς
2778 2683 2956 2745 τρίχας,
2978 2683 3019 2730 ὧ
3038 2687 3145 2744 Ζεῦ,
3168 2685 3400 2746 γήραος-ι·

1833 2753 2002 2800 ἵκοιτο.
2046 2746 2111 2794 'u
2151 2751 2242 2796 Ζεῦ
2281 2748 2497 2800 loetantis
2528 2754 2604 2800 est
2640 2750 2703 2800 de
2731 2751 2899 2800 futura
2927 2765 3077 2815 quam
3108 2757 3276 2815 sperat
3324 2754 3399 2802 ul-

1833 2816 1981 2866 tione.
2006 2836 2030 2860 ιι
2048 2820 2167 2868 Jac.
2197 2818 2301 2868 Nisi
2325 2819 2541 2883 quidem,
2571 2834 2727 2884 quum
2754 2821 2829 2871 vis
2864 2822 3026 2886 aliqua
3058 2824 3173 2875 insit
3202 2823 3252 2872 in
3272 2837 3399 2889 per·

1833 2888 2078 2938 veniendi
2106 2890 2325 2951 notione,
2352 2891 2455 2953 ipse
2473 2904 2581 2941 eam
2600 2894 2743 2954 poeta
2762 2894 2915 2955 repeti
2944 2894 3121 2944 voluit.

1892 3034 2169 3083 ccxcix-a
2202 3037 2295 3084 Pro
2333 3034 2695 3086 continuatione
2736 3036 3016 3087 habendum
3055 3039 3127 3089 rei
3156 3039 3205 3089 in
3244 3038 3393 3103 epigr.

1831 3108 1920 3153 287
1950 3108 2174 3155 narratae.
2204 3104 2457 3167 Superbiae
2493 3118 2641 3168 quam
2668 3106 2732 3156 ob
2760 3108 2950 3158 felicem
2976 3108 3077 3158 doli
3110 3124 3397 3159 successum

1828 3177 2123 3237 sumpserat,
2150 3188 2301 3237 quam
2325 3188 2495 3238 grave*
2528 3177 2705 3239 puellae
2734 3190 2904 3240 poenas
2936 3178 3124 3229 dederit
3157 3185 3338 3230 narrat.
3370 3202 3393 3225 ιι

1826 3250 1946 3297 Jac.
1968 3277 2028 3287 —-·
2058 3254 2099 3297 1.
2132 3267 2155 3289 ει
2178 3249 2235 3295 Ἡ
2257 3248 2297 3296 δ’
2326 3248 2545 3297 εὐλὰὅεια
2572 3250 2651 3296 καὶ
2670 3251 2725 3297 τὸ
2748 3251 2888 3309 μηδὲν
2907 3250 3027 3311 ἄγαν
3046 3250 3253 3313 ἄριστον,
3286 3252 3398 3302 Plu--

1825 3316 2028 3367 tarchus
2047 3318 2115 3366 ait
2145 3317 2261 3367 vita
2288 3320 2477 3370 Camilli
2496 3334 2539 3369 c.
2572 3327 2619 3369 6.
2642 3320 2779 3369 Conl‘.
2808 3322 2923 3382 vll,
2948 3335 3024 3385 ep.
3058 3327 3179 3380 683ς
3205 3324 3286 3383 ῙΧ,
3314 3336 3390 3385 ορ.

1833 3392 1949 3448 110,
1976 3387 2194 3450 Append.
2234 3402 2310 3450 ep.
2349 3396 2470 3453 206,
2508 3388 2757 3439 Anecdota
2784 3403 2896 3439 mea
2928 3392 2979 3451 1,
3008 3405 3056 3454 p.
3100 3398 3187 3443 138
3226 3396 3277 3443 et
3304 3398 3391 3443 144

1826 3471 1939 3505 cum
1975 3458 2128 3517 notis3
2175 3461 2330 3521 wytt.
2374 3460 2437 3509 ad
2468 3461 2594 3511 Plut.
2622 3462 2695 3509 De
2732 3462 2772 3509 εἰ
2815 3474 2863 3523 p.
2901 3465 3022 3520 2753
3064 3463 3283 3511 Lozinsk.
3330 3464 3395 3513 ad

1825 3530 1991 3578 Herm.
2020 3542 2067 3591 p.
2098 3534 2173 3579 67.
2207 3551 2231 3573 ιι
2264 3535 2317 3581 11.
2342 3533 2469 3581 Cum
2488 3530 2807 3594 sequentibus
2830 3534 2939 3580 Jac.
2974 3536 3222 3595 comparat
3248 3535 3391 3583 simili

1821 3597 2112 3649 ironiadicta
2124 3599 2233 3649 haec
2252 3601 2498 3651 Ciceronis
2518 3614 2530 3643 =
2561 3604 2760 3651 Praetor
2778 3604 2994 3663 interea,
3016 3616 3086 3651 ne
3096 3602 3389 3665 pulchrum

1820 3682 1875 3717 se
1908 3670 1961 3717 et
1994 3669 2206 3720 beatum
2228 3675 2529 3734 putaret...,
2556 3676 2603 3722 ei
2640 3685 2844 3735 quoque
2882 3686 3099 3722 cannen
3141 3680 3390 3738 composi·

1821 3744 1929 3791 lum
1950 3744 2056 3803 est,
2074 3746 2168 3792 Pro
2180 3746 2385 3793 Murena
2410 3758 2453 3793 c.
2473 3749 2546 3793 12.
2566 3752 2690 3793 -6.
2709 3742 2911 3793 «schol.
2942 3742 3115 3793 Wech.
3144 3764 3157 3792 ι
3184 3748 3309 3808 παρὰ
3334 3748 3389 3795 τὸ

1942 3884 2176 3947 Ἐμπαλιν
2199 3884 2437 3946 αἰδομένη,
2464 3884 2699 3949 σφετέροις
2720 3885 2762 3933 δ’
2781 3884 3074 3947 ἐπεμέμφετο
3096 3886 3273 3948 μύθοις.

1817 4006 1914 4065 Qui
1950 4018 2125 4057 versus
2146 4008 2223 4056 est
2252 4006 2427 4056 Musaei
2450 4012 2553 4058 195.
2587 4026 2613 4051 ιι
2639 4008 2701 4057 B.
2735 4033 2799 4044 -
2835 4012 2862 4058 7
2886 4008 2915 4055 ὀ
2938 4008 3135 4070 βραδυπ.
3167 4006 3324 4068 Plan.;
3355 4012 3385 4069 ἣ

1818 4080 1892 4141 βρ.
1919 4076 2038 4127 cod.
2067 4106 2133 4120 -·
2158 4082 2205 4127 8.
2234 4076 2523 4127 Eustathius
2554 4091 2635 4142 ap.
2666 4080 2769 4130 Jac.
2806 4090 2821 4123 ι
2856 4078 3088 4142 ἀείρεσθαί
3114 4078 3215 4128 ἐστι
3240 4080 3296 4128 τὸ
3320 4082 3384 4137 εἰς

1816 4149 1931 4210 ἀέρα
1967 4148 2276 4210 κουφίζεσθαι·
2308 4148 2385 4210 ἀφ’
2409 4148 2465 4197 οὗ
2500 4150 2579 4198 καὶ
2628 4149 3075 4211 ἀερσιπότητος
3114 4149 3379 4213 ἀράχνης

1814 4221 1943 4283 παρὰ
1969 4220 2195 4283 Ἡσιόδῳ.
2216 4244 2276 4255 -
2294 4224 2324 4270 9
2343 4220 2516 4267 ἁναλλα
2546 4218 2673 4268 male
2704 4222 2951 4269 corrector
2980 4218 3191 4268 codicis.
3213 4239 3237 4261 «ι
3258 4222 3380 4271 Sunt

1815 4289 2059 4339 Theocriti
2084 4292 2123 4349 Ι,
2175 4292 2261 4339 134
2295 4308 2308 4338 z
2336 4290 2493 4337 πάντα
2520 4290 2563 4338 δ’
2588 4290 2758 4339 ἔναλλα
2780 4291 2976 4349 γένοιτο.
3010 4290 3083 4337 Ex
3110 4288 3381 4339 imitatione

1814 4359 2035 4424 Agathioe
2066 4374 2163 4410 non
2190 4359 2413 4421 sequitur
2434 4358 2667 4410 habuisse
2699 4373 2813 4409 eum
2840 4359 2891 4409 in
2915 4358 3157 4409 Theocriti
3183 4372 3275 4409 suo
3303 4375 3382 4411 co·

1813 4430 1923 4481 dice
1949 4432 2171 4488 γένοιντο.
2207 4432 2313 4479 Non
2346 4432 2540 4493 poterat
2565 4444 2661 4480 non
2706 4429 2917 4479 scribere
2943 4432 3147 4492 γένοντο.
3176 4449 3200 4473 ιι
3229 4432 3289 4481 Β.
3319 4435 3377 4481 111

1813 4502 1910 4552 iine
1947 4502 2083 4566 κόρης
2110 4501 2251 4559 cod.;
2290 4502 2459 4562 κούρης
2494 4501 2631 4551 Plan.
2668 4500 2790 4551 Dedi
2824 4501 2995 4564 κούρῃ,
3029 4500 3375 4550 correctionem

1811 4573 2021 4622 Beckeri
2059 4593 2071 4621 ι
2107 4585 2221 4621 nam
2242 4590 2267 4613 κ
2296 4571 2481 4621 πίπτειν
2520 4572 2594 4621 ἐπὶ
2617 4571 2784 4630 γόνασί
2807 4588 2929 4627 τινος
2958 4570 3196 4635 significat
3216 4584 3387 4649 super·

1812 4644 2045 4706 alicujus
2066 4656 2242 4706 qenua
2262 4640 2527 4693 considere
2548 4681 2561 4703 ,
2590 4642 2723 4706 quod
2750 4641 2831 4692 hlc
2853 4644 3025 4705 aptum
3056 4656 3153 4691 non
3171 4644 3264 4692 est.
3296 4661 3320 4685 ιι
3386 4640 3404 4669 “·’

1871 4787 2011 4835 CCC.
2038 4787 2185 4834 Recte
2210 4784 2388 4833 lemma
2414 4799 2426 4826 τ
2460 4786 2524 4840 εἰς
2536 4786 2591 4833 τὸ
2620 4782 2751 4833 αὐτό.
2773 4812 2836 4820 -
2857 4788 2898 4834 1.
2920 4804 2942 4825 «
2969 4783 3230 4847 Ὑψαῦχην,
3256 4783 3372 4834 vide

1809 4854 1872 4905 ad
1897 4855 2047 4919 epigr.
2077 4859 2153 4905 27.
2194 4856 2404 4917 Ἆγείρειν
2427 4854 2563 4915 ὀφρῦς
2580 4853 2643 4904 de
2671 4854 2894 4917 superbis
2924 4853 3166 4904 illustravi
3194 4853 3259 4904 ad
3286 4854 3371 4903 Ni·

1809 4930 1902 4977 cet.
1926 4930 2043 4990 Eug.
2076 4941 2121 4989 p.
2163 4930 2261 4976 124.
2284 4926 2423 4975 Conf.
2460 4929 2558 4975 not.
2588 4926 2655 4975 ad
2684 4926 2905 4976 Aristaen.
2931 4942 2980 4991 p.
3010 4930 3119 4976 472.
3144 4925 3372 4976 Formula

1809 5002 1870 5053 εἰς
1890 5000 1935 5048 ἓν
1962 5012 2057 5047 11011
2078 5012 2185 5047 rara
2212 4999 2301 5047 est.
2333 4998 2571 5061 Diogenes
2588 5000 2641 5047 1..
2677 5000 2811 5063 vlu,
2851 5003 2905 5049 10
2939 5021 2948 5049 ;
2982 5000 3266 5049 κατετίθεντο
3287 4997 3369 5049 τὰς
