3829 5747
1044 238 1291 311 CAPUT
1331 245 1427 303 lv.
1476 220 1852 310 PR‘OOEMlA
1893 254 2565 324 ANTHOLOGIARUM.
3319 283 3386 341 51

172 384 194 421 ι
236 363 381 441 λόγων
406 364 505 443 γὰρ
534 370 659 439 ἡμῖν
688 368 984 427 πολυτελῶν
1016 372 1117 428 καὶ.
1136 376 1389 435 ποικίλων

236 451 393 509 πολλοὶ
418 453 688 529 προθέντες
715 465 1004 532 παμμιγεῖς
1032 460 1252 538 εὐωχίας
1270 508 1288 537 ,

234 548 533 616 περιφρονεῖν
566 541 803 599 πείθουσι
830 546 933 601 τῶν
964 548 1287 623 εἰθισμένων.

234 627 293 683 Τί
313 626 359 683 δὲ
386 631 473 683 νῦν
493 627 728 699 ποιήσιος
754 628 829 705 μὴ
858 631 925 688 τὰ
952 634 1429 715 προύξειργασμένα

232 712 371 779 οὕτως
397 714 537 772 ἐάσω
565 721 905 796 συντετῆχθαι
933 721 1183 798 κείμενα;

152 816 189 851 ιιι
232 800 261 868 ἢ
286 803 363 858 καὶ
392 807 667 879 προθῶμαι
695 808 789 873 τῆς
815 810 1007 887 ἀγορᾶς
1037 812 1089 866 ἐν
1114 816 1191 888 τῷ
1219 812 1398 892 μέσῳ,

233 888 627 963 παλιγκαπήλοις
656 894 874 959 εὐτελῶς
902 898 1255 971 ἅπεμπολῶν;

235 978 323 1035 Καὶ
350 976 422 1042 τίς
450 987 735 1058 μετασχεῖν
760 984 863 1039 τῶν
893 984 1035 1057 ἐμῶν
1070 985 1335 1058 &viis-tum

234 1064 293 1128 τίς
311 1065 351 1120 δ’
369 1064 429 1121 ἂν
450 1065 665 1143 πρίαιτο
686 1066 804 1135 τοὺς
832 1069 1011 1145 λόγους
1034 1073 1313 1149 τριωὸόλου
1330 1118 1345 1145 ,

230 1153 265 1207 εἰ
289 1150 353 1224 μὴ
377 1152 523 1230 φέροι
552 1177 667 1221 πως
692 1144 803 1215 ὦτα
829 1158 905 1234 μὴ
932 1161 1255 1237 τετρημένα;

150 1258 185 1293 ιε
230 1239 343 1297 Ἀλλ’
367 1240 501 1298 ἐστὶν
532 1242 680 1309 ἐλπὶς
708 1244 933 1319 εὐμενῶς
956 1249 1061 1303 τῶν
1094 1248 1370 1325 δρωμένων

226 1331 339 1399 ὑμᾶς
362 1327 701 1401 μεταλαὸεῖν,
725 1332 817 1387 κοῦ
839 1332 1351 1410 κατεὸλακευμὲνως·

226 1414 317 1479 ἔθος
340 1415 433 1493 γὰρ
463 1419 587 1490 ὑμῖν
614 1420 682 1496 τῇ
708 1420 973 1497 προθυμίᾳ
1004 1421 1135 1499 μόνῃ

224 1506 279 1581 τῇ
298 1505 389 1559 τῶν
414 1504 718 1561 καλούντων
747 1507 1023 1585 ἐμμετρεῖν
1049 1508 1117 1567 τὰ
1146 1511 1282 1569 σιτία
1297 1560 1311 1573 .

228 1590 320 1649 Καὶ
345 1590 471 1669 πρός
496 1614 559 1669 γε
586 1591 757 1672 τούτῳ
784 1594 989 1652 δεῖπνον
1010 1600 1355 1675 ἠρανισμένον

140 1687 183 1724 2¹·
226 1676 321 1747 ἥκω
344 1679 617 1757 προθήσων
646 1682 707 1737 ἐκ
744 1679 876 1739 νέων
906 1684 1238 1761 ἡδυσμάτων.

226 1766 357 1824 Ἐπεὶ
380 1764 484 1843 γὰρ
512 1768 609 1825 οὐκ
641 1766 837 1825 ἔνεστιν
867 1768 919 1837 ἐξ
950 1773 1077 1844 ἐμοῦ
1105 1772 1263 1846 μόνου

224 1856 339 1926 ὑμᾶς
364 1853 683 1927 μεταλαὸεῗν
698 1898 715 1931 ,
737 1853 939 1933 ἄνδρες,
963 1857 1109 1925 ἀξίας
1129 1865 1320 1941 τροφῆς
1338 1909 1353 1936 ,

219 1939 411 2005 πολλοὺς
451 1939 641 2001 ἔπεισα
672 1943 948 2002 συλλαὸεῖν
978 1967 1067 2020 μοι
1092 1952 1182 2005 τοῦ
1208 1950 1361 2007 πόνου
1380 1997 1395 2025 ,

218 2026 293 2082 καὶ
320 2027 731 2104 συγκαταὸαλεὶν
760 2032 849 2087 καὶ
878 2043 1149 2091 συνεστιᾶν
1172 2035 1348 2097 πλέον.

128 2127 169 2164 ²⁵
220 2116 308 2172 Καὶ
332 2115 391 2186 δὴ
417 2115 689 2194 παρέσχόν
715 2118 947 2195 ἀφθόνως
967 2123 1014 2177 οἱ
1041 2120 1278 2180 πλούσιοι

212 2204 258 2267 ἐξ
273 2194 339 2259 ὧν
363 2209 624 2283 τρυφῶσι·
646 2204 735 2264 καὶ
766 2207 1084 2285 παραλαὸὼν
1108 2208 1330 2285 γνησίως

210 2293 257 2345 ἐν
276 2294 373 2357 τοῖς
398 2292 612 2350 ἐκείνων
646 2294 891 2369 πέμμασι
918 2296 1267 2373 φρυάττομαι.

208 2382 361 2437 Τοῦτο
386 2380 439 2437 δέ
464 2404 545 2446 τις
574 2383 747 2439 αὐτῶν
773 2382 1080 2462 προσφόρως
1100 2428 1117 2453 ,
1152 2384 1348 2452 δεικνὺς
1378 2388 1505 2461 ἐμὲ,

208 2468 313 2531 ἴσως
334 2471 439 2545 ε’ρεῖ
460 2468 595 2545 πρὸς
622 2470 779 2525 ἄλλον
794 2492 807 2504 ·
837 2497 860 2518 ι
887 2468 1095 2547 Ἀρτίως
1120 2472 1246 2545 ἐμοῦ

122 2577 163 2609 2¹·
206 2582 227 2603 ι
267 2556 425 2629 μάζαν
456 2555 763 2633 μεμαχότος
790 2556 1053 2629 μουσικήν·
1073 2582 1127 2616 τε
1157 2560 1245 2615 καὶ
1269 2562 1388 2617 νέαν
1406 2608 1423 2636 ,

206 2670 224 2689 ·
262 2634 393 2708 οὗτος
418 2643 719 2719 παρέθηκεν
749 2643 843 2713 τὴν
872 2642 959 2700 ὑπ’
988 2647 1115 2720 ἐμοῦ
1144 2650 1511 2725 μεμαγμένην.
1547 2678 1571 2700 ι·

200 2732 349 2786 Ταῦτ’
376 2720 461 2787 οὖν
492 2732 602 2807 ἐρεῖ
629 2752 705 2793 τις
721 2773 739 2801 ,
768 2729 881 2787 οῦδὲ
899 2735 1001 2789 τῶν
1032 2734 1346 2811 σοφωτάτων
1362 2784 1379 2805 ,

201 2818 289 2871 τῶν
314 2819 577 2896 ὀψοποιῶν
598 2862 611 2884 ,
638 2808 711 2875 ὧν
736 2816 890 2896 χάριν
921 2821 1056 2878 δοκῶ
1082 2820 1230 2897 μόνος

200 2893 319 2959 εἶναι
344 2905 603 2974 τοσαύτης
634 2905 845 2980 ἡγεμὼν
873 2908 1207 2974 πανδαισίας.

116 3001 155 3036 ³⁵
199 2991 405 3070 θαρρῶν
434 2992 541 3070 γὰρ
572 2993 747 3056 αὐτοῖς
768 2993 910 3051 λιτὸν
928 2994 1123 3052 οἴκοθεν
1154 2996 1306 3074 μέρος

194 3079 365 3144 καύτὸς
392 3077 687 3154 παρέμιξα,
711 3084 803 3136 τοῦ
826 3079 992 3138 δοκεῖν
1014 3082 1087 3154 μὴ
1113 3085 1381 3149 παντελῶς

196 3163 317 3230 Ξένος
336 3189 413 3230 τις
434 3157 571 3223 εἶναι
599 3169 704 3224 τῶν
734 3166 823 3224 ὑπ’
851 3169 978 3242 ἐμοῦ
1004 3171 1359 3245 συνηγμένων.

196 3249 385 3320 'sirei
414 3255 643 3312 ἑκάστου
672 3253 891 3332 σμικρὸν
922 3256 1116 3334 εἰσάγω
1136 3259 1321 3336 μέρος,

194 3337 298 3396 ὅσον
328 3344 623 3414 ἄπογεῖῐσαι
638 3364 652 3378 ·
672 3345 776 3400 τῶν
797 3343 851 3400 δὲ
872 3343 1065 3412 λοιπῶν
1093 3346 1137 3402 εἶ
1165 3349 1302 3404 θέλοι

108 3445 151 3478 ⁴¹»
194 3431 351 3506 τυχεῖν
376 3453 457 3494 τις
480 3429 732 3488 ἁπάντων
760 3430 851 3487 καὶ
880 3440 1160 3510 μετασχεῖν
1186 3437 1256 3500 εἷς
1286 3433 1436 3512 κόρον
1456 3479 1473 3512 ,

192 3515 307 3572 ἴστω
332 3539 389 3590 γε
412 3521 591 3573 ταῦτα
620 3519 741 3574 κατ’
776 3517 967 3595 ἀγορὰν
993 3518 1236 3589 ζητητέα.

194 3603 387 3676 Κόσμον
416 3601 473 3661 δὲ
500 3603 745 3680 προσθεὶς
761 3605 867 3669 τοῖς
902 3607 1045 3678 ἐμοῖς
1071 3607 1339 3680 πονήμασι
1357 3655 1373 3682 ,

186 3691 239 3744 ἐκ
251 3695 337 3747 τοῦ
360 3689 627 3765 βασιλέως
650 3689 767 3754 τοὺς
793 3690 1074 3768 προλόγους
1098 3693 1384 3770 ποιήσομαι
1398 3719 1410 3732 ·

190 3773 380 3832 ἅπαντα
408 3775 517 3855 γάρ
548 3799 639 3848 μοι
668 3774 845 3842 δεξιῶς
872 3776 1214 3856 προὸήσεται.

100 3869 139 3905 ⁴³
188 3861 283 3919 Καί
308 3885 397 3936 μοι
418 3863 687 3939 μεγίστων
715 3864 1041 3942 πραγμάτων
1062 3868 1394 3943 ὕμνουμένων

184 3950 333 4026 εὑρεῖν
364 3953 573 4026 γένοιτο
599 3951 689 4008 καὶ
710 3951 889 4028 λόγους
913 3953 1249 4030 ἐπηρμένους.

248 4111 337 4180 Μή
367 4135 446 4176 τις
476 4111 817 4190 ὕπαυχενίοιο
844 4112 1013 4170 λιπὼν
1044 4116 1287 4193 ζωστῆρα
1315 4115 1569 4174 λεπάδνου

180 4197 427 4276 ,Ξάρὸαρος
454 4201 511 4264 ἐς
543 4201 775 4276 βασιλῆα
803 4201 1069 4278 βιημάχον
1098 4199 1247 4276 ὄμμα
1274 4202 1527 4280 τανύσσῃ·

180 4287 287 4356 μηδ’
314 4287 391 4344 ἔτι
426 4287 629 4365 Περσὶς
659 4286 875 4354 ἄναλκις
908 4287 1263 4346 ἀναστείλασα
1295 4290 1594 4368 καλύπτρην

98 4377 141 4414 ¹¹¹⁵
180 4375 327 4452 ὄρθιον
352 4375 633 4453 ἀθρήσειεν
648 4397 661 4410 ·
680 4373 1035 4442 ἔποκλάζουσα
1055 4375 1109 4432 δὲ
1132 4375 1258 4454 γαίῃ
1275 4423 1291 4447 ,

177 4463 255 4518 καὶ
286 4463 445 4540 λόφον
469 4463 743 4540 αὖχήεντα
776 4462 1257 4538 καταγνάμπτουσα
1280 4463 1524 4522 τενόντων
1542 4513 1559 4536 ,

186 4551 429 4617 ξ”.ισονίοις
460 4551 693 4622 ἄκλητος
721 4549 1047 4607 ὓποκλίνοιτο
1068 4551 1364 4618 ταλάντοις.

174 4637 417 4716 Ἐσπερίη
451 4636 781 4714 θεράπαινα,
814 4634 877 4694 σὺ
909 4639 952 4693 δ’
976 4637 1026 4702 ἐς
1046 4638 1273 4714 κρηπῖδα
1304 4638 1595 4719 Γαδείρων,

174 4721 251 4774 καὶ
276 4725 420 4800 παρὰ
437 4723 679 4802 πορθμὸν
702 4721 749 4781 Ἰ
759 4721 899 4802 6ηρα
927 4721 1017 4779 καὶ
1040 4722 1373 4782 Ὠκεανίτιδα
1402 4725 1631 4798 Θούλην,

86 4822 129 4858 ⁵⁵
171 4805 313 4874 ἤπιον
338 4811 725 4886 ἄμπνεύσειας,
751 4809 1041 4886 ἀμοιὸαίων
1066 4811 1118 4867 δὲ
1137 4811 1395 4890 τυράννων

172 4895 361 4972 κράατα
394 4897 713 4978 μετρησασα
742 4902 834 4976 τεῇ
864 4896 1151 4975 κρυφθέντα
1178 4898 1323 4976 κονίῃ
1342 4943 1358 4970 ,

172 4987 469 5063 (θαρσαλέαις
494 4988 777 5068 παλάμῃσι
808 4989 962 5069 φίλην
991 4988 1213 5064 οἶγκάζεο
1236 4987 1478 5066 Ῥώμην·

1808 383 1814 386 ’
1855 406 2132 447 sermonum
2152 401 2279 451 enim
2297 404 2436 453 nobis
2462 409 2860 470 sumptuosorum
2887 426 2943 460 ac
2971 415 3213 465 variorum

1795 840 1809 1527 Ι

1852 485 1994 534 multi
2014 488 2451 551 qui-apposuerunt
2475 496 2753 559 onmigenns
2780 500 2965 562 epulas,

1852 570 2256 635 ut-despiciamus
2279 580 2572 641 persuadent
2598 585 2752 635 solita.

1851 660 1983 715 Quid
1999 661 2147 725 igitur
2166 677 2298 715 nunc
2315 666 2522 719 faciam?
2543 685 2664 720 num
2690 678 2802 724 ante
2820 680 2985 738 parata

1850 749 1922 797 sic
1944 751 2100 800 sinam
2123 755 2340 805 consumi
2361 760 2606 819 jacentia?

1850 837 1926 886 vel
1953 839 2098 889 etiam
2124 854 2386 905 proponam
2404 846 2454 895 in
2470 848 2630 896 medio
2654 849 2757 898 foro
2771 890 2782 911 ,

1848 924 2058 984 propolis
2079 926 2345 989 vili-pretio
2365 932 2646 982 venundans
2658 938 2680 982 Ρ

1847 1011 1907 1057 Et
1923 1012 2031 1071 quis
2049 1013 2482 1079 venirem-partem
2501 1032 2719 1072 meorum
2741 1025 3031 1075 sustinebit?

1848 1098 1962 1159 quis
1979 1104 2107 1150 emet
2123 1100 2213 1152 hos
2237 1116 2482 1157 sermones
2500 1108 2705 1160 triobolo
2717 1150 2730 1171 ‚

1846 1186 1940 1237 nisi
1968 1188 2092 1239 sorte
2108 1204 2252 1241 aures
2281 1192 2406 1245 ferat
2429 1209 2526 1245 non
2544 1199 2844 1259 perforatas?

1845 1274 1941 1324 Sed
1967 1290 2078 1339 spes
2100 1282 2175 1327 est
2197 1278 2428 1331 benevole
2449 1297 2538 1333 vos
2555 1288 2960 1349 qum-paravimus

1844 1368 2128 1426 accepturos
2153 1380 2284 1427 esse,
2312 1382 2470 1431 neque
2487 1373 2863 1423 remisso-animo
2893 1391 2904 1417 ι

1843 1464 1951 1501 mos
1973 1453 2102 1502 enim
2122 1457 2200 1503 est
2227 1456 2363 1507 vobis
2386 1464 2443 1507 ex
2467 1460 2573 1508 solo
2599 1462 2765 1510 studio

1842 1543 2123 1591 vocantium
2149 1546 2306 1595 metiri
2337 1548 2640 1609 (mstae'mare)
2669 1550 2819 1599 cibos.

1842 1634 1911 1679 Ac
1935 1635 2170 1693 praeterea
2188 1635 2472 1687 collaticium
2495 1652 2683 1689 emnam

1842 1718 2017 1770 adsum
2039 1722 2347 1785 appositurus
2377 1740 2434 1775 ex
2464 1729 2604 1776 nmis
2639 1730 2971 1781 condimentis

1841 1809 2032 1872 Quippe
2053 1811 2282 1872 quoniam
2299 1826 2394 1861 non
2421 1817 2497 1863 est
2525 1818 2583 1863 ut
2604 1829 2662 1863 ex
2684 1829 2762 1865 me
2781 1820 2886 1867 solo

1842 1909 1930 1945 vos
1952 1899 2206 1962 participes
2235 1900 2387 1960 fiatis,
2417 1901 2532 1962 viri,
2557 1902 2716 1966 dignae
2741 1905 2903 1968 dapiS‚

1841 1987 2009 2034 multis
2028 1988 2246 2049 persuasi
2276 1991 2331 2035 ut
2350 1989 2658 2040 socii-fierent
2675 1992 2794 2041 mihi
2811 1993 2989 2043 laboris
3003 2034 3015 2055 ,

1840 2077 1891 2123 et
1912 2081 2521 2141 una-sumptus-erogarent
2543 2084 2592 2131 et
2620 2084 3008 2147 una-acciperent
3039 2100 3126 2134 vos·
3147 2087 3349 2138 lautius,

1840 2164 1901 2213 Et
1924 2176 2039 2213 sane
2070 2165 2199 2228 large
2231 2167 2542 2230 praebuerunt
2566 2169 2742 2219 divites

1839 2264 1900 2299 ex
1932 2250 2198 2314 iis-quibus
2225 2254 2468 2314 affluunt3
2504 2258 2554 2305 et
2590 2259 2800 2321 acceptis
2826 2259 3032 2323 ingenue

1840 2338 1887 2385 in
1910 2352 2081 2388 eorum
2100 2342 2334 2403 piat-entis
2357 2343 2552 2393 semeio,

1838 2430 1943 2475 Hoc
1971 2442 2088 2477 vero
2119 2430 2293 2492 aliquis
2311 2444 2480 2481 eorum
2505 2437 2616 2495 apte
2637 2473 2649 2494 ,
2667 2448 2746 2484 me
2769 2439 3044 2487 monstrans
3063 2478 3074 2497 ‚

1837 2514 2037 2565 forsitan
2054 2516 2184 2567 dicet
2205 2519 2345 2569 alteri
2368 2540 2378 2568 :
2404 2540 2428 2563 κ
2455 2523 2620 2577 Quum
2645 2536 2801 2585 nuper
2819 2536 2907 2587 ego

1838 2622 1859 2643 κ
1881 2616 2068 2653 mazam
2082 2604 2374 2666 pinsuissem
2391 2609 2726 2670 musicamque
2755 2612 2806 2659 et
2825 2624 3002 2660 novam
3014 2650 3027 2669 ‚

1837 2710 1859 2733 σι
1894 2690 1976 2740 hic
1999 2693 2226 2754 apposuit
2248 2708 2395 2755 quam
2425 2708 2513 2757 ego
2543 2696 2836 2758 pinsueram.
2865 2718 2888 2739 »

1833 2782 1950 2829 Hoec
1972 2780 2118 2842 igitur
2137 2780 2262 2829 dicet
2285 2782 2485 2844 aliquis,
2507 2797 2666 2846 neque
2692 2797 2754 2833 ex
2781 2784 3072 2837 doctissimis
3086 2828 3098 2849 ,

1830 2868 2191 2930 obsonatorum,
2218 2884 2430 2933 quorum
2455 2871 2606 2934 gratia
2625 2871 2794 2924 videor
2815 2877 2948 2925 solus

1828 2971 1938 3006 esse
1967 2959 2243 3022 tam-magni
2261 2971 2342 3008 rex
2371 2959 2592 3008 convivii.

1828 3046 2004 3096 Fidens
2030 3047 2158 3095 enim
2179 3045 2274 3096 illis
2301 3050 2500 3096 tenuem
2531 3047 2677 3097 domo
2701 3051 2971 3112 portionem

1828 3134 1976 3184 etiam
1991 3134 2094 3196 ipse
2113 3134 2376 3196 admiscui,
2397 3150 2457 3185 ne
2478 3149 2680 3199 prorsus
2700 3137 2889 3189 viderer

1826 3221 2005 3284 hospes
2028 3221 2228 3284 quidam
2247 3237 2355 3273 esse
2369 3224 2493 3273 inter
2510 3237 2594 3274 eos
2613 3239 2737 3288 quos
2765 3231 3064 3292 congregavi.

1826 3312 2056 3360 Ceterum
2087 3324 2148 3360 ex
2170 3325 2468 3376 unoquoque
2487 3325 2688 3374 parvam
2712 3327 2902 3377 appono
2927 3321 3131 3378 partem,

1825 3397 2196 3460 quantum-satis
2217 3397 2280 3446 nd
2311 3399 2631 3462 gustandum3
2659 3402 2846 3464 reliqua
2869 3418 2986 3454 vero
3017 3405 3061 3454 si
3085 3408 3202 3457 velit

1825 3489 1937 3551 quis
1954 3488 2170 3538 obtinere
2188 3491 2293 3539 tota
2317 3493 2478 3553 iisque
2498 3491 2596 3540 frui
2617 3491 2680 3541 ad
2708 3493 2996 3554 satietatem,

1824 3577 1946 3627 scito
1962 3617 1975 3636 ‚
2011 3578 2116 3629 hoc
2131 3580 2181 3628 in
2211 3578 2316 3628 foro
2335 3593 2442 3630 esse
2473 3581 2752 3642 quaerenda.

1824 3667 2059 3715 Cosmum
2087 3668 2399 3729 (amatum)
2423 3681 2539 3716 vero
2565 3668 2749 3718 addens
2767 3672 2890 3719 meis
2909 3672 3331 3726 lucubrationibus

1822 3770 1885 3806 ex
1902 3759 2197 3820 Imperatore
2224 3759 2546 3821 praeloquium
2575 3760 2750 3809 luciam
2775 3777 2786 3803 :

1824 3847 2001 3894 cuncta
2025 3846 2156 3894 enim
2177 3847 2250 3895 sic
2277 3845 2395 3896 mibi
2410 3846 2578 3896 dextre
2610 3848 2887 3909 procedent.

1820 3939 1891 3982 Ac
1913 3934 2052 3994 mihi,
2072 3934 2159 4000 qui
2181 3935 2388 3984 maxima
2405 3935 2532 3986 sacta
2549 3938 2716 3997 canto,

1820 4024 2028 4087 reperire
2057 4024 2300 4087 contingat
2321 4027 2468 4075 etiam
2489 4025 2638 4076 verba
2655 4026 2866 4089 grandia.

1880 4115 1952 4162 Ne
1968 4113 2080 4176 quis
2099 4113 2349 4163 cervicalis
2376 4113 2464 4164 lori
2483 4115 2676 4178 cingulo
2705 4115 2874 4166 relicto

1817 4202 2053 4251 barbarus
2077 4201 2126 4250 in
2145 4203 2481 4265 imperatorem
2497 4202 2931 4253 violentum-annis
2944 4205 3112 4256 oculos
3129 4209 3364 4270 intendat,

1815 4304 1937 4339 neve
1969 4290 2178 4354 amplius
2207 4291 2366 4340 Persis
2393 4290 2602 4340 invalida
2641 4291 3108 4344 sursum-retrahens
3144 4296 3337 4347 mitram

1814 4379 2133 4428 rectis-oculis
2147 4391 2267 4428 eum
2285 4379 2548 4438 intueatur,
2570 4379 2656 4428 sed
2680 4379 2867 4442 poplite·
2878 4381 3204 4443 procumbens
3216 4383 3356 4436 humi

1812 4471 1863 4516 et
1884 4468 2082 4518 mistam
2109 4467 2366 4529 superbam
2385 4467 2740 4518 inclinans-sub
2769 4468 3024 4531 cervicem,

1811 4555 2060 4616 Λυεοιιίίε,
2088 4555 2474 4612 nullo-vocante,
2501 4553 2841 4604 submittat-so
2866 4556 3101 4608 lancibus,

1809 4643 2039 4705 Hesperia
2070 4643 2273 4701 samnia,
2291 4645 2348 4691 tu
2367 4655 2483 4692 vero
2501 4641 2564 4690 ad
2587 4642 2882 4704 crepidinem
2909 4644 3146 4712 Gadium,

1806 4734 1856 4781 et
1882 4731 2013 4793 apud
2048 4730 2226 4778 fretum
2253 4729 2496 4779 Ibericum
2521 4729 2801 4793 Oceanique
2824 4732 3036 4794 Thulen,

1802 4821 1977 4871 leniter
1999 4819 2206 4882 respires
2223 4857 2235 4878 ‚
2263 4821 2315 4868 et
2341 4819 2804 4881 sese-excipientium
2823 4824 3136 4882 tyrannorum

1804 4909 1962 4973 capita
1988 4907 2206 4957 dimensa
2222 4907 2271 4956 in
2287 4907 2375 4956 tuo
2403 4906 2596 4956 condita
2621 4906 2851 4971 pulvere5

1806 4996 2066 5046 fidentibus
2091 4995 2264 5058 palmis
2280 5007 2440 5046 caram
2460 4997 2747 5058 amplectere
2773 4999 2998 5048 Romam!
