3829 5747
884 261 1131 325 CAPUT
1173 265 1298 324 Vll.
1346 264 1902 327 EPIGRAMMATA
1945 266 2486 328 SEPULCRALIA.
3169 269 3287 328 349

209 397 427 474 δειμαίνω
456 395 655 474 μεθύων
684 395 917 475 ἀτραπὸν
952 395 1147 469 ὖετίην.

554 547 691 597 399.
739 539 1177 599 ΑΝΤΙΦΙΛΟΥ.

137 679 379 752 Τηλοτάτω
402 677 653 756 χεύασθαι
681 676 785 734 ἔδει
811 675 972 756 τάφον
1001 676 1287 737 Οἰδιπόδαο

196 767 349 824 παισὶν
373 768 460 824 ἀπ’
494 765 765 836 ἀλλήλων,
794 755 869 832 οἷς
892 765 1054 842 πέρας
1080 767 1183 824 οὐδ’
1210 759 1402 832 Ἀΐδας·

139 855 245 912 ἀλλὰ
269 853 348 912 καὶ
374 856 439 919 εἷς
467 851 761 930 Ἀχέροντος
782 852 875 910 ἕνα
905 852 1061 910 πλόον
1091 853 1387 929 ἠρνήσαντο
1407 899 1421 928 ,

195 944 265 1020 χώ
290 940 515 1019 στυγερὸς
537 939 657 1009 ζώει
685 943 783 1010 κῆν
803 939 1119 1019 φθιμένοισιν
1144 939 1321 1019 Ἄρης.

138 1031 275 1090 Ἢνίδε
292 1033 534 1108 πυρκαϊῆς
558 1028 736 1086 ἄνισον
760 1026 927 1108 φλόγα
942 1050 955 1064 ·
982 1028 1229 1102 δαιομένα
1249 1029 1350 1107 γὰρ

194 1117 237 1184 ἐξ
260 1117 355 1182 ἑνὸς
376 1118 443 1182 εἰς
470 1114 655 1174 δισσὰν
676 1117 821 1195 δῆριν
853 1116 1254 1195 ἀποστρέφεται.

252 1269 366 1316 400.
400 1258 891 1317 ΣΕΡΑΠΙΩΝΟΣ
929 1257 1486 1318 ΑΛΕΞΑΝΔΡΕΩΣ

134 1402 256 1459 Τοῦτ’
282 1402 446 1458 ὀστεῧν
474 1397 643 1477 φωτὸς
676 1395 1005 1476 πολυεργέος.
1047 1388 1125 1458 q'H
1153 1397 1218 1478 ῥά
1245 1422 1323 1464 τις
1347 1389 1483 1470 ἦσθα

193 1486 416 1566 ἔμπορος,
446 1484 481 1557 ἢ
506 1487 703 1565 τυφλοῦ
737 1486 969 1561 κύματος
999 1487 1284 1565 ἷχθυὸόλος.

132 1573 353 1652 Ἄγγειλον
380 1575 637 1643 θνητοῖσιν
668 1577 750 1632 ὅτι
779 1574 1085 1641 σπεύδοντες
1116 1576 1165 1640 ἐς
1195 1575 1355 1642 ἄλλας

192 1663 378 1727 ἐλπίδας
403 1663 471 1728 εἰς
492 1661 640 1734 τοίην
663 1661 851 1721 ἐλπίδα
871 1661 1123 1738 λυόμεθα.

516 1813 595 1862 40
609 1815 625 1862 Ι
640 1848 653 1862 .
704 1805 1205 1866 ΚΡΙΝΑΓΟΡΟΥ.

134 1942 259 2010 Τήνδ’
286 1941 379 2000 ὑπὸ
400 1940 673 2000 δύσόωλον
702 1942 869 2001 θλίὸει
890 1944 1053 2024 χθόνα
1084 1944 1248 2024 φωτὸς
1274 1947 1483 2024 ἀλιτροῗῖ

192 2029 323 2086 ὀστέα
357 2034 582 2105 μισητῆς
602 2029 804 2108 τύμὸος
830 2031 959 2112 ὑπὲρ
987 2035 1241 2113 κεφαλῆς,

134 2117 279 2195 στέρνα
301 2117 343 2174 τ’
364 2118 701 2197 ἐποκριόεντα
715 2164 731 2192 ,
759 2120 849 2178 καὶ
878 2122 969 2179 οὐκ
989 2120 1203 2196 εὔοδμον
1226 2121 1444 2182 ὀδόντων

191 2202 380 2278 πρίονα,
405 2203 493 2264 καὶ
528 2204 718 2264 κώλων
749 2208 947 2266 δούλιον
974 2208 1212 2278 οἷοπέδην
1229 2254 1245 2282 ,

134 2291 283 2367 ἐτριχα
312 2293 395 2350 καὶ
424 2291 653 2370 κόρσην,
678 2295 953 2354 Εὐνικίδου
982 2297 1299 2376 ἧμιπύρωτα

190 2379 386 2457 λείψαν’,
414 2381 489 2440 ἔτι
510 2383 727 2460 χλωρῆς
754 2382 961 2460 ἔμπλεα
989 2385 1279 2456 τηκεδόνος.

133 2463 256 2522 Χθὼν
278 2455 317 2523 ὦ
339 2467 695 2548 δυσνύμφευτε
711 2516 727 2544 ,
751 2473 1105 2544 κακοσκήνευς
1128 2474 1214 2532 ἐπὶ
1238 2473 1425 2554 τέφρης

190 2553 345 2630 ἀνδρὸς
381 2553 455 2630 μὴ
488 2556 663 2636 κούφη
694 2559 937 2636 κέκλισο,
968 2560 1091 2638 μηδ’
1119 2560 1287 2652 ὀλίγη.

508 2703 657 2757 402.
703 2700 1216 2760 ΑΝΤΙΠΑΤΡΟΥ.

134 2841 363 2921 Χειμερίου
388 2851 619 2925 νιφετοῖο
647 2841 768 2921 περὶ
802 2847 1055 2920 θριγκοῖσι
1082 2840 1327 2906 τακέντος

192 2934 317 3007 δῶμα
338 2934 495 2992 πεσὸν
526 2930 629 3003 τὴν
654 2936 815 3009 γραῦν
846 2930 1027 2988 ἔκτανε
1049 2928 1334 3001 Λυσιδίκην
1355 2953 1368 2966 ·

134 3021 245 3095 σῆμα
272 3021 321 3077 δέ
348 3024 393 3079 οἱ
421 3024 677 3098 κωμῆται
704 3016 978 3095 ὁμώλακες
1007 3018 1099 3075 οὗκ
1129 3019 1221 3075 ἀπ’
1250 3020 1471 3097 ὀρυκτῆς

190 3108 343 3183 γαίης,
373 3110 485 3168 ἀλλ’
507 3111 667 3168 αὐτὸν
697 3108 896 3187 πύργον
915 3105 1085 3164 ἔθεντο
1104 3107 1287 3186 τάφον.

325 3262 455 3311 403.
504 3250 831 3310 ΜΑΡΚΟΥ
870 3248 1425 3307 ΑΡΓΕΝΤΑΡΙΟΥ.

136 3384 335 3461 Ψύλλος,
362 3393 389 3448 ὁ
413 3390 507 3457 τὰς
532 3388 753 3455 ποθινὰς
777 3386 1107 3464 ἔπιμισθίδας
1135 3386 1243 3446 αἰὲν
1284 3386 1490 3465 ἑταίρας

156 3474 385 3561 ἡπέμπων
412 3479 463 3543 ἐς
491 3477 562 3537 τὰ
591 3475 722 3534 νέων
749 3474 879 3546 ἡδέα
901 3476 1199 3551 συμπόσια,

136 3562 246 3625 Οὗτος
269 3566 539 3643 ὃθηρεύων
568 3562 931 3644 ἆταλόφρονας
951 3607 968 3635 ,
998 3564 1175 3621 ἐνθάδε
1203 3570 1371 3620 κεῖται
1393 3608 1411 3640 ,

195 3650 381 3727 αἰσχρὸν
410 3654 505 3710 ἀπ’
535 3652 827 3732 ἀνθρώπων
858 3653 1041 3729 μισθὸν
1071 3655 1427 3732 ἐνεγκάμενος.

136 3733 260 3793 Ἀλλὰ
284 3738 445 3806 λίθους
471 3741 561 3799 ἐπὶ
590 3740 823 3817 τύμὸον,
850 3740 1110 3818 ὁδοιπόρε,
1141 3740 1275 3815 μήτε
1303 3738 1365 3799 σὺ
1396 3739 1584 3818 βοίλλε,

194 3825 481 3899 μήτ”ἅλλον
505 3828 724 3906 πείσῃς·
754 3834 903 3904 σῆμα
922 3828 1142 3907 λέλογχε
1170 3829 1333 3894 νέκυς.

139 3912 297 3972 Φεῑσαι
320 3918 364 3973 δ’
390 3918 491 3997 οὔχ
511 3916 595 3976 ὅτι
624 3917 805 3995 κέρδος
831 3915 1081 3994 ἐπῄνεσεν
1098 3960 1115 3988 ,
1150 3916 1268 3972 ἀλλ’
1293 3914 1373 3973 ὅτι
1401 3914 1574 3981 κοινὰς

180 4082 377 4147 Quisquis
402 4100 474 4146 es,
500 4100 618 4150 ergo
636 4085 737 4134 vias
756 4083 918 4133 ebrius
946 4084 1018 4133 ire
1042 4083 1178 4133 time.

446 4217 569 4265 4⁰⁰·
606 4222 885 4255 summotus
910 4222 1275 4256 scuranum.

132 4328 211 4375 lioc
236 4333 353 4395 cujus
378 4333 471 4383 ruit
498 4350 555 4383 os
572 4338 595 4383 i*
630 4332 704 4382 vir
726 4348 831 4381 eras
854 4340 971 4397 puto
998 4331 1163 4381 fallere
1183 4330 1331 4397 pisces

178 4412 385 4477 Impiger,
418 4425 504 4465 aut
527 4414 737 4480 gravidas
757 4415 966 4463 vendere
986 4412 1117 4463 navis
1134 4428 1272 4462 onus.

130 4491 197 4539 Dic
210 4493 337 4557 igitur
352 4497 539 4546 eunetis
554 4533 569 4558 ‚
590 4497 728 4546 nobis
744 4510 851 4561 spes
868 4510 1060 4559 surgere
1078 4496 1173 4545 mul
1182 4504 1277 4555 tas;

181 4580 329 4626 ,Nostra
346 4580 427 4628 sed
448 4576 543 4628 has
562 4579 615 4628 in
642 4594 751 4645 spu
771 4578 933 4627 omnia
954 4578 1187 4627 desinere.

641 4710 733 4758 401
744 4738 757 4751 .
795 4718 1103 4753 cumaena.

128 4826 209 4873 Hac
229 4830 389 4877 tumuli
410 4829 504 4877 sub
530 4830 661 4877 mole
682 4828 777 4878 viri
809 4827 987 4894 premit
1010 4844 1113 4877 ossa
1137 4826 1329 4877 nefandi

180 4908 331 4959 Infelix
348 4912 493 4962 tellus
509 4946 526 4972 ‚
555 4920 603 4960 et
622 4908 797 4961 furiale
818 4918 989 4975 caput;

130 4989 285 5054 Corque
304 4994 437 5042 dolos
460 4994 650 5059 spirans
668 5002 716 5042 et
732 5008 888 5042 serras
917 4992 1014 5042 oris
1042 4992 1215 5041 olentis

182 5074 427 5141 Vinclaque
454 5076 653 5125 serviles
675 5091 780 5141 quai
794 5085 991 5125 tenuere
1014 5075 1179 5141 pedes,

1793 405 1966 456 timeat
1988 406 2153 456 ebrius
2173 407 2304 456 viam
2327 406 2782 470 pluvia-madidam.

2275 553 2383 599 399.
2421 549 2758 598 ANTIPHILI.

1733 694 2068 746 Remotissime
2093 704 2318 754 aggerare
2343 689 2596 753 oportebat
2613 689 2858 740 tumulum
2879 689 3045 753 OEdipi

1795 779 1956 841 pueris
1980 777 2119 827 alteri
2144 777 2386 827 ab-altero
2403 813 2416 837 ,
2445 776 2625 840 quibus
2642 775 2755 826 linis
2775 777 3175 826 inimicitiarum
3197 789 3288 826 nec

1731 865 1818 917 sed
1836 865 1913 915 vel
1933 865 1984 914 iu
2002 866 2322 916 Acherontem
2350 877 2450 914 una
2466 865 2690 928 navigare
2713 866 2998 914 recusarunt
3009 901 3022 925 ,
3042 863 3224 927 [Orcus
3243 882 3256 925 ;

1794 957 1843 1005 et
1868 953 2052 1004 invisus
2077 953 2200 1004 vivit
2227 953 2374 1004 etiam
2394 953 2446 1002 in
2472 953 2724 1004 exstinctis
2742 955 2890 1002 Mars.

1730 1043 1856 1090 Ecce
1877 1053 2010 1104 pyrae
2030 1038 2273 1102 disparem
2293 1040 2560 1088 flammam!
2593 1053 2824 1089 succensa
2845 1039 2976 1089 enim

1793 1142 1857 1179 ex
1886 1142 1986 1178 uno
2003 1141 2127 1192 roqo
2153 1127 2202 1177 in
2231 1128 2357 1178 duas
2381 1128 2781 1191 partes-rixantes
2799 1130 2850 1177 et
2871 1126 3210 1178 aversas-abit.

2025 1273 2135 1319 400.
2171 1271 2537 1318 SERAPIONIS
2569 1270 2997 1318 ALEXANDRINI.

1616 1429 1627 1438 ·
1732 1411 1897 1459 Hocce
1925 1422 1983 1459 os
2006 1408 2100 1458 viri
2120 1407 2363 1458 laboriosi.
2429 1409 2552 1456 Sane
2573 1406 2772 1470 quidam
2791 1419 2899 1456 eras

1793 1499 2051 1557 mercator,
2071 1498 2161 1547 aut
2189 1496 2334 1545 caecis
2357 1494 2430 1545 in-
2439 1495 2669 1545 fluctibus
2694 1495 2921 1558 piscator.

1730 1586 1924 1635 Nuncia
1940 1583 2228 1634 mortalibus
2251 1596 2366 1644 nos,
2402 1582 2687 1634 festinantes
2712 1582 2764 1631 in.
2789 1581 2908 1632 alias

1794 1687 1905 1738 spes
1922 1711 1935 1735 ,
1963 1673 2014 1722 in
2037 1674 2186 1722 talem
2206 1687 2344 1736 spem
2364 1685 2538 1722 omncs
2555 1671 2960 1722 tandem-deferri.

2245 1817 2354 1862 401.
2390 1814 2780 1874 camAGORAE.

1734 1957 1837 2004 Hac
1863 1954 1958 2004 sub
1983 1953 2256 2004 insoecunda
2277 1953 2455 2016 premit
2485 1957 2614 2003 terra
2637 1951 2844 2002 hominis
2863 1951 3053 2002 scelesti

1795 2056 1909 2093 ossa
1930 2042 2100 2093 odioso
2121 2042 2350 2092 tumulus
2378 2054 2525 2104 super
2552 2040 2735 2103 capite,

1682 2131 1691 2188 l
1732 2137 2025 2196 pectoraque
2044 2133 2356 2194 confragosa,
2382 2133 2433 2180 et
2448 2144 2546 2180 non
2573 2129 2922 2179 bene-olentem
2947 2128 3168 2179 dentium

1795 2233 1980 2269 serram
1997 2255 2010 2278 ,
2040 2221 2091 2268 et
2113 2231 2312 2268 crurum
2340 2217 2566 2267 servilem
2596 2215 2878 2279 compedem
2891 2253 2906 2276 ,

1734 2306 2000 2370 depilatum
2023 2308 2074 2356 et
2093 2307 2262 2369 caput,
2289 2303 2542 2354 Eunicidae
2568 2303 2931 2375 semiustulatas

1794 2393 2048 2456 reliquias,
2079 2392 2242 2443 adhuc
2264 2392 2521 2442 viridantis
2548 2391 2716 2455 plenas
2741 2391 3026 2454 putredinis..

1731 2486 1879 2534 Terra
1897 2499 1927 2533 o
1944 2483 2406 2546 male-desponsata,
2429 2481 2889 2544 deformis-corpore
2911 2495 3058 2546 super
3084 2482 3294 2533 favillam

1678 2559 1687 2650 Ι
1796 2570 1888 2618 viri
1906 2583 1968 2618 ne
1991 2569 2117 2619 levis
2136 2568 2413 2628 incumbas,
2447 2581 2544 2617 neu
2563 2567 2768 2618 modica.

1678 2660 1687 2689 1

2265 2709 2374 2756 402.
2409 2708 2766 2756 ANTlPATRI.

1738 2846 1950 2896 Hiberna
1979 2846 2090 2897 nive
2121 2847 2250 2897 circa
2267 2847 2721 2911 summos-parietes
2743 2845 2896 2898 diluta

1800 2935 1979 2984 domus
2004 2935 2139 2999 lapsa
2160 2950 2308 2985 anum
2331 2936 2510 2986 occidit
2527 2936 2808 2998 Lysidicem

1738 3026 2208 3086 monumentumque
2225 3023 2270 3074 ei
2293 3024 2596 3087 pagi-incolae
2620 3024 2766 3073 vicini
2789 3038 2884 3074 non
2899 3038 2958 3075 ex
2975 3025 3162 3075 effossa

1798 3114 1958 3173 terra,
1979 3110 2067 3161 sed
2101 3112 2256 3176 ipsam
2283 3112 2458 3161 turrim
2487 3115 2758 3175 posuerunt
2783 3112 3046 3162 tumulum.

2125 3254 2235 3300 403.
2269 3252 2440 3300 MARC
2447 3254 2468 3300 1
2503 3252 2896 3302 ARGENTARII.

1736 3392 1955 3455 Psyllus,
1987 3391 2073 3454 qui
2097 3394 2344 3455 exoptatas
2371 3392 2644 3442 meritorias
2657 3406 2849 3457 semper
2872 3394 3052 3445 amicas

1685 3508 1693 3535 .
1800 3479 2026 3530 mittebat
2047 3479 2096 3529 in
2117 3481 2355 3544 juvenum
2383 3480 2544 3531 dulcia
2561 3482 2813 3542 convivia3

1684 3538 1695 3661 Ι
1739 3567 1819 3617 liic
1848 3568 1937 3630 qui
1961 3568 2230 3619 venabatur
2252 3567 2880 3633 infirma-mente-puellas‚
2902 3570 2986 3619 hle
3004 3572 3164 3633 jacet.

1686 3668 1695 3747 Ι
1800 3661 1999 3717 turpem
2022 3656 2085 3706 ab
2104 3656 2385 3705 hominibus
2402 3656 2676 3707 mercedem
2703 3657 2928 3719 adeptus.

1686 3750 1695 3799 Ι
1742 3744 1835 3795 Sed
1862 3744 2048 3807 lapides
2073 3744 2121 3793 in
2144 3744 2411 3804 tumulum,
2431 3744 2605 3804 viator,
2626 3758 2784 3807 neque
2801 3747 2856 3795 tu
2883 3744 3047 3802 mitte,
3131 3744 3298 3809 [tuus.

1802 3846 1964 3894 neque
1993 3832 2256 3881 sis-auctor
2273 3830 2354 3881 alii
2387 3851 2400 3881 ε
2427 3834 2798 3882 monumentum
2830 3832 3138 3882 sortitus-est
3167 3846 3299 3881 mor-

1742 3924 1895 3971 Parco
1919 3935 2015 3970 non
2039 3920 2170 3983 quod
2188 3921 2386 3970 lucrum
2411 3920 2677 3983 appetivit,
2695 3920 2780 3971 sed
2799 3921 2934 3984 quod
2953 3934 3238 3971 communes

1695 4079 1706 4159 Ι
1744 4080 2030 4143 calvamque
2050 4080 2266 4129 Eunidici
2288 4079 2512 4145 tripilem,
2536 4079 2805 4145 detritaque
2836 4078 3050 4128 membra

1808 4166 1853 4210 A
1882 4160 2040 4220 febre,
2069 4177 2174 4227 qum
2197 4160 2340 4209 viridi
2370 4178 2497 4210 nunc
2527 4177 2720 4227 quoque
2744 4161 2852 4209 tabe
2873 4159 3046 4209 fluunt.

1747 4250 1811 4296 At
1830 4254 1883 4294 tu
1906 4261 2014 4310 qum
2031 4244 2153 4294 foedo
2170 4245 2354 4294 cineres
2370 4245 2430 4293 de
2457 4260 2660 4310 corpore
2683 4258 2869 4302 serras,

1811 4332 1914 4380 Nec
1933 4345 2079 4395 parva
2103 4329 2324 4395 impende
2345 4336 2472 4377 terra
2485 4366 2499 4390 ‚
2524 4343 2614 4376 nec
2636 4336 2736 4377 esto
2756 4326 2887 4376 levis.

2194 4448 2310 4503 403.
2347 4463 2502 4495 maner
2539 4462 2862 4495 anonvmus.

1748 4568 1932 4633 Psyllus
1949 4566 2198 4615 amatrices
2231 4566 2371 4615 toties
2394 4565 2476 4631 qui
2491 4565 2686 4613 miserat
2703 4572 2887 4630 emptas

1816 4652 1891 4701 Ad
1912 4651 2142 4716 juvenum
2167 4649 2278 4698 vino
2305 4649 2414 4697 laeta
2436 4646 2682 4707 sodalitia,

1750 4734 1842 4784 Hic
1862 4734 2011 4799 jacet,
2041 4732 2252 4807 incautas
2269 4730 2354 4796 qui
2381 4728 2773 4779 circumscribere
2795 4735 2976 4775 mentes

1814 4821 1996 4874 Norat,
2017 4826 2065 4866 et
2091 4816 2203 4865 inde
2223 4815 2413 4865 lucrum
2447 4822 2590 4878 turpe
2615 4826 2784 4878 parare
2801 4808 2915 4859 sibi.

1702 4864 1711 4931 Ι
1751 4906 1827 4953 Ne
1850 4912 2012 4951 tumen
2045 4901 2096 4949 in
2125 4899 2360 4949 tumulum
2385 4898 2562 4963 lapides
2579 4896 2791 4962 jaculare
2811 4930 2825 4955 ,
2848 4893 3021 4953 viator,

1820 4988 1922 5035 Nec
1947 4982 2052 5032 fieri
2066 4982 2262 5048 jubeas:
2282 4997 2358 5030 res
2383 4978 2644 5029 reverenda
2661 4977 2799 5027 cinis.

1705 5096 1711 5110 ·
1756 5074 1898 5117 Parce
1927 5082 2069 5131 rogo;
2095 5074 2328 5130 quaestum
2363 5062 2473 5112 feeit
2497 5079 2509 5112 :
2537 5061 2618 5111 sed
2647 5058 2838 5126 publica
2863 5056 3078 5125 prebens
