3829 5747
441 139 561 197 466

444 271 503 318 ut
536 267 684 317 modo
721 280 798 332 ep.
829 270 939 325 409.
970 272 1017 326 2,
1045 280 1074 315 a
1097 264 1333 315 Meineltio
1359 266 1454 315 n‘on
1479 263 1796 326 improbatus.
1831 283 1855 307 σι
1898 263 1995 313 Sed

1549 131 2055 194 ANTHOLOGIAE
2096 132 2500 194 PALATINAE

2039 296 2047 303 -
2082 266 2255 323 τίκτει,
2285 270 2448 327 γεννᾷ,
2478 265 2690 324 θνήσκει,
2722 263 2784 313 de
2806 262 2988 326 quibus
3013 263 3119 313 Jac.
3145 274 3195 326 p.
3221 267 3331 313 320.
3352 288 3411 299 -
3428 269 3454 313 2
3480 264 3634 313 Γαδά-

444 340 680 404 proeterea
702 338 822 399 ἦσθά
843 354 911 393 τις
937 336 1078 395 (Cod.
1097 337 1220 395 ἦσθα
1238 336 1325 393 τίς)
1345 337 1628 398 corruptum
1649 335 1862 395 videtur,
1881 349 1997 397 quae
2040 311 2046 368 Ι
2085 352 2178 397 pote.
2205 335 2327 385 cod.
2356 340 2404 385 et
2434 336 2584 395 Plan„
2615 334 2755 397 lapsu
2784 333 2941 395 facili,
2982 334 3191 384 correxit
3220 333 3477 383 lteckerus.
3504 354 3525 377 ‹-
3562 338 3645 383 De

444 408 595 459 verba
620 411 689 459 lta
706 406 1008 459 emendanda
1023 409 1141 469 puto
1161 408 1218 455 ut
1235 404 1384 455 verba
1401 405 1609 469 ἀρχαίων
1625 406 1827 467 ἡμιθέων
1849 404 1997 454 etiam
2040 426 2045 469 3

445 479 508 529 ad
526 480 710 529 πάντων
733 477 1003 541 pertineant
1019 481 1070 526 et
1090 474 1296 537 AEscliyli
1315 486 1372 523 os
1393 487 1706 538 personarum
1726 473 1896 523 babitu
1912 487 1997 524 au-

445 550 660 612 gustiore
692 547 1022 611 dignissimum
1053 545 1202 595 fuisse
1227 544 1433 594 dicatur.
1455 546 1527 594 lta
1563 543 1812 606 Statyllius
1835 544 1992 593 Flacc.

446 621 508 671 dc
530 620 763 684 Sophocle
791 622 870 679 IX,
891 632 966 681 ep.
993 624 1073 678 98,
1098 625 1128 668 6
1162 638 1174 667 2
1205 618 1356 666 αὐτῶν
1375 618 1540 681 ἡρώων
1559 617 1862 680 φθεγξάμενον
1882 616 1995 665 στό·

447 708 605 755 μασιν.
635 712 658 735 υ
685 691 901 742 Becker.
925 692 1150 739 Fortasse
1171 685 1568 751 distinguendum
1601 705 1612 735 ι
1647 685 1688 733 ὦ
1713 684 1868 747 στόμα
1887 683 1999 733 πάν-

443 778 539 811 των
562 762 688 819 ἄξιον
706 760 933 824 ἀρχαίων,
947 758 1070 819 ἦσθά
1085 776 1152 815 τις
1167 759 1385 821 ἡμιθέων,
1406 768 1522 818 qum
1542 754 1659 805 satis
1677 766 1850 817 magna
1868 753 1995 803 laus.

507 901 702 951 cnxu.
733 900 931 949 Lemma
953 919 965 949 :
987 901 1051 955 εἷς
1083 898 1317 956 Πυλάδην,
1336 896 1392 946 οὗ
1420 896 1500 945 τὸν
1523 895 1744 958 Ὀρέστου
1767 894 1894 957 φίλον
1918 896 1997 942 τὸν
2041 829 2046 947 Ι

447 970 809 1033 θαυμαζόμενον,
845 970 962 1019 ἀλλὰ
1002 970 1081 1018 τὸν
1125 969 1375 1031 ὑποκριτὴν
1415 972 1495 1025 τῆς
1534 966 1635 1019 νέας
1674 965 1929 1026 τραγῳδίας
1968 966 1998 1023 ἢ

449 1041 696 1103 κωμῳδίας
719 1043 748 1098 ἢ
777 1040 857 1089 τὸν
885 1041 944 1088 τὰ
971 1039 1194 1089 Διονύσια
1224 1038 1608 1099 κατορχούμενον.
1637 1031 1741 1084 Non
1767 1036 1842 1083 est
1869 1033 1996 1082 ccle-

449 1111 689 1161 bcrrimus
717 1111 796 1160 ille
821 1108 1152 1173 pantomimus
1181 1107 1409 1171 Pylades,
1431 1106 1612 1157 ltalicoe
1631 1103 1900 1154 saltationis
1926 1104 2001 1151 in-

450 1184 638 1238 ventor,
664 1180 824 1229 Alcaeo
853 1178 1092 1228 Messenio
1112 1178 1252 1241 longe
1285 1176 1538 1235 recentior,
1561 1174 1648 1224 sed
1690 1174 1996 1237 Megalopoli-

2086 403 2181 455 hac
2208 406 2329 455 urbe
2356 404 2603 468 Eunapius
2643 418 2693 467 p.
2732 411 2810 461 153
2834 404 2982 466 Ellys.
3010 406 3141 453 Fort.
3174 406 3311 457 sacr.
3340 416 3387 466 p.
3411 410 3483 454 24.
3508 426 3531 449 ι
3576 409 3636 453 Β.

2084 475 2267 525 Notum
2299 474 2432 539 apud
2458 478 2627 538 poetas
2664 474 2850 536 Syriam
2886 487 2979 523 mu
3018 486 3129 522 raro
3163 472 3329 523 vocari
3358 476 3641 536 Assyriam.

2087 544 2214 595 Urbs
2234 544 2365 597 dicta
2388 544 2565 597 altera
2594 547 2766 595 Attica
2792 544 2857 593 ob
2880 544 3181 608 ingeniomm
3204 547 3313 593 tum
3350 544 3445 593 illic
3465 544 3640 607 vigen-

2086 619 2189 667 tem
2214 617 2431 674 cultuum
2456 629 2509 665 v.
2534 615 2691 665 Strab.
2727 617 2851 675 XVI,
2879 629 2929 678 p.
2961 619 3067 665 759.
3092 640 3156 651 —
3174 620 3219 664 3.
3238 633 3265 657 «ι
3282 615 3375 665 Σὺν
3401 616 3645 673 Μούσαις,

2090 689 2254 737 Musis
2264 686 2587 752 faventibus,
2610 689 2667 736 ut
2684 686 2886 735 Theocr.
2902 687 3016 746 vn,
3042 691 3115 747 12,
3130 686 3193 735 al.
3210 710 3273 723 —
3291 690 3319 735 4
3340 687 3422 747 μὶν
3439 686 3651 740 ἱππείοις

2088 756 2229 816 Cod.;
2260 758 2343 817 μὲν
2360 757 2563 813 ἱππείαις
2588 757 2714 807 Plan.
2748 755 3015 817 (Edehatur
3040 757 3371 817 Μενικπείαις,
3398 756 3483 805 sed
3512 757 3651 805 alte·-

2088 841 2198 877 rum
2224 829 2357 878 recte
2381 831 2549 878 tuetur
2572 828 2773 877 Hecker.
2798 840 2845 891 p.
2866 827 2996 888 244.)
3022 826 3248 877 Imitatus
3286 830 3367 877 est
3403 826 3655 889 Meloeger

2088 912 2213 961 quas
2255 899 2509 963 Menippus
2550 896 2789 959 Cynicus,
2815 900 2842 946 ὁ
2866 898 3243 958 σπουδογέλοιος,
3263 896 3518 959 scripserat
3546 900 3649 945 Sa·

2086 973 2222 1031 tyras
2247 982 2481 1020 venerum
2506 967 2836 1032 plenissimas,
2868 969 3079 1017 testante
3118 968 3330 1029 Diogene
3362 970 3417 1017 1..
3442 970 3528 1026 vl,
3558 972 3651 1017 99.

2091 1044 2221 1090 inter
2246 1039 2470 1105 Meleagri
2486 1042 2676 1102 satyras
2694 1050 2791 1087 una
2810 1041 2917 1088 erat
2934 1039 3075 1100 Χάρις
3100 1037 3351 1100 inscripta,
3372 1037 3464 1087 nisi
3480 1042 3653 1087 totum

2088 1125 2213 1173 opus
2256 1110 2325 1161 sic
2370 1111 2653 1175 inscriptum
2699 1109 2852 1159 ruisse
2886 1110 3159 1160 existimare
3186 1110 3356 1167 malis:
3382 1122 3432 1158 r.
3462 1108 3651 1159 Athen.

2091 1185 2173 1239 lv,
2191 1196 2241 1244 p.
2270 1186 2375 1241 157,
2398 1183 2451 1231 B.
2467 1189 2583 1232 -o.
2600 1180 2687 1230 Ἓν
2706 1180 2859 1238 Χάος,
2880 1179 3157 1243 complexus
3174 1179 3391 1229 materiae
3414 1178 3653 1237 turbidae,

450 1253 594 1299 tanus
620 1248 849 1311 Pylades,
869 1249 1149 1312 κιθαρῳδός,
1173 1248 1388 1311 Philippo
1405 1246 1638 1297 Demetrii
1660 1245 1758 1295 lilio
1776 1249 2003 1308 regnante
2043 1245 2048 1295 Ι
2090 1252 2219 1301 unde
2256 1251 2487 1315 paulatim
2513 1254 2540 1301 ὁ
2562 1250 2741 1311 κόσμος
2777 1250 2980 1312 prodiit;
3011 1249 3187 1299 deinde
3224 1249 3471 1299 inlinitum
3512 1252 3651 1299 tern-

451 1320 655 1377 llorens‚
685 1319 827 1380 cujus
865 1318 1190 1368 meminerunt
1226 1316 1472 1369 Plutarch.
1508 1315 1793 1379 Philopoem.
1837 1328 1880 1364 c.
1925 1321 1997 1375 11,
2044 1321 2049 1360 Ι
2089 1320 2219 1384 poris
2244 1320 2611 1385 spatium-8,
2645 1319 2892 1369 Sententia
2929 1317 3193 1383 generalis,
3221 1332 3325 1381 qua
3366 1318 3515 1368 verba
3550 1319 3655 1379 πρὸ

451 1391 715 1441 Pausanias
757 1392 893 1451 vill,
925 1398 1002 1451 50,
1035 1396 1080 1441 3.
1105 1417 1168 1428 -
1195 1396 1214 1439 1
1247 1407 1324 1440 σοι
1351 1388 1472 1439 cod.
1519 1391 1570 1438 et
1610 1388 1760 1445 Plan..
1799 1386 1888 1437 sed
1925 1386 2003 1435 illc
2044 1373 2049 1415 ¹
2090 1392 2267 1450 τύμὸον
2290 1390 2587 1455 explicantur
2609 1408 2622 1437 z
2644 1394 2673 1439 ὸ
2704 1390 2794 1452 γὰρ
2824 1392 2909 1437 τοῦ
2934 1390 3087 1452 γήρως
3112 1388 3278 1449 γείτων
3300 1390 3367 1437 ὢν
3396 1388 3455 1437 οὐ
3484 1388 3655 1451 πόῤῥω

451 1462 757 1525 superposito
796 1479 839 1510 τ.
863 1490 919 1502 -
946 1468 974 1511 2
1010 1462 1058 1509 ἐν
1094 1474 1156 1511 ex
1198 1461 1330 1510 Plan.
1374 1459 1670 1522 suppletum.
1703 1457 2004 1507 Describitur

451 1544 564 1594 qum
590 1531 737 1595 vulgo
763 1534 794 1591 ἡ
818 1532 866 1580 ἐν
894 1536 994 1594 χρῷ
1013 1533 1158 1595 κουρὰ
1184 1534 1403 1581 vocatur.
1428 1556 1482 1565 —
1504 1537 1534 1579 ὃ
1560 1530 1720 1592 γοερὸν
1754 1528 1872 1576 Cod.
1904 1529 2005 1576 Me-

451 1602 826 1665 galopolitanum
844 1600 992 1651 deflet
1006 1601 1226 1651 Arcadioe
1243 1600 1424 1649 fluvius
1442 1602 1650 1661 Asopus.
1665 1624 1725 1635 —
1744 1603 1789 1648 8.
1805 1597 2023 1646 confert·

451 1674 556 1721 Jac.
574 1672 803 1737 σιδηρείας
821 1688 873 1721 τε
899 1673 1046 1727 πύλας
1074 1673 1154 1720 καὶ
1180 1672 1375 1733 χάλκεον
1395 1670 1528 1721 οὐδὸν
1547 1668 1734 1719 Tartari
1757 1680 1836 1731 ap.
1856 1669 2000 1717 Hom.

455 1743 511 1792 ll.
535 1744 595 1803 Θ,
629 1749 700 1800 15,
725 1744 775 1791 et
815 1744 1030 1805 Propert.
1053 1743 1140 1804 lv,
1161 1742 1222 1792 el.
1256 1748 1326 1803 11,
1351 1746 1418 1792 4:
1451 1744 1570 1791 Non
1609 1742 1826 1790 exorato
1864 1739 2005 1787 stant

453 1824 710 1861 ananum:
739 1814 835 1861 2:1⁰ae
860 1810 1028 1873 (Orci).

516 1954 735 2007 cvxm.
770 1960 964 2007 Lemma
991 1970 1002 1999 τ
1033 1960 1098 2014 εἷς
1123 1957 1403 2021 Ἱππαρχὶαν
1427 1958 1508 2015 τὴν
1534 1954 1784 2018 φιλόσοφον
1815 1954 1898 2011 τὴν
1930 1970 2006 2013 γυ-

454 2034 593 2077 ναῖκα
627 2029 860 2089 Κράτητος
899 2033 982 2077 τοῦ
1011 2029 1222 2086 θηὸαἰου
1252 2032 1336 2077 τοῦ
1366 2026 1675 2080 κατάρξαντος
1709 2028 1790 2081 τῆς
1817 2029 2006 2081 κυνικῆς

455 2100 692 2161 αἱρέσεως.
717 2118 740 2139 α
763 2099 868 2147 Hoc
905 2098 1096 2147 falsum.
1123 2098 1300 2147 Verius
1326 2099 1455 2146 esset
1481 2100 1562 2154 τῆς
1600 2098 1788 2152 κυνικῆς
1813 2094 1975 2150 μίξεως
1990 2128 2004 2150 ,

454 2180 602 2229 quam
628 2169 912 2229 κυνογαμίαν
930 2171 1122 2217 vocant.
1151 2188 1178 2211 n
1202 2170 1319 2216 Jac.
1339 2194 1403 2202 —-
1427 2172 1444 2215 1
1469 2164 1765 2229 βαθυστόλων
1792 2162 1912 2214 eod.
1932 2162 2008 2211 bis

459 2239 623 2299 (versu
645 2236 720 2287 bis
739 2238 957 2300 scripto),
978 2250 1103 2285 corr.
1122 2241 1245 2291 Jac.;
1269 2238 1541 2301 βαθυζώνων
1564 2236 1695 2285 Plan.
1713 2260 1773 2269 ——
1795 2240 1822 2283 2
1839 2233 2007 2294 ἑλόμην

371 2314 382 2325 ·
456 2310 702 2356 corrector
730 2307 938 2357 Codicis.
957 2334 1015 2343 —
1038 2314 1067 2358 3
1085 2308 1188 2356 οὐδὲ
1217 2309 1504 2370 βαθύπεπλος
1526 2305 1647 2355 Cod.
1667 2307 1718 2354 et
1748 2302 2009 2355 Planudeae

454 2376 670 2439 optimus
685 2376 793 2425 cod.
811 2390 887 2440 ap.
906 2377 1136 2437 Brunck.‚
1156 2377 1300 2438 cuius
1323 2375 1508 2425 111111.οὐ
1540 2375 1826 2438 βαθὺπεπὶος
1840 2408 1855 2430 ,
1879 2385 2005 2421 corr.

454 2446 719 2497 Salmasius
756 2467 767 2495 :
805 2466 829 2488 α
868 2448 1199 2497 αὶηεοὶεαῐιιε
1236 2447 1455 2506 calceus,
1481 2444 1652 2507 quales
1675 2443 2007 2493 delicatiorum

455 2521 507 2567 ct
530 2517 874 2581 elegantiorum
920 2518 1170 2567 hominum
1211 2519 1365 2567 erant.
1401 2536 1424 2559 »ι
1464 2515 1675 2565 Brunck.
1703 2513 2005 2576 περονάτιδες.

455 2614 517 2625 -
543 2596 570 2637 5
599 2587 735 2643 οὖδας
755 2590 803 2637 δὲ
832 2588 955 2638 cod.
984 2590 1035 2639 et
1062 2588 1216 2645 Plan.;
1238 2590 1554 2637 correxerunt
1577 2586 1824 2635 fleckerus
1843 2587 1895 2634 ct
1918 2588 2008 2633 Lo·

455 2657 592 2707 beck.
617 2657 806 2708 Patliol.
832 2658 971 2707 clem.
993 2672 1039 2721 p.
1065 2661 1174 2717 440,
1194 2670 1242 2707 n.
1281 2664 1328 2717 5,
1349 2656 1435 2720 qui
1463 2655 1652 2705 confert
1685 2654 1890 2704 Martial.
1925 2656 2006 2712 lv,

457 2734 516 2779 53
543 2749 555 2778 :
580 2742 700 2778 cum
724 2728 908 2779 baculo
933 2741 1172 2792 peraque
1196 2740 1369 2778 senex.
1395 2727 1666 2790 Legebatur
1687 2726 1821 2781 θυλὰς
1835 2738 1864 2774 c
1881 2724 2005 2786 conj.

455 2800 643 2863 Toupii.
664 2799 784 2850 Cod.
804 2801 1098 2859 σκήπωνι..-
1115 2805 1159 2848 fi.
1187 2818 1210 2841 «ι
1241 2798 1433 2856 Δίπλαξ,
1449 2797 1561 2846 vide
1576 2794 1637 2846 ad
1653 2798 1732 2856 ΧΙ,
1754 2808 1830 2858 ep.
1856 2800 1958 2845 158.
1985 2814 2007 2837 κ

459 2873 565 2922 IL—
603 2875 629 2922 7
653 2871 838 2936 κάρῤων
856 2889 964 2934 αμιν
985 2870 1188 2930 (Paulss.
1202 2870 1304 2932 διμι,
1322 2882 1620 2932 quamquam
1639 2866 1785 2918 etiam
1803 2866 2007 2916 Salmas.

458 2946 591 3006 ἁμῖν,
630 2943 688 2992 ut
726 2942 916 2992 Paulss.
952 2942 1016 2992 de
1053 2941 1212 3004 prima
1237 2953 1359 2990 voce
1403 2952 1580 2989 versus
1614 2937 1747 3001 loqui
1767 2937 2018 2986 videatur)

458 3014 709 3068 ἁταλάντας
750 3013 892 3071 cod-3
922 3015 1135 3077 κρέσσων
1172 3012 1268 3075 βίος
1297 3011 1353 3071 ἦν
1372 3012 1459 3061 'Ata
1493 3012 1610 3062 Plan
1635 3046 1648 3068 ‚
1671 3023 1734 3059 ex
1759 3007 2013 3070 interpola·

457 3083 614 3140 tionez
641 3083 812 3148 κάῤῥον
829 3083 936 3144 λῆμ’
953 3083 1010 3143 ἦν
1029 3083 1119 3132 Ἀτ.
1149 3080 1272 3141 conj.
1302 3079 1516 3138 Jacobs..
1544 3082 1596 3129 et
1623 3080 1802 3142 recepit
1830 3079 1969 3128 Boiss
1994 3093 2009 3135 ς

457 3153 644 3217 κάρρων
671 3151 868 3214 μνάμα
904 3152 994 3202 'At
1030 3151 1305 3208 inciserunt,
1331 3148 1414 3210 qui
1457 3153 1601 3198 antea
1637 3148 1798 3212 κάῤῥω
1829 3147 2012 3208 μναμεῑ·

461 3223 612 3272 Ἁτ.-
633 3221 745 3272 Gaio
764 3222 915 3281 Plan.;
939 3222 1077 3284 σοφίη
1095 3224 1146 3270 et
1168 3220 1447 3284 ὀρειδρομίης
1476 3219 1617 3286 (20114
1644 3219 1771 3267 conf.
1795 3217 2008 3268 Lobeck.

460 3290 665 3355 l’aralip.
684 3305 734 3355 p.
757 3295 866 3341 455.

522 3431 732 3480 cnxlv.
769 3432 966 3480 Lemma
997 3441 1011 3470 ἓ
1039 3429 1103 3484 οἷς
1127 3426 1354 3476 Ῥίνθωνα
1381 3428 1458 3476 τὸν
1489 3427 1772 3490 Συρηκόσιον
1798 3429 2011 3485 ποιητήν.

462 3523 485 3545 a
511 3505 584 3551 De
607 3499 846 3549 Rliintone
864 3499 974 3548 vide
998 3499 1276 3561 Carpentar.
1305 3499 1373 3546 De
1391 3496 1676 3546 excellentia
1690 3497 1866 3560 linguae
1887 3498 2010 3547 Gall.

458 3586 506 3636 p.
534 3575 642 3622 598.
667 3589 691 3614 2·
722 3571 778 3619 B.
805 3569 1006 3619 Meliora
1043 3567 1106 3617 de
1143 3569 1286 3630 poeta
1316 3567 1652 3630 φλυακογρᾶιφῳ
1683 3565 2015 3617 Eichstadtius

461 3643 509 3691 in
535 3653 710 3690 comm.
743 3641 814 3688 De
837 3639 1059 3690 dramate
1090 3636 1536 3699 comico-satyrico,
1561 3639 1800 3687 Reuvens.
1825 3637 1874 3686 in
1896 3637 2011 3688 Col-

461 3712 592 3761 lectt.
625 3711 740 3769 litt..
769 3711 863 3760 alia
885 3723 969 3774 ap.
1007 3709 1298 3772 interpretes
1333 3707 1498 3758 suidae
1539 3707 1588 3756 in
1614 3720 1685 3767 v„
1715 3720 1762 3769 p.
1789 3710 1877 3757 014
1909 3721 2010 3770 seq.

461 3778 634 3830 Bet-nli.
662 3807 726 3818 —
744 3787 772 3830 2
804 3783 976 3842 Συρηκ.
998 3778 1138 3828 Plan.
1162 3804 1224 3815 —-
1249 3783 1295 3828 3.
1328 3799 1346 3820 c
1387 3775 1622 3828 Μουσάων
1665 3778 1875 3840 ἀηδονὶς,
1904 3778 2015 3829 vide

461 3850 523 3901 ad
555 3865 632 3914 ep.
661 3855 740 3901 44.
762 3873 783 3894 n
822 3855 882 3901 Β.
902 3854 998 3901 Pro
1017 3851 1231 3912 φλυάιιων
1251 3851 1384 3901 Plan.
1405 3849 1640 3911 καλύκων,
1657 3849 2014 3912 indoctissime;

464 3921 512 3969 iu
534 3935 686 3984 marg.
706 3920 877 3972 Wech.
895 3922 1162 3984 κορὺμὸων.

525 4063 710 4111 CDXV.
752 4062 953 4111 Lemma
979 4075 993 4103 t
1030 4061 1095 4116 εἷς
1117 4077 1226 4109 τινα
1249 4059 1432 4108 Βάττου
1459 4062 1560 4109 υἱὸν
1583 4061 1614 4116 ἣ
1643 4061 1869 4119 Βατιάδην
1905 4061 2016 4122 (sic)

462 4133 674 4191 ποιητήν.
709 4151 732 4174 «ι
761 4135 849 4182 Est
874 4130 1155 4181 Callimachi
1193 4131 1242 4178 in
1271 4143 1330 4180 se
1368 4129 1545 4192 ipsum.
1574 4131 1768 4180 Gallicis
1797 4130 2019 4181 versibus

464 4203 698 4265 expressit
716 4201 930 4252 Dutlieil.
952 4201 1089 4250 Prael‘.
1113 4199 1300 4251 Gallim.
1323 4213 1370 4262 p.
1389 4205 1466 4250 23.
1486 4221 1508 4242 υ
1529 4201 1591 4249 Β.
1607 4229 1670 4237 -
1689 4207 1716 4249 2
1733 4203 2017 4261 συγγελάσαι

465 4271 585 4321 Cod.
611 4274 726 4332 (non
753 4275 830 4322 est
857 4271 904 4320 in
930 4271 1104 4330 Plan.),
1125 4270 1257 4333 quod
1294 4283 1467 4320 sanum
1488 4270 1660 4332 liabeo,
1691 4273 1747 4320 ut
1769 4271 2019 4320 Heckerus
2056 4270 2065 4302 ¹

468 4344 508 4399 1,
535 4357 582 4405 p.
611 4341 1036 4405 314ςσυγιεράσαι
1057 4341 1324 4390 Meinekius
1343 4354 1404 4390 ex
1427 4341 1727 4390 correctione
1751 4341 1953 4404 Hauptii
1970 4341 2020 4391 in

465 4411 709 4477 l‘hilologo
739 4415 781 4474 1,
802 4427 850 4476 p.
871 4416 982 4462 367.

528 4555 738 4604 cnxvl.
768 4556 970 4604 Lemma
999 4575 1012 4604 ι
1038 4556 1102 4610 εἶς
1121 4555 1202 4604 τὸν
1227 4555 1370 4614 σοφὸν
1393 4557 1657 4618 Μελέαγρον
1681 4557 1761 4604 τὸν
1790 4557 1895 4612 τοὺς
1924 4572 2023 4605 στε-

467 4623 631 4682 φάνους
656 4629 748 4672 τῶν
775 4623 1140 4686 ἐπιγραμμάτων
1162 4625 1387 4680 πλέξαντα
1400 4661 1414 4685 ,
1434 4625 1514 4673 τὸν
1536 4625 1635 4673 υἱὸν
1667 4625 1921 4684 Euspena<
1938 4629 2021 4674 τοῦ

469 4696 750 4814 giezo-0333.
782 4696 1002 4746 Ductum
1029 4693 1226 4744 videtur
1249 4705 1308 4744 ex
1338 4706 1414 4757 ep.
1445 4698 1560 4754 419,
1585 4701 1632 4754 2,
1669 4699 1713 4744 3.
1738 4725 1795 4736 -
1825 4701 1852 4744 2
1885 4695 2021 4760 κερά-

530 4901 764 4950 CDleI.
799 4901 998 4949 Lemma
1027 4921 1040 4948 :
1075 4905 1158 4950 τοῦ
1203 4901 1349 4951 αὐτοῦ
1391 4903 1504 4950 Μελ.
1552 4901 1704 4949 Senex
1747 4903 1891 4963 poeta
1930 4899 2025 4950 hoc

2090 1463 2205 1581 ἐσὲξι
2220 1468 2303 1511 τοῦ
2330 1464 2462 1525 ᾅδου.
2487 1482 2509 1505 u
2546 1465 2663 1513 Jac.
2700 1463 2823 1518 Qum
2864 1459 2991 1509 male
3022 1458 3233 1509 mutavit
3272 1460 3410 1508 Plan.
3439 1458 3489 1507 in
3514 1458 3655 1507 hunc

2090 1546 2141 1581 m
2209 1546 2291 1581 um
2321 1552 2334 1581 ι

2212 1678 2353 1736 γῆρας
2382 1672 2471 1735 γὰρ
2495 1677 2644 1733 γεῖτον
2672 1670 2899 1732 κάγγὺθεν
2932 1660 3101 1719 Αἷδεω.

2091 1842 2153 1851 —
2180 1820 2209 1865 9
2236 1814 2392 1863 λὰλιον
2420 1814 2498 1861 καὶ
2526 1811 2929 1875 πρασθύτην.προσ
2946 1812 3091 1860 εἰπὼν
3108 1809 3252 1866 ends,
3278 1826 3358 1872 πρ.
3382 1811 3447 1858 σὺ
3470 1825 3658 1871 epacti-

2091 1886 2192 1934 πὼν
2220 1886 2370 1945 Plan„
2390 1886 2441 1933 et
2470 1882 2543 1933 sic
2566 1882 2776 1932 Brunck.
2798 1882 2849 1931 et
2866 1881 3045 1937 Boiss.·‚
3074 1880 3233 1943 recepi
3270 1878 3405 1942 quod
3452 1878 3655 1941 scripsit

2092 1956 2366 2015 fleckerus,
2394 1952 2657 2003 locutionis
2692 1954 2867 2016 χαίρειν
2893 1957 3162 2012 προσειπεῖν
3186 1950 3405 2013 exempla
3434 1949 3655 1999 afferens

2094 2024 2308 2089 Xenopb.
2338 2024 2463 2075 fleu.
2503 2026 2589 2081 w.
2619 2029 2663 2085 1,
2688 2027 2769 2084 31,
2802 2022 3007 2085 Eupolin
3054 2022 3114 2071 t'r.
3162 2021 3256 2071 inc.
3301 2027 3379 2082 21,
3420 2020 3657 2070 Babrium

2092 2100 2234 2156 XCV,
2268 2103 2340 2147 12.
2368 2096 2663 2159 Peerlkamp.
2692 2095 2743 2144 in
2772 2097 2910 2145 Nova
2944 2093 3068 2143 Bibl.
3094 2094 3199 2143 cn't.
3230 2094 3308 2151 lv,
3338 2106 3386 2155 p.
3424 2098 3503 2151 50,
3522 2094 3655 2155 conj.

2094 2171 2370 2234 πρεσδύτην,
2403 2169 2584 2231 πάρος
2624 2169 2769 2217 εἰπὼν
2812 2184 2883 2230 χ.,
2926 2166 3027 2229 jam
3065 2177 3096 2214 a
3128 2164 3309 2214 Graeiio
3348 2164 3659 2227 propositum

2156 2380 2194 2429 C
2202 2381 2416 2431 vam.
2438 2380 2666 2427 Lemma:
2686 2382 2770 2425 τοῦ
2798 2376 2945 2425 αὐτοῦ
2960 2374 3248 2437 Μελεάγρου·
3267 2375 3333 2431 εἰς
3358 2373 3440 2423 τὸν
3471 2375 3659 2424 Melia·

2094 2468 2205 2514 γρον
2220 2454 2301 2500 τὸν
2319 2448 2791 2511 ἐπιγραμματοφὸρον·
2804 2441 2937 2501 οὗτος
2954 2446 2982 2493 ὁ
2994 2446 3255 2506 Μελέαγρος
3268 2446 3317 2493 ἐν
3336 2446 3425 2506 Κῷ
3442 2450 3503 2505 τῇ
3526 2462 3661 2505 amq>

2095 2520 2420 2586 καταγηράσας
2440 2518 2815 2575 irenen-new?
2830 2523 2858 2565 2
2876 2516 3109 2577 ἥνδρωσιν
3132 2516 3185 2564 et
3208 2516 3433 2575 δεξαμένη
3448 2549 3464 2572 ,
3486 2527 3660 2577 super·

2096 2593 2277 2656 scripto
2302 2608 2353 2649 α,
2386 2590 2586 2641 cod.—
2610 2594 2639 2639 3
2670 2590 2780 2645 &nv
2805 2589 2885 2636 καὶ
2908 2586 2986 2635 δία
3003 2584 3146 2642 Cod.;
3170 2586 3280 2643 {em
3300 2588 3331 2643 ἡ
3349 2587 3431 2633 καὶ
3446 2591 3503 2633 Δ.
3526 2586 3661 2635 Reis-

2096 2664 2233 2722 ltiusz
2258 2664 2367 2712 εὸαν
2386 2664 2420 2710 ἁ
2448 2659 2712 2711 Heckerus.
2734 2661 2859 2707 Tum
2897 2658 3158 2721 θρεψαμένῃ
3176 2654 3356 2717 Codex,
3371 2654 3461 2704 sed
3479 2668 3661 2717 super·

2098 2733 2279 2797 scripto
2296 2750 2343 2783 α.
2370 2752 2395 2775 «ι
2416 2734 2517 2781 Cos
2538 2743 2653 2794 qum
2673 2732 2723 2779 et
2744 2730 2929 2778 lovem
2958 2726 3122 2786 aluit,
3148 2740 3243 2776 non
3260 2725 3455 2775 Satumi
3474 2724 3660 2785 tilium,

2098 2804 2185 2855 sed
2220 2816 2333 2854 eum
2358 2815 2507 2866 quem
2535 2800 2725 2862 abjecta
2764 2796 2979 2860 corrupti
3014 2796 3182 2845 saeculi
3220 2795 3436 2845 adulatio
3476 2798 3659 2844 Jovem

2096 2877 2375 2941 appellavit,
2403 2875 2721 2927 Ptolemaeum
2742 2866 3129 2932 Philadelphum,
3150 2866 3201 2916 in
3228 2880 3287 2918 ea
3312 2866 3472 2917 insula
3494 2866 3660 2917 altum

2096 2951 2148 2998 et
2161 2947 2445 3006 educatum,
2461 2947 2518 2994 ut
2536 2944 2725 2993 constat
2742 2955 2798 2992 ex
2816 2941 3016 2991 Theocr.
3028 2941 3179 2997 xvii,
3194 2945 3273 2999 58,
3290 2937 3443 2988 schol.
3458 2937 3659 2987 callim.

2097 3017 2203 3066 Del.
2231 3023 2335 3074 165,
2360 3015 2423 3064 al.
2450 3016 2501 3064 et
2525 3015 2696 3073 Ζανὸς,
2724 3014 2783 3061 ut
2808 3011 2902 3060 boc
2928 3011 3052 3066 loeo.
3082 3009 3277 3058 nomine
3317 3007 3609 3071 insignitum
3633 3021 3661 3056 a

2098 3087 2353 3138 Theocrito
2378 3088 2487 3144 vll,
2514 3089 2594 3143 93,
2622 3085 2681 3132 ut
2704 3081 2767 3131 ab
2808 3080 3010 3131 Horatio
3045 3082 3295 3143 Augustus
3332 3079 3485 3142 Epist.
3526 3081 3659 3137 xlx,

2098 3164 2157 3209 43
2188 3179 2200 3208 :
2226 3157 2384 3217 rides,
2412 3159 2508 3215 ait,
2538 3159 2589 3205 et
2625 3155 2773 3202 lovis
2798 3151 3016 3202 auribus
3038 3153 3141 3200 isla
3179 3155 3380 3200 sertus.
3402 3153 3531 3198 -4.
3562 3151 3662 3198 Μέ-

2100 3247 2235 3294 ροπες
2262 3227 2561 3278 vocabantur
2590 3225 2707 3284 coi,
2740 3227 2793 3275 et
2814 3222 2973 3272 insula
3006 3222 3215 3284 Μερόπη.
3256 3219 3397 3282 (Vide
3418 3221 3573 3268 Tiles.
3612 3219 3659 3267 in

2100 3300 2290 3362 Μέροψ,
2312 3312 2358 3361 p.
2382 3302 2492 3356 803,
2512 3299 2564 3346 et
2587 3315 2610 3338 «
2642 3297 2744 3344 not.
2778 3293 2841 3343 ad
2860 3295 2968 3352 ΧΠ,
2992 3305 3069 3355 ep.
3096 3299 3173 3342 50.
3196 3309 3221 3334 υ
3242 3292 3329 3352 Β.)
3348 3295 3475 3337 -6,
3498 3292 3661 3345 Mean·

2099 3369 2235 3426 τείοις
2262 3369 2301 3419 si
2332 3381 2447 3417 vera
2468 3370 2547 3416 est
2571 3365 2742 3424 lectio,
2761 3363 3001 3425 Meleager
3024 3362 3115 3413 sibi
3132 3361 3463 3410 Homericam
3482 3359 3663 3408 tribuit

2099 3441 2432 3497 venustatem:
2460 3435 2705 3500 quomodo
2748 3433 3018 3497 accipiebat
3052 3432 3199 3482 etiam
3236 3430 3521 3481 Salmasius.
3564 3431 3661 3479 Sed

2097 3509 2410 3574 probabiliter
2431 3510 2485 3556 L.
2508 3505 2788 3556 Holstenius
2812 3503 3023 3552 correxit
3054 3503 3355 3558 Μενιππείαις
3370 3537 3387 3562 ,
3412 3499 3553 3562 quod
3582 3515 3657 3548 re·

2101 3581 2231 3643 cepit
2271 3577 2501 3634 Brunck.·,
2522 3589 2571 3623 v.
2597 3575 2745 3638 epigr.
2778 3573 2984 3636 proeced.
3016 3585 3215 3622 versum
3240 3575 3287 3620 ⁴.
3323 3591 3348 3613 υ
3376 3573 3490 3619 Jac.
3530 3573 3661 3620 Hec-

2102 3649 2246 3698 kerus
2271 3668 2286 3698 ι
2319 3667 2343 3690 «ι
2377 3642 2645 3708 tennepius
2672 3655 2865 3706 quoque
2890 3641 2953 3691 ad
2981 3644 3119 3691 Grot.
3138 3655 3186 3704 p.
3220 3645 3306 3691 237
3354 3643 3663 3691 Homer-icas

2102 3723 2301 3783 aralius
2344 3714 2604 3780 significari
2639 3714 2827 3764 statuit.
2860 3715 2921 3762 At
2958 3726 3054 3762 non
3098 3711 3379 3776 intelligitur
3414 3725 3517 3774 quo
3552 3713 3665 3774 jure

2104 3792 2339 3853 Meleager
2371 3789 2556 3852 jactare
2603 3785 2757 3848 possit
2802 3795 2855 3834 se
2896 3783 3202 3846 majestatem
3246 3781 3371 3846 epici
3430 3782 3665 3831 carminis

2102 3861 2389 3910 aemulatum
2416 3871 2541 3908 esse.
2572 3854 2894 3905 Nihilominus
2920 3855 3187 3911 Μελητείοις
3214 3851 3524 3902 sanissimum
3558 3857 3661 3911 est,

2103 3931 2234 3993 quod
2262 3929 2511 3994 epitheton
2542 3925 2757 3989 explices
2783 3937 2845 3973 ex
2874 3921 3120 3986 aristoph.
3141 3925 3264 3971 Ran.
3299 3927 3434 3981 1301,
3453 3923 3663 3971 σκολίων

2106 4003 2319 4060 Μελήτου
2334 4037 2349 4062 ,
2369 4003 2420 4050 et
2440 3997 2677 4061 Epicratis
2702 3994 2927 4045 versibus
2949 4007 3028 4056 ap.
3050 3993 3209 4043 Athea
3226 3995 3356 4052 xiil,
3382 4006 3428 4055 p.
3451 3997 3567 4052 005,
3592 3996 3661 4042 Et

2226 4137 2444 4202 τάρωτίκ’
2463 4135 2766 4196 ἐκμεμάθηκα
2792 4139 2938 4182 ταῦτα
2966 4111 3203 4188 παντελῶς

2228 4211 2441 4270 Σαπφοῦς
2454 4241 2469 4266 ,
2488 4207 2703 4263 Μελήτου
2718 4241 2733 4264 ,
2756 4205 3045 4266 Κλεομένους
3058 4239 3073 4261 ,
3097 4203 3382 4265 Λαμυνθίου.
3408 4221 3432 4242 ι·

2106 4343 2247 4393 Cous.
2278 4342 2343 4393 ad
2387 4357 2490 4406 seq.
2524 4342 2675 4406 epigr.
2710 4355 2765 4392 v.
2809 4345 2855 4392 4.
2892 4340 3099 4391 Bothius
3126 4338 3335 4390 correxit
3362 4339 3661 4400 μελιττείαις,

2106 4415 2193 4478 qui
2221 4415 2512 4479 μελισσαίαις
2542 4418 2673 4464 certe
2698 4411 2923 4464 debebat.

2169 4547 2379 4596 CDXIX.
2408 4548 2609 4595 Lemma
2631 4560 2643 4587 :
2674 4548 2736 4598 εἰς
2763 4547 2845 4594 τὸν
2863 4545 3001 4593 αὐτὸν
3022 4548 3106 4592 τοῦ
3132 4543 3275 4592 αὐτοῦ
3301 4540 3588 4600 Μελεάγρου.
3609 4541 3662 4587 Et

2108 4617 2159 4667 111
2184 4631 2309 4667 nova
2327 4617 2498 4681 pagina
2520 4637 2531 4666 ε
2558 4619 2622 4672 εἰς
2640 4618 2720 4665 τὸν
2753 4617 2893 4664 αὐτὸν
2920 4617 3011 4674 Μ.,
3032 4615 3111 4664 τὸν
3139 4613 3311 4673 ἀγαθὸν
3342 4613 3562 4670 ποιητὴν,
3591 4613 3663 4657 τὸν

2110 4689 2389 4749 ουναγωγὲα
2440 4692 2535 4734 τῶν
2582 4685 2961 4748 ἐπιγραμμάτων.
2997 4709 3061 4720 -
3093 4687 3121 4732 4
3162 4683 3222 4732 σὺ
3276 4681 3495 4736 στολίσας
3543 4681 3585 4730 C
3586 4678 3657 4728 od.

2112 4779 2135 4800 n
2152 4760 2305 4823 Ἔρως
2322 4755 2629 4807 referendum
2662 4755 2725 4806 ad
2750 4755 3093 4819 epigrammata
3116 4753 3349 4804 aruatoria
3362 4790 3375 4811 ‚
3396 4753 3551 4814 ἱλαραὶ
3570 4751 3661 4800 Χά-

2112 4846 2227 4894 ριτες
2246 4829 2309 4878 ad
2332 4831 2551 4892 satyram
2575 4841 2621 4876 v.
2648 4826 2711 4877 ad
2734 4839 2811 4889 ep.
2840 4829 2953 4886 417,
2977 4829 3025 4874 4.
3041 4850 3104 4860 —
3120 4827 3145 4873 7
3172 4835 3274 4886 seq,
3299 4821 3493 4885 Triplici
3512 4823 3663 4872 salute

2109 4901 2347 4951 viatorem
2364 4899 2607 4962 impertit,
2627 4911 2715 4960 pro
2736 4911 2796 4948 eo
2816 4896 2945 4947 unde
2962 4895 3044 4945 ille
3062 4894 3250 4945 venerit
3271 4893 3478 4957 populo,
3501 4895 3658 4948 tn'um,

467 4969 766 5036 epitaphium
791 4969 882 5019 sibi
904 4971 1176 5034 scripsit.—
1203 4977 1240 5022 1.
1263 4974 1432 5022 Temo?
1451 4983 1540 5034 pro
1554 4969 1816 5033 praeterito‚
1837 4976 1894 5022 ut
1911 4971 2024 5022 alibi
2110 4969 2241 5035 apud
2268 4983 2393 5033 quos
2428 4969 2530 5033 ipsc
2560 4967 2709 5017 vitam
2734 4970 2916 5030 egerat,
2944 4965 3109 5028 lingua
3134 4977 3273 5014 usus.
3300 4961 3419 5012 cod.
3446 4967 3499 5012 et
3534 4963 3656 5012 Plau.
