3829 5747
429 86 542 156 151

408 225 570 282 οὐσίας
599 226 662 282 είς
686 225 732 275 ἓν
754 229 1038 292 ποιούμενοι.
1058 229 1254 290 Longus
1276 229 1340 288 11,
1360 235 1388 278 5
1423 248 1436 275 :
1465 229 1604 286 ἡνίκα
1621 231 1675 278 ἂν
1703 229 1866 286 αὐτοὺς
1885 229 1949 284 εἰς

407 295 454 343 ἓν
474 295 740 358 συναγάγω.
765 295 903 346 Nilus
920 299 1108 346 Narrat.
1126 311 1176 360 p,
1196 300 1256 346 48
1280 317 1292 345 ε
1320 297 1508 353 συνάγει
1539 299 1711 354 πάντας
1741 301 1862 360 ἡμᾶς
1885 301 1950 353 εἰς

407 363 454 412 ἓν
476 365 608 414 ἑστία
642 367 722 415 καὶ
758 367 969 429 τράπεζα.
1003 365 1266 416 Dositheus
1284 367 1314 429 §
1345 373 1399 417 15
1433 387 1444 414 2
1472 369 1556 426 τὴν
1579 369 1794 418 εὐκταίαν
1825 371 1888 426 εἰς
1903 371 1951 418 ἓν

407 435 703 498 θρησκεῦσαι.
730 434 866 486 Adde
895 437 950 485 Pl
967 449 1044 485 an.
1071 449 1147 498 ep.
1178 439 1238 486 45
1255 452 1269 494 3
1287 434 1455 486 Rhoer.
1481 440 1586 487 Fer.
1607 441 1728 488 Dav.
1750 453 1798 504 p.
1831 445 1912 489 111
1936 457 1951 500 ;

405 516 516 562 mea
545 503 610 554 ad
632 504 796 555 AEsch.
830 504 1047 568 Choeph.
1081 511 1188 557 293.
1225 533 1290 543 -
1317 514 1363 556 2.
1395 511 1469 558 De
1494 508 1730 570 adiectivo
1757 511 1951 574 ἀδρανὴς

406 573 519 623 vide
555 576 660 624 not.
691 573 756 624 ad
796 573 970 624 Simoc.
999 588 1048 637 p.
1089 580 1252 626 279..»
1286 581 1343 626 B.
1384 604 1449 613 —
1485 583 1514 628 3
1540 579 1751 641 παῖδαχα
1782 580 1949 632 λε’πτην

407 641 548 703 God.;
570 655 600 692 a
617 645 892 694 correctore
918 645 1300 709 superscriptum
1327 648 1523 696 λέπτειν.
1543 675 1604 684 -
1631 656 1659 698 e
1691 649 1787 712 ἔχει
1811 648 1945 698 Plan.

405 715 458 762 et
492 715 732 762 corrector
745 713 952 776 Codicis,
979 713 1067 777 qui
1092 717 1191 778 ἔχοι
1220 730 1249 764 a
1273 729 1342 778 pr.
1367 731 1435 767 m.
1463 744 1526 754 —
1550 723 1575 768 7
1611 719 1785 768 ἔνδικον
1815 719 1950 780 ἔσχες

406 782 538 832 Plan.
569 809 629 820 -—
654 788 682 833 8
709 783 798 839 ῖδες
821 783 999 845 Codex,
1021 787 1154 846 quod
1169 789 1337 836 tuetur
1361 788 1599 836 Wernick.
1621 788 1680 837 ad
1701 786 1950 851 Triphiod.

407 863 454 912 p.
486 857 593 902 268.
625 869 651 894 a
684 851 829 901 Verbi
853 855 1084 904 σδεννύειν
1108 856 1278 905 eadem
1311 856 1591 919 metaphora
1619 859 1706 920 Vl,
1735 871 1812 921 ep.
1839 863 1948 918 343,

395 924 566 982 ·3;1x,
595 933 670 984 ep.
701 927 812 986 375,
832 931 878 973 6.
911 944 935 966 »2
967 926 1026 974 B.

467 1084 626 1134 cccl.
662 1085 862 1133 Lemma
891 1105 904 1134 ι
938 1090 1022 1134 τοῦ
1053 1086 1194 1134 αὐτοῦ
1211 1087 1478 1147 πέμψαντος
1501 1084 1631 1146 ἰχθῦν
1658 1084 1790 1147 κόρῃ.
1820 1082 1950 1133 Vide

406 1155 471 1208 ad
487 1167 686 1206 Versum
703 1159 751 1206 4.
785 1183 848 1192 —
871 1161 890 1205 1
921 1157 1168 1220 τηλοτὲρωι
1197 1155 1316 1206 eod.
1351 1175 1376 1198 α
1404 1154 1556 1219 Ἰχνος
1585 1155 1789 1218 έρείσεις,
1819 1155 1945 1204 conf.

405 1227 509 1286 xil,
528 1239 602 1289 ep.
632 1231 710 1286 sta,
747 1233 791 1276 2.
836 1246 860 1269 υ
883 1227 943 1275 Β.
962 1253 1027 1262 -
1046 1233 1073 1276 2
1102 1227 1229 1275 κεῖσέ
1253 1242 1312 1288 με
1337 1227 1460 1274 ὥστε
1482 1225 1626 1287 φέρειν
1653 1223 1795 1286 Cod.,
1820 1237 1945 1274 corr.

407 1299 728 1346 normannus.
761 1297 892 1345 Plan.
920 1295 990 1345 sic
1029 1296 1334 1359 interpolavit
1362 1315 1376 1343 z
1403 1300 1564 1358 πτηνῷ
1589 1299 1718 1345 κεῖσε
1737 1295 1868 1356 τάχει
1889 1310 1951 1356 με

403 1367 544 1428 φέρει.
571 1393 634 1403 -
669 1371 716 1416 3.
741 1367 804 1414 Et
829 1369 974 1414 Amor
1005 1369 1056 1414 et
1094 1370 1280 1414 Aurora
1307 1365 1562 1428 ροδὸχροοι.
1589 1387 1654 1401 -·
1688 1368 1734 1413 4.
1765 1383 1790 1407 κ
1829 1365 1950 1414 Rrec

404 1449 520 1485 cum
555 1434 939 1498 precedentibus
971 1447 1066 1482 non
1092 1434 1242 1486 nitide
1267 1433 1527 1483 cohaerent.
1559 1432 1765 1482 Videtur
1805 1437 1949 1497 poeta

403 1505 610 1554 amicam
653 1505 706 1554 in
739 1503 1119 1568 longinquiorem
1155 1503 1402 1568 regionem
1444 1503 1714 1566 profectam
1747 1505 1949 1552 secutus

403 1590 511 1627 esse
542 1578 592 1626 et
617 1577 899 1635 assecutus3
943 1577 994 1624 et
1035 1575 1085 1622 in
1108 1574 1351 1625 adventus
1396 1574 1588 1638 signum
1627 1572 1722 1636 ipsi
1764 1573 1949 1636 piscem

403 1647 680 1697 misisse.»
725 1647 786 1694 Β.
826 1671 887 1682 —-
926 1653 972 1696 e.
1009 1647 1175 1693 Venus
1216 1647 1430 1694 marina
1474 1643 1620 1693 etiam
1653 1657 1732 1706 ap.
1775 1645 1946 1693 Horat.

403 1719 565 1766 carm.
591 1718 681 1777 111,
701 1715 781 1765 od.
815 1722 891 1776 2ο,
922 1722 966 1765 5.

464 1867 649 1916 00011.
687 1885 712 1908 α
746 1863 824 1913 Ad
855 1863 1172 1913 imitationem
1201 1861 1461 1925 Posidippi,
1495 1863 1575 1922 lx,
1617 1874 1692 1924 ep.
1726 1865 1836 1921 359,
1873 1860 1947 1913 in?

401 1933 656 1984 commoda
683 1935 882 1997 exponit
895 1971 908 1994 ,
937 1933 987 1982 in
1004 1947 1117 1996 quae
1134 1933 1381 1982 incurrere
1395 1931 1540 1981 debet
1558 1931 1646 1993 qui
1667 1929 1949 1980 mulieribus

400 2005 612 2055 animum
631 2003 808 2067 adjicit.
842 2023 866 2048 ιο
884 2007 998 2054 Ιασ.
1021 2028 1085 2039 -
1105 2010 1133 2052 2
1160 2009 1428 2066 χρυσομανῆ
1453 2001 1692 2057 σπατάλην
1722 2000 1854 2049 Plan.
1887 2029 1945 2040 -·

403 2081 430 2124 'l
446 2074 657 2130 πελάσεις
676 2073 830 2132 Plan,
849 2071 984 2137 quod
997 2086 1111 2122 cum
1124 2071 1364 2121 Brunckio
1376 2075 1510 2121 tenet
1537 2071 1710 2126 Boiss.;
1729 2070 1950 2124 πελάσαις

401 2143 520 2194 Cod.
545 2170 608 2180 -
631 2147 678 2193 4.
712 2162 737 2186 ι
766 2146 840 2193 De
859 2141 1154 2192 insuavitate
1179 2140 1335 2191 uxorii
1360 2141 1474 2190 lecti
1497 2140 1622 2189 cons.
1651 2141 1733 2200 xl,
1749 2152 1827 2202 ep.
1847 2143 1895 2188 7.
1922 2157 1945 2182 ι»

404 2216 462 2264 B.
480 2219 568 2264 -7
595 2213 756 2277 μοιχία
777 2211 899 2262 cod.
921 2231 946 2254 κ
969 2211 1189 2261 Ἐκτοθεν
1203 2213 1402 2275 ἐρώτων,
1427 2211 1582 2261 aliena
1594 2210 1656 2260 ab
1667 2209 1912 2259 amoribus
1930 2225 1944 2267 3

399 2297 497 2332 non
521 2283 766 2332 amoribus
788 2280 1164 2341 annumeranda,
1191 2280 1277 2329 sed
1291 2279 1494 2330 delictis.
1527 2301 1550 2323 n
1570 2283 1688 2330 Jac.
1705 2305 1766 2315 —-
1784 2285 1812 2329 8
1829 2279 1947 2340 μετὰ

401 2371 452 2402 π.
477 2352 597 2404 eod.
627 2379 690 2388 —
721 2359 769 2402 11
796 2352 929 2414 μόγις
946 2349 1090 2410 Cod.,
1108 2351 1411 2413 superposito
1456 2353 1509 2411 λς
1539 2350 1672 2399 Plan.
1705 2349 1848 2411 μόλις.
1882 2378 1942 2390 -
1968 2375 1975 2382 -

405 2427 479 2470 12.
522 2420 832 2484 Παλιμόολίης
845 2455 860 2481 ,
904 2419 1211 2482 poenitentiae.
1254 2419 1401 2477 Quod
1442 2422 1618 2482 praeter
1652 2417 1962 2482 exspectatio·

400 2505 513 2542 nem
538 2491 636 2541 diei
659 2489 866 2549 videtur,
888 2502 1041 2553 quum
1067 2489 1160 2538 alia
1183 2489 1346 2550 κέντρα
1364 2501 1472 2538 eam
1497 2489 1675 2539 sentire
1705 2492 1864 2551 putes.
1888 2515 1949 2524 —

411 2568 463 2612 14
492 2561 703 2625 ἀγγελίας
731 2559 874 2619 Cod.;
905 2559 955 2608 in
977 2560 1194 2622 margine
1220 2576 1236 2608 z
1259 2576 1334 2622 γρ.
1357 2555 1582 2620 ᾰμὸολίας
1598 2596 1614 2621 ,
1640 2559 1775 2623 quod
1801 2559 1951 2609 habet

401 2633 535 2682 Plan.
569 2635 716 2681 Recte
745 2632 849 2679 Jac.
877 2643 890 2672 ε
915 2649 940 2672 ι
969 2628 1098 2680 Illud
1113 2631 1281 2678 tuetur
1307 2627 1534 2691 Agathias
1563 2641 1711 2691 supra
1737 2641 1812 2691 ep.
1835 2635 1944 2690 209,

400 2711 430 2752 6
448 2722 461 2752 ς
479 2704 556 2750 καὶ
574 2702 655 2758 τὰς
677 2701 951 2755 λυσιπὸθους
968 2699 1152 2760 ἔτρεμον
1172 2698 1401 2759 ἀγγελίας.
1435 2715 1460 2739 ι»
1480 2723 1541 2732 —-
1566 2703 1621 2748 15
1645 2700 1700 2757 ἣν
1719 2698 1769 2746 δὲ
1788 2699 1945 2756 Plan.;

401 2775 440 2820 εἰ
466 2773 514 2821 δὲ
536 2769 678 2830 cod„
705 2789 728 2812 α
752 2781 916 2818 errore
937 2768 1074 2817 initio
1091 2779 1320 2816 versuum
1339 2766 1647 2816 creberrimo.
1671 2787 1695 2811 ι»
1713 2792 1778 2806 --
1801 2771 1852 2818 17
1873 2769 1947 2817 ὀθ-

398 2843 512 2902 νείηι
537 2854 600 2891 an
620 2839 795 2899 ὀθνείην
827 2838 892 2889 sit
914 2838 966 2888 in
994 2837 1114 2888 cod.
1140 2837 1422 2898 obscurum,
1455 2838 1541 2901 qui
1565 2837 1750 2888 omittit
1773 2838 1912 2899 νόμος
1930 2875 1945 2902 ,

400 2913 654 2965 recentiori
682 2926 750 2961 m.
779 2912 904 2961 inter
935 2910 1086 2960 lineas
1106 2910 1333 2972 positum.
1361 2934 1426 2945 —
1464 2914 1518 2959 18
1542 2910 1758 2971 σώματος
1791 2910 1944 2965 Plan.;

399 2986 609 3046 δώματος
633 2981 774 3039 Cod.;
799 3000 824 3023 «ι
850 2978 984 3043 quod
1007 2993 1180 3029 verum
1201 2984 1425 3042 putarem
1447 2978 1489 3028 si
1521 2979 1583 3029 de
1614 2978 1798 3041 virgine
1822 2978 1949 3042 inge·

398 3067 499 3103 nua
526 3055 765 3115 ageretur,
793 3064 891 3114 qua
926 3048 1096 3099 vitiata
1120 3049 1334 3098 dedecus
1359 3048 1408 3096 in
1441 3051 1594 3097 totam
1630 3047 1831 3096 domum
1863 3060 1945 3095 re·-
2011 3064 2013 3069 ·

397 3122 602 3173 dundat.
635 3141 659 3165 ι»
681 3124 794 3171 Jac.
814 3146 880 3156 —
903 3126 962 3170 20
989 3120 1159 3181 ἤρειδεν
1176 3118 1397 3178 Bothius‚
1425 3117 1513 3181 qui
1529 3130 1627 3166 non
1653 3116 1854 3166 vidisset
1870 3116 1942 3165 lo·

399 3208 514 3243 cum
539 3192 707 3243 Galeni
726 3193 828 3254 jam
870 3203 900 3239 a
924 3189 1126 3239 Brodaeo
1155 3190 1394 3239 allatum:
1437 3190 1654 3248 Διογένης
1695 3190 1722 3235 ὁ
1763 3188 1945 3243 κυνικὸς

397 3265 554 3326 ἑταίρᾳ
580 3262 692 3311 ποτὲ
715 3260 1000 3321 συνθέμενος,
1025 3262 1089 3313 ὡς
1105 3262 1258 3319 φασὶν,
1280 3260 1407 3313 ὅπως
1425 3259 1532 3320 πρὸς
1552 3258 1688 3305 αὐτὸν
1708 3256 1942 3316 ἀφίκηται,

398 3334 708 3397 βραδυνούσης
727 3332 882 3388 αὐτῆς,
906 3329 1187 3393 ἀπετρίψατο
1207 3334 1264 3377 τὸ
1285 3329 1467 3389 σπέρμα
1488 3328 1862 3389 προσαπτόμενος
1886 3332 1943 3388 τῆ

398 3404 512 3466 χειρὶ
543 3403 597 3452 τὸ
621 3403 813 3451 αἰδοῖον·
843 3400 922 3447 καὶ
942 3401 1056 3460 μετὰ
1074 3404 1222 3447 ταῦτα
1245 3400 1619 3459 παραγενομένην
1643 3397 1912 3457 ἀπέπεμψεν
1926 3434 1941 3458 ‚

395 3476 537 3522 εἰπὼν
550 3474 632 3529 τὴν
659 3478 790 3534 χεῖρα
815 3472 984 3532 φθάσαι
1009 3470 1106 3518 τὸν
1127 3470 1417 3526 ὑμέναιον
1449 3466 1606 3529 ᾆσαι.
1635 3488 1659 3509 «ι
1681 3466 1857 3515 Videas
1883 3466 1946 3515 de

397 3545 480 3593 illa
492 3542 717 3605 Diogenis
742 3540 962 3591 t'oeditate
987 3537 1157 3588 Notitt.
1191 3549 1460 3586 manuscrr.
1491 3540 1614 3586 tom.
1647 3538 1702 3596 X,
1731 3540 1852 3599 part.
1894 3542 1941 3595 2,

394 3628 442 3677 p.
465 3618 570 3664 213.
608 3633 632 3655 ¹²
663 3613 720 3661 B.

460 3763 672 3813 000111.
697 3778 720 3802 α
752 3758 825 3809 Ad
857 3760 1112 3816 Venerem,
1139 3759 1198 3805 ut
1229 3754 1394 3804 Amori
1418 3754 1479 3803 ab
1506 3754 1783 3803 amantibus
1802 3755 1872 3807 ira
1895 3756 1944 3804 in

398 3846 512 3883 eum
540 3830 756 3881 accensis
783 3826 1083 3892 deprehenso
1113 3838 1254 3888 opem
1275 3824 1412 3875 serat.
1436 3823 1680 3886 Ejusmodi
1697 3838 1946 3887 argumen-

397 3908 503 3952 tum
529 3902 792 3951 tractatum
816 3897 877 3947 ab
894 3894 1106 3945 Ausonio
1126 3894 1176 3943 in
1192 3896 1384 3943 Amore
1395 3896 1538 3942 cruci
1561 3889 1746 3956 affixo.
1777 3914 1799 3936 u
1821 3897 1940 3944 Jac.

395 3976 500 4022 Non
533 3972 774 4034 integrum
809 3980 916 4017 esse
937 3964 1131 4015 videtur
1153 3964 1462 4027 epigramma.
1487 3989 1552 3999 -—
1583 3970 1610 4013 2
1654 3965 1738 4011 οὐκ
1769 3964 1941 4025 ἀλέγεις

394 4040 644 4100 Reisldus3
683 4037 784 4087 οὐδ’
819 4038 994 4098 ἀλέγεις
1022 4034 1270 4083 fleckerus
1286 4071 1299 4093 ,
1327 4031 1461 4095 quod
1483 4032 1772 4083 concitatius
1789 4036 1866 4083 est
1891 4037 1943 4083 et

399 4110 583 4159 accedit
640 4108 705 4159 ad
730 4108 914 4157 ductus
939 4104 1131 4155 Codicis
1155 4123 1168 4150 :
1199 4104 1255 4151 οὐ
1280 4104 1469 4158 λαλέεις.

457 4260 661 4309 00οΝ.
681 4284 744 4293 —
765 4262 806 4306 1.
826 4256 1026 4319 Ὀμφαξ,
1058 4255 1186 4303 cons.
1215 4266 1291 4316 ep.
1317 4260 1394 4313 2ο,
1426 4258 1467 4302 1.
1487 4255 1710 4303 Immitis
1735 4267 1842 4305 uva
1859 4267 1935 4317 ap.

395 4330 558 4378 Horat.
590 4330 749 4376 Coun.
785 4329 829 4376 ll
845 4364 858 4387 ,
878 4326 957 4374 od.
981 4334 1028 4386 5,
1066 4331 1113 4375 3.
1133 4325 1258 4373 Male
1284 4326 1334 4373 et
1358 4326 1479 4373 vett.
1510 4322 1620 4373 edd.
1644 4326 1939 4388 παραπέμψει)

393 4402 442 4449 et
459 4397 665 4447 Bothius
681 4398 974 4459 παρέπεμψα.

454 4545 636 4595 CCCV.
659 4548 764 4592 -1
791 4542 866 4607 ὑφ’
887 4542 1062 4605 ἑσπέρα
1083 4540 1202 4591 cod.
1236 4570 1290 4582 —
1325 4548 1370 4591 2.
1396 4539 1539 4593 conf.
1569 4542 1739 4591 Horat.
1769 4542 1935 4590 carm.

1211 151 1218 162 .
1293 99 1372 158 IN
1427 99 1931 160 ANTHOLOGIAE
1974 99 2375 162 PALATINAE
2424 103 2591 178 GAP.
2640 105 2712 162 V.

2048 233 2086 290 1,
2107 230 2186 280 od.
2218 237 2291 292 13,
2327 238 2398 283 15.
2428 259 2493 269 —-
2530 239 2574 284 3.
2604 254 2624 275 ει
2667 235 2807 282 Hunc
2834 245 3028 282 versum
3055 233 3236 282 tentavi
3264 233 3379 283 satis
3404 237 3633 284 temere

2045 300 2108 349 ad
2129 301 2305 352 5111100.
2334 317 2383 367 p.
2406 309 2512 354 218.
2548 323 2572 347 n
2604 307 2663 354 B.

2101 451 2306 500 cccv1.
2326 451 2493 500 Puella
2504 450 2723 514 loquitur
2735 451 2930 501 amanti.
2952 477 3014 488 —-
3031 455 3061 501 4
3078 452 3157 500 καὶ
3184 451 3241 500 σὺ
3260 453 3405 513 μένεις
3424 452 3621 503 ἁπλῶς

2042 519 2217 569 Codex.
2251 519 2443 571 charde
2480 541 2491 570 2
2534 541 2557 564 α
2576 523 2749 577 Ἀπλῶς
2778 523 2953 583 μένειν,
2994 522 3150 577 ἁπλῶς
3175 521 3295 584 ἔχειν
3331 524 3405 569 est
3430 534 3483 569 se
3520 521 3621 566 le·

2042 593 2130 639 nir
2151 593 2258 654 coi,
2290 595 2452 641 resler
2474 603 2673 642 comme
2704 605 2780 643 un
2803 587 2980 650 benet,
3004 591 3109 653 vel,
3144 594 3201 640 ut
3234 590 3341 640 Itali
3381 591 3627 652 loquun-

2038 661 2138 721 tur,
2163 663 2319 711 stat-si
2348 662 2476 712 colle
2500 665 2649 712 mani
2678 662 2791 712 alla
2818 661 3030 710 cintola.
3057 681 3080 704 ,ι
3104 658 3202 710 Sed
3228 665 3359 710 recte
3384 659 3615 710 Jacobs.

2030 728 2191 792 jungit
2208 733 2364 786 ἁπλῶς
2385 733 2535 782 οὐδέν.
2552 731 2815 782 Meinekius
2836 745 2887 794 p.
2911 734 2993 781 184
3024 730 3320 780 confidenter
3338 729 3623 793 proposuit

2042 817 2067 841 ι
2099 802 2377 861 παράκειμαι
2393 838 2409 863 ,
2439 803 2518 851 καὶ
2548 803 2607 851 σύ
2641 803 2689 863 μ’
2715 803 2835 864 ἔχεις
2859 819 2883 844 v»
2911 803 2995 860 (ut
3024 801 3201 864 puellae
3231 799 3416 861 verba),
3444 798 3625 860 cnjus

2037 869 2325 930 conjecturae
2354 871 2655 921 incommoda
2671 871 2968 934 explicarunt
2998 871 3245 920 fleckerus
3276 874 3325 920 et
3349 872 3618 920 Piceolos.

2039 943 2256 994 Quorum
2284 941 2415 1004 prior
2453 942 2594 1004 loeva,
2627 942 2747 991 alter
2782 940 2977 990 dextera
3012 955 3159 990 manu
3194 940 3371 990 vulnus
3408 939 3615 1001 tetigit.

2038 1011 2321 1074 Recepimus
2338 1013 2550 1062 Piocolou
2572 1011 2955 1062 emendationem
2981 1026 2993 1054 τ
3018 1031 3043 1055 α
3066 1015 3207 1061 Ain-si
3228 1011 3275 1060 le
3295 1013 3447 1074 poete
3461 1023 3590 1072 sup
3604 1035 3619 1042 -

2036 1092 2160 1142 pose
2181 1095 2282 1145 que
2312 1083 2385 1132 les
2404 1085 2697 1147 transports
2728 1081 2795 1131 de
2823 1081 3157 1133 l'amoureuae
3186 1084 3306 1131 voni
3334 1080 3613 1143 ἱκεσίου

2039 1148 2225 1210 delire,
2254 1149 2367 1216 afim
2390 1152 2455 1203 de
2492 1151 2681 1204 rendre
2720 1151 2842 1215 plus
2872 1154 3101 1216 piquant
3142 1150 3189 1199 le
3232 1151 3494 1200 commate
3528 1147 3616 1198 de

2038 1217 2366 1271 l’exaltation
2402 1223 2769 1274 sentimentale
2804 1235 2931 1272 avec
2968 1222 3351 1284 l'impuissance
3404 1216 3616 1282 physi-

2038 1301 2151 1352 que.
2183 1309 2207 1334 ιο
2237 1293 2579 1344 Boissenadius
2608 1292 2954 1355 haeeapposuit
2986 1305 3048 1341 ex
3072 1291 3233 1341 schol.
3256 1289 3441 1339 Wech.:
3470 1293 3613 1340 ὅταν

2036 1360 2086 1408 δέ
2108 1376 2185 1408 σοι
2202 1364 2490 1424 κατανεύσω,
2511 1362 2641 1413 οὐδὲν
2659 1363 2849 1424 ἐρῶντος
2868 1361 3005 1424 ἔχεις·
3027 1362 3282 1420 τουτέστιν,
3314 1361 3367 1408 οὗ
3394 1366 3479 1408 τοῦ
3508 1377 3615 1409 πο-

2038 1430 2257 1490 θουμένου
2285 1433 2423 1487 θέλεις
2441 1433 2748 1496 καρποῦσθαι.
2772 1433 2880 1480 Εἰσὶ
2915 1432 3004 1494 γὰρ
3031 1431 3096 1492 οἱ,
3125 1431 3481 1492 ἀπροσδοκήτως
3507 1448 3611 1480 κα-

2036 1498 2354 1556 ταπεισθείσης
2384 1505 2466 1558 τῆς
2487 1501 2734 1562 ἐρωμένης,
2762 1499 2853 1548 ὑπὸ
2870 1515 2919 1546 τε
2937 1505 3018 1557 τῆς
3033 1505 3117 1547 τοῦ
3140 1505 3323 1560 μιγῆναι
3344 1503 3486 1562 ὁρμῆς
3506 1504 3609 1550 καὶ

2035 1572 2118 1615 τοῦ
2144 1566 2315 1631 τρόμου
2343 1574 2425 1618 τοῦ
2448 1572 2550 1633 περὶ
2574 1570 2634 1618 τὰ
2653 1571 2766 1632 με’λη
2785 1570 3067 1632 κεχυμένον,
3091 1569 3316 1632 ἄπρακτοι
3336 1575 3551 1632 μένουσι.

2098 1717 2326 1768 cccvu.
2355 1738 2379 1761 «ι
2404 1721 2463 1769 In
2484 1718 2702 1768 tabulam
2726 1718 2921 1782 pictam,
2942 1731 3055 1781 quae
3082 1716 3259 1767 Ledam
3280 1731 3393 1768 cum
3427 1733 3603 1782 cycno

2036 1785 2309 1837 exhibebat.
2330 1807 2355 1831 ¹·
2385 1791 2432 1838 B
2440 1826 2451 1836 .
2474 1815 2537 1824 —
2568 1795 2588 1838 1
2612 1789 2818 1852 κρονίόης
2844 1789 2985 1849 Cod.‚
3013 1788 3138 1838 inter
3163 1787 3249 1837 lin.
3275 1789 3505 1850 κρονίδας,
3529 1795 3601 1840 ut

2038 1858 2174 1907 Plan.
2202 1887 2264 1901 -
2297 1863 2327 1908 3
2346 1859 2593 1908 κατέσθιτε
2621 1857 2979 1919 Cod.‚.vitiose.
3007 1864 3210 1907 Amores
3227 1858 3503 1920 compellat.
3526 1886 3603 1896 —-

2034 1929 2085 1975 4.
2108 1945 2131 1968 ει
2161 1927 2359 1977 Dictum
2386 1940 2443 1976 ex
2465 1927 2764 1991 oppositione
2797 1927 3047 1989 frequente
3071 1927 3241 1976 κύκνου
3260 1929 3338 1975 καὶ
3366 1931 3596 1990 κορύδου.

2036 1997 2175 2045 Cous.
2206 1999 2287 2057 lx,
2308 2010 2384 2060 ep.
2402 2001 2524 2056 3803
2548 2000 2630 2057 xl,
2658 2010 2735 2059 ep.
2770 2003 2874 2057 195,
2904 2004 2951 2046 6.
2982 2017 3006 2039 ι»
3034 1999 3097 2046 Β.
3134 1996 3231 2054 Qui
3246 1996 3391 2046 tacite
3414 1997 3599 2047 distin-

2036 2064 2242 2114 ctionem
2254 2066 2481 2116 correxit.
2504 2067 2770 2130 Legebatur
2796 2069 2874 2115 καὶ
2893 2070 2937 2115 τί
2958 2069 3161 2129 γένωμαι
3189 2067 3369 2130 ὄρνεον;
3389 2069 3595 2116 flecke-

2036 2149 2121 2184 rus
2140 2135 2243 2186 sine
2270 2135 2637 2200 interrogatione
2667 2151 2678 2180 =
2707 2137 2786 2186 καί
2806 2154 2849 2186 τι
2870 2138 3075 2198 γένωμαι
3098 2137 3271 2200 ὄρνεον,
3296 2135 3389 2186 hoe
3400 2150 3557 2187 sensu
3580 2152 3593 2180 ε

2044 2208 2133 2255 Vos
2165 2219 2245 2254 me
2275 2209 2454 2270 uritis5
2474 2221 2571 2269 aye
2598 2209 2649 2256 et
2679 2220 2769 2270 eqo
2793 2211 2909 2257 avis
2932 2203 3082 2272 fiam.

2096 2351 2345 2400 CCCvllI.
2387 2370 2413 2393 κ
2444 2351 2659 2400 Puellam
2692 2348 2883 2399 obviam
2915 2349 3006 2399 sihi
3037 2348 3211 2398 factam
3245 2353 3387 2412 poeta
3418 2351 3600 2401 verbis

2034 2421 2230 2484 pellicit,
2250 2419 2373 2470 nihil
2395 2423 2559 2470 tamen
2576 2421 2638 2470 ab
2674 2435 2733 2470 ea
2757 2420 2975 2484 responsi
3004 2420 3179 2469 ferens.
3216 2439 3240 2462 «ι
3258 2423 3373 2471 Jac.
3397 2451 3457 2462 —
3496 2429 3516 2470 1
3542 2425 3593 2470 τί

2033 2508 2103 2539 τοι
2130 2491 2261 2540 Plan.
2284 2518 2343 2528 —
2376 2499 2405 2541 2
2431 2493 2612 2550 λαλεῖςς
2654 2492 2807 2550 Plan..
2836 2489 3190 2554 interrogative.
3225 2515 3286 2525 —-
3311 2497 3357 2540 3.
3388 2511 3413 2534 ι
3440 2495 3593 2541 cons.

2036 2574 2114 2624 ep.
2143 2565 2223 2623 46,
2244 2565 2289 2612 7.
2311 2565 2492 2611 Forsan
2512 2563 2630 2624 μετὰ
2654 2564 2724 2611 σέ.
2756 2561 2951 2610 Numeri
2972 2561 3177 2624 paulum
3210 2560 3526 2612 laborabunt.
3562 2585 3591 2604 »-

2037 2634 2098 2681 B.
2128 2635 2235 2682 Imo
2262 2631 2381 2682 dicit
2410 2651 2423 2680 ι
2456 2632 2649 2682 mittam
2675 2634 2841 2682 tecum
2865 2631 2951 2694 qui
2972 2631 3173 2681 domum
3201 2633 3337 2681 tuam
3376 2635 3596 2683 tacentis

2034 2702 2264 2764 exploret.
2284 2707 2402 2753 lac.
2418 2705 2544 2751 -4,
2567 2721 2591 2744 α
2616 2701 2757 2750 conf.
2778 2703 2884 2762 xil,
2910 2713 2991 2763 ep.
3022 2706 3125 2761 186,
3150 2707 3197 2750 2.
3215 2719 3240 2744 ν
3268 2705 3329 2752 B.
3348 2732 3407 2744 —
3422 2711 3449 2754 5
3468 2706 3595 2766 πρὸς

2035 2774 2282 2833 ὲλούσομαι
2328 2771 2467 2834 Cod.‚
2504 2773 2602 2834 sic,
2650 2772 2745 2821 nisi
2781 2771 3063 2834 typographi
3101 2775 3176 2822 est
3218 2775 3485 2836 peccatum.
3525 2800 3597 2810 —

2036 2850 2083 2893 6.
2105 2862 2131 2887 α
2154 2845 2249 2893 Νῦν
2282 2841 2321 2891 δ’
2342 2843 2537 2905 ὑγίαινε,
2562 2841 2785 2906 ambigue
2804 2844 3007 2893 tortasse
3034 2841 3219 2893 dIctum
3236 2882 3249 2905 ,
3278 2843 3403 2893 utin
3426 2843 3592 2894 notis-

2034 2913 2157 2962 sima
2189 2913 2391 2963 historia
2423 2912 2485 2963 de
2512 2916 2785 2963 Menecrate
2828 2913 3015 2966 medico
3056 2928 3133 2977 ap.
3174 2914 3417 2965 Plutarch.
3454 2918 3593 2965 Mor.

2036 2989 2213 3046 p.123,
2232 2989 2288 3033 A.
2313 3004 2337 3027 a»
2359 2989 2476 3035 lac.

2102 3134 2307 3185 ccclx.
2330 3134 2386 3181 In
2413 3130 2591 3182 codice
2616 3144 2791 3181 versus
2820 3139 2841 3181 1
2864 3131 2927 3181 ab
2950 3132 3153 3194 antiqua
3180 3145 3327 3181 manu
3350 3132 3587 3195 scriptus,

2038 3216 2152 3266 quae
2168 3204 2217 3251 in
2244 3202 2457 3265 margine
2478 3202 2646 3264 posuit
2675 3202 2842 3259 λείπει,
2866 3202 2988 3250 alter
3008 3214 3183 3251 versus
3195 3202 3257 3251 ab
3284 3202 3378 3250 alia
3399 3216 3465 3251 m.
3488 3204 3588 3253 ad-

2036 3274 2185 3323 ditus.
2211 3271 2402 3321 chardo
2429 3270 2583 3321 Roch.
2614 3272 2727 3323 huic
2754 3272 3089 3335 epigrammati
3119 3271 3375 3332 adscripsit
3407 3293 3420 3322 ι
3452 3292 3475 3315 ιι
3510 3284 3589 3323 An

2036 3342 2129 3393 suh
2161 3340 2413 3404 cupidinis
2458 3342 2739 3392 velitaribus
2784 3342 2933 3390 armis
2962 3340 3189 3391 instructi
3214 3343 3419 3409 imagine
3444 3345 3581 3395 scul-

2032 3414 2105 3477 pti
2144 3415 2284 3462 erant
2328 3411 2381 3460 hi
2420 3410 2839 3475 hendecasyllabi?
2866 3432 2890 3455 2·
2914 3440 2971 3452 -
3004 3416 3043 3461 1.
3068 3412 3232 3462 codex
3268 3416 3520 3478 ψιλληστὴς
3558 3418 3590 3463 ὸ

2034 3486 2164 3546 ἔρως,
2182 3483 2300 3533 etin
2319 3494 2489 3545 marg.:
2510 3486 2631 3541 ζήτει
2654 3484 2920 3546 ψιλληστής.
2950 3501 2973 3525 ιι
3004 3485 3189 3532 Vocem
3215 3486 3385 3547 λῃστὴς
3411 3486 3585 3547 latere,

2032 3556 2198 3603 nullus
2224 3554 2425 3615 dubito;
2446 3554 2533 3603 sed
2551 3554 2671 3618 quid
2694 3554 2841 3617 priori
2868 3552 3051 3615 syllaba
3082 3554 3383 3618 faciendum,
3410 3556 3587 3605 obscu-

2033 3638 2145 3673 rum
2164 3628 2255 3674 est.
2281 3632 2505 3674 Amorem
2529 3625 2578 3673 in
2607 3625 2832 3674 omnibus
2853 3622 3089 3672 latronem
3122 3626 3327 3683 referre,
3362 3625 3579 3688 Diopha-

2033 3710 2120 3746 nes
2150 3698 2379 3745 affimat.
2412 3715 2436 3739 ι»
2467 3700 2583 3745 Jac.
2619 3696 2887 3746 Brunckius
2920 3696 3123 3756 φιλητής.
3160 3716 3183 3738 «ι
3219 3695 3363 3753 Quod
3392 3698 3495 3744 Jac.
3531 3696 3582 3743 in

2036 3766 2247 3815 Palatina
2298 3765 2513 3827 recipere
2561 3779 2658 3815 non
2700 3765 2925 3815 debebat.
2971 3769 3144 3827 Apogr.
3187 3766 3432 3829 Lipsiense
3496 3778 3581 3827 ap.

2032 3837 2190 3885 Reisk.
2220 3836 2357 3886 Misc.
2390 3838 2517 3899 Lips.
2566 3850 2679 3885 nov.
2715 3838 2756 3886 t.
2778 3838 2859 3895 IX,
2897 3848 2947 3898 p.
2976 3839 3087 3896 697,
3128 3836 3381 3897 ψιλλιστής.
3420 3836 3586 3885 Vertit

2030 3908 2252 3957 Reiskius
2288 3908 2427 3957 latro
2452 3907 2721 3970 spoliator.
2757 3910 2921 3963 Quum
2946 3906 3011 3955 sit
3038 3908 3172 3955 certo
3198 3907 3377 3956 certius
3403 3906 3453 3954 in
3479 3905 3583 3957 fine

2032 3992 2139 4029 voc.
2168 3978 2318 4028 latere
2342 3980 2531 4040 λῃστὴς,
2555 3977 2725 4039 scn'psi
2752 3979 2845 4039 τρὶς
2881 3978 3054 4039 λῃστὴς
3068 4013 3081 4035 ,
3105 3976 3309 4025 sortasse
3338 3974 3579 4025 debebam

2030 4052 2272 4112 τριλῃστής
2288 4050 2611 4113 (τριλλῃστὴς),
2628 4053 2686 4096 ui
2697 4048 2943 4111 τρίδουλος,
2962 4049 3195 4110 τριγέρων,
3213 4048 3321 4096 alia.
3336 4051 3451 4096 Non
3462 4047 3579 4109 sur,

2027 4120 2119 4169 scd
2146 4119 2323 4182 (usur,
2355 4120 2557 4169 Plautus
2591 4118 2660 4167 ait
2700 4117 2963 4178 Aulularia,
3006 4130 3161 4179 graece
3201 4115 3489 4165 vertendum
3522 4119 3581 4165 οὐ

2029 4193 2227 4253 λῃστὴς,
2255 4191 2370 4239 ἀλλὰ
2404 4190 2661 4253 τριλῃστής.
2704 4208 2729 4232 »υ
2770 4191 2833 4238 Β.
2883 4188 3084 4237 Hiatuln
3120 4186 3403 4237 simiaturus
3446 4189 3576 4237 Jac.:

2033 4280 2055 4305 ‹-
2085 4263 2216 4310 Fort.
2249 4261 2275 4309 ὄ
2303 4260 2514 4323 γ’Ἔρως.
2546 4278 2571 4301 ι·
2591 4286 2654 4294 -
2672 4266 2719 4309 2.
2748 4259 3055 4319 Ἐκδιδύσκει,
3075 4256 3209 4318 quod
3234 4258 3379 4321 vulgo
3396 4255 3583 4307 dicitur

2029 4331 2301 4380 λωποδυτεῖ.
2331 4329 2546 4379 Bo'nson.
2579 4328 2644 4377 ad
2677 4326 2955 4376 Chol-icium
2986 4340 3033 4390 p.
3066 4331 3155 4376 338
3200 4340 3213 4368 t
3254 4345 3278 4368 ει
3306 4325 3581 4375 Salmasius

2027 4401 2238 4465 pessime
2262 4399 2544 4463 conjiciebat
2575 4400 2878 4461 ἐκδιδράσκει.
2911 4400 3017 4447 Non
3036 4396 3180 4445 valde
3204 4395 3451 4446 timendus
3483 4398 3581 4446 erit

2028 4472 2109 4521 sur
2152 4469 2323 4520 audaci
2352 4473 2532 4531 mente,
2572 4471 2631 4518 ut
2658 4468 2865 4529 videtur,
2912 4466 3001 4517 sed
3034 4466 3242 4529 pedibus
3291 4465 3579 4529 fugacibuS‚

2029 4537 2277 4589 timendus
2297 4537 2382 4601 qui
2408 4541 2485 4589 est
2508 4536 2681 4588 audaci
2705 4551 2855 4587 manu
2885 4536 3149 4598 obviosque
3176 4534 3365 4598 spoliat.
3398 4554 3423 4577 ι

1712 4752 2229 4779 -—-0-—-—-
