3829 5747
990 155 1236 217 CAPUT
1275 158 1373 217 VI.
1424 158 1980 222 EPIGRAMMATA
2025 160 2554 224 DEDICATORIA.

236 280 589 361 πυριτρόφους
617 306 675 341 τε
706 283 910 363 ῥιπίδας
936 286 1292 364 πορηνέμους,

234 370 413 445 ἠθμόν
444 393 500 428 τε
534 371 929 450 πουλύτρητον,
947 374 1041 445 ἠδὲ
1071 377 1358 456 τετράπουν
1376 423 1393 451 ,

234 455 395 533 πυρὸς
424 458 655 537 γέφυραν
673 504 690 532 ,
720 458 952 539 ἐσχάρην
980 462 1261 539 κρεηδόκον
1280 510 1297 535 ,

160 558 181 591 ⁸
232 545 544 625 ζωμήρυσίν
570 570 627 605 τε
654 546 751 618 τὴν
777 550 958 614 λίπους
982 551 1269 629 ἀφρηλόγον
1285 596 1302 624 ,

230 637 362 707 ὁμοῦ
381 634 622 714 κρεάγρῃ
646 640 713 715 τῇ
742 637 1165 720 σιδηροδακτύλῳ
1183 683 1199 709 ,

234 723 603 799 βραδυσκελὴς
629 720 925 803 Ἥφαιστε,
956 724 1037 783 σοὶ
1057 727 1335 802 Τιμασίων

232 807 417 877 ἔθηκεν
436 853 453 881 ,
478 812 655 890 ἀκμῆς
678 812 819 887 γυῖον
841 813 1234 891 ὧρφανωμένος.

676 956 795 1007 102.
838 960 956 1005 ΤΟΥ
992 962 1201 1008 ΑΥΤΟΥ.

162 1081 329 1147 ‘Pet-izv
356 1080 722 1161 ξανθοχίτωνα
742 1129 759 1155 ,
784 1085 1121 1166 γεραιόφλοιά
1149 1111 1205 1146 τε
1228 1094 1361 1147 σῦκα
1380 1136 1397 1166 ‚

230 1168 319 1223 καὶ
344 1168 537 1245 ῥοδέας
566 1173 834 1251 σταφυλῆς
861 1173 1005 1246 ὠμὸν
1036 1174 1393 1247 ἇποσπάδιον,

164 1255 315 1330 μῆλόν
344 1256 389 1313 6'
424 1254 691 1325 ἡδύπνουν
718 1260 886 1339 λεπτῇ
914 1260 1285 1338 πεποκωμένον
1310 1263 1475 1343 ἄχνῃ,

230 1343 316 1399 καὶ
342 1342 546 1420 κάρυον
568 1346 789 1422 χλωρῶν
814 1348 1031 1427 ἐκφανὲς
1050 1350 1110 1407 ἐκ
1132 1350 1355 1409 λεπίδων
1375 1395 1392 1424 ,

164 1430 241 1487 καὶ
276 1430 457 1489 σίκυον
488 1433 751 1511 χνοάοντα
772 1481 790 1510 ,
814 1433 900 1493 τὸν
927 1438 980 1493 ἐν
1008 1437 1217 1515 φύλλοις
1244 1438 1549 1509 πεδοκοίτην
1572 1484 1589 1515 ,

231 1519 316 1576 καὶ
338 1518 546 1596 πέρκην
574 1519 675 1591 ἤδη
717 1522 1066 1601 χρυσοχίτων’
1097 1524 1257 1596 ἐλάην
1275 1570 1291 1597 ,

166 1606 261 1677 σοὶ,
293 1610 319 1635 '⁵
353 1608 601 1685 φιλοδῖτα
633 1610 841 1688 Πρίηπε
862 1653 880 1681 ,
907 1612 1231 1692 φυτοσκάφος
1260 1614 1437 1674 ἄνθετο
1473 1615 1672 1691 Δάμων
1692 1660 1710 1689 ,

232 1692 461 1772 δένδρεσι
485 1694 578 1753 καὶ
602 1698 761 1774 γυίοις
784 1698 1061 1775 εὐξάμενος
1088 1700 1338 1764 Θαλέθειν.

672 1843 789 1894 10³.
829 1848 947 1894 ΤΟΥ
984 1849 1201 1897 ΑΥΤΟΥ.

166 1969 399 2044 Στάθμην
428 1973 645 2041 ἶθυτενῆ
677 1972 1037 2051 μολιὸαχθέα,
1064 1976 1343 2053 δουριτυπῆ
1370 1998 1429 2033 τε

230 2062 457 2134 σφῦραν,
488 2058 579 2115 καὶ
606 2060 763 2137 γυρὰς
798 2060 1109 2139 ἅμφιδέτους
1139 2061 1348 2141 α’ρίδας,

165 2143 238 2199 καὶ
262 2142 515 2221 στιὸαρὸν
538 2144 761 2203 πέλεκυν
800 2148 1185 2227 στελεχητόμον
1202 2194 1217 2220 ,
1244 2150 1513 2228 ἰθύδρομόν
1532 2175 1589 2211 τε

228 2229 409 2308 πρίονα
426 2275 449 2301 ,
489 2233 705 2310 μιλτείῳ
730 2232 1000 2313 στάγματι
1028 2237 1360 2313 πειθόμενον,

168 2317 387 2391 τρύπανά
415 2318 473 2374 θ’
502 2320 831 2401 ἕλκεσίχειρα
848 2366 863 2393 ,
900 2320 1116 2401 τέρετρά
1141 2348 1197 2382 τε
1214 2370 1232 2401 ,
1260 2326 1555 2405 μιλτοχαρῆ
1573 2350 1631 2384 τε

231 2406 429 2483 σχοῖνον
451 2450 471 2477 ,
498 2410 589 2464 ὑπ’
619 2408 891 2489 ἀκρονύχῳ
910 2411 1246 2489 ψαλλομένην
1274 2413 1483 2488 κανόνι,

166 2494 258 2561 σοὶ,
275 2496 435 2573 κούρη
458 2496 763 2570 γλαυκῶπι,
786 2498 1059 2578 Λεόντιχος
1086 2497 1266 2557 ὤπασε
1307 2502 1467 2579 δῶρον
1487 2543 1504 2571 ,

230 2581 369 2649 ἄνθος
395 2584 513 2642 ἐπεὶ
538 2584 696 2663 γυίων
722 2595 827 2645 πᾶν
855 2587 1081 2645 ἀπέδυσε
1107 2587 1308 2666 χρόνος.

668 2730 787 2781 104.
826 2734 943 2779 ΤΟΥ
978 2735 1189 2779 ΑΥΤΟΥ.

167 2852 524 2934 Σπερμοφόρον
553 2854 728 2935 πήρην
751 2855 1007 2936 ὠμαχθέα
1022 2903 1039 2934 ,
1062 2856 1427 2917 κώλεσίὸωλον

231 2955 421 3029 σφῦραν
436 2997 454 3023 ,
487 2951 582 3010 καὶ
608 2951 827 3033 γαμψὰς
854 2955 1167 3034 πυρολόγους
1191 2959 1447 3035 δρεπάνας
1463 2999 1481 3031 ,

167 3037 241 3092 καὶ
266 3039 536 3117 τριὸόλους
574 3039 701 3109 ὀξεῖς
734 3043 1079 3121 ἀχυρότριόας
1098 3089 1113 3114 ,
1140 3043 1380 3115 ἱστοὸόην
1410 3066 1465 3100 τε

232 3131 315 3183 σὺν
340 3137 519 3205 γυροῑς
542 3128 775 3208 ἀρότροις
792 3175 809 3200 ,
840 3129 930 3188 καὶ
954 3130 1217 3209 φιλόγαιον
1250 3131 1358 3188 ὕνιν
1373 3176 1388 3202 ,

170 3211 335 3292 κέντρα
365 3217 411 3273 τ’
430 3218 779 3295 ὄπισθονυγῆ,
801 3218 889 3275 καὶ
920 3218 1215 3298 βουστρόφα
1244 3219 1410 3295 δεσμὰ
1427 3221 1700 3291 τενόντων,

234 3303 315 3359 καὶ
344 3303 596 3382 τρίνακας
626 3303 827 3372 ξυλίνας
847 3349 862 3375 ,
892 3314 1075 3384 χεῖρας
1103 3307 1464 3385 ἀρουροπόνων
1488 3352 1504 3381 ,

169 3389 254 3464 Tu?
281 3391 369 3448 ἅτε
394 3392 658 3472 πηρωθεὶς
686 3391 959 3460 Λυσίξενος
983 3392 1176 3452 αὔλακι
1199 3397 1367 3472 πολλῇ

1815 293 1866 341 et
1892 291 2254 355 ignem-alentes
2281 294 2420 343 folles
2452 294 3002 345 ventum-ministrantes
3015 332 3026 353 ‚

1815 380 2074 442 columque
2099 381 2404 431 multiforum
2421 420 2434 442 ,
2458 386 2508 431 et
2530 382 2906 446 quadripedem,

1813 466 1939 529 iguis
1964 470 2186 530 pontem,
2207 469 2422 518 foculum
2457 470 2986 533 carnibus-recipiendis
3000 508 3011 529 ‚

1812 557 1863 603 et
1881 554 2104 604 cochlear
2130 555 2260 618 adipi
2288 556 2624 619 despumando
2639 596 2651 617 ‚

1811 656 2054 691 una-cum
2081 643 2352 707 harpagoue
2379 644 2752 707 ferreis-digitis,

1811 729 2024 793 tardipes
2043 743 2073 779 o
2095 731 2314 780 Vulcane
2328 771 2340 789 ‚
2363 731 2452 780 tibi
2471 732 2681 781 Timasio

1812 817 1980 880 posuit
2044 817 2218 866 robore
2243 818 2542 867 in-membris
2565 820 2780 869 orbatus

2365 964 2468 1007 102.
2514 970 2813 1012 Esusbssu.

1808 1106 2244 1169 Malum-punicum
2263 1106 2558 1157 fulva-veste
2575 1146 2588 1169 ‚
2616 1112 2666 1157 et
2689 1108 3031 1158 senili-cortic
3061 1108 3206 1167 ticu5‚

1869 1197 1920 1244 et
1939 1206 2092 1243 roseae
2115 1194 2228 1244 vitis
2253 1189 2457 1244 crudum
2485 1194 2996 1245 surculum-abscisum
3013 1234 3025 1255 ,
3216 1196 3333 1259 [lere
3351 1236 3364 1255 ,

1806 1282 2088 1345 malumque
2125 1280 2485 1345 dulce-spirans
2499 1321 2512 1342 ,
2543 1282 2679 1332 tenui
2725 1282 2948 1345 lanugine
2989 1285 3368 1333 tectum-ut-vel-

1867 1373 1918 1420 et
1941 1384 2115 1420 nucem
2131 1385 2160 1421 e
2187 1370 2418 1421 viridibus
2444 1371 2715 1421 elucentem
2739 1371 3000 1421 corticibus
3014 1410 3026 1431 ‚

1808 1462 1859 1509 et
1880 1472 2192 1509 cucumerem
2220 1460 2485 1521 virentem,
2505 1460 2592 1521 qui
2619 1458 2900 1519 humi-Jacet
2917 1457 2966 1507 in
2993 1458 3118 1507 soliis
3135 1498 3147 1519 ‚

1866 1549 1918 1597 et
1949 1549 2356 1597 maturescentem
2371 1586 2384 1607 ‚
2401 1548 2502 1611 jam
2526 1549 2830 1595 aurea-veste
2843 1582 2855 1605 ,
2881 1545 3036 1595 oleam
3052 1582 3064 1603 ‚

1802 1637 1922 1699 tibi,
1964 1636 2401 1688 amice-hortorum
2441 1638 2612 1701 Priape
2625 1678 2638 1699 ,
2687 1636 3148 1701 plantarum-fossor
3186 1636 3368 1686 dicavit

1865 1725 2119 1776 arboribus
2137 1729 2188 1777 et
2210 1726 2444 1777 membris
2470 1729 2702 1789 precatus
2721 1726 2906 1775 florem.
3129 1724 3332 1788 [Lamon
3349 1761 3362 1781 ‚

2361 1868 2464 1913 ¹03.
2513 1874 2810 1915 Esnsmffl.
2833 1884 2840 1893 ¹

1802 1998 2048 2047 Amussim
2059 1998 2261 2057 rectam,
2279 1996 2746 2059 plumbo-gravatam
2761 2032 2774 2055 ‚
2791 1995 3361 2059 lignumque-ferientem

1864 2084 2092 2134 malleum
2111 2120 2124 2143 ,
2151 2086 2201 2133 et
2228 2096 2404 2133 curvas
2423 2078 2884 2145 utrimque-vinctas
2920 2079 3082 2128 arides
3098 2117 3113 2142 ,

1802 2175 1853 2223 et
1882 2172 2058 2222 sortem
2081 2171 2265 2221 asciam
2278 2210 2291 2232 ,
2317 2172 2806 2233 qum-truncosesecat
2822 2209 2834 2232 ,
2866 2172 2918 2225 et
2933 2173 3366 2221 recta-currentem

1862 2274 2047 2310 serram
2063 2299 2076 2321 ,
2096 2259 2309 2310 rubricae
2334 2258 2478 2309 stillis
2500 2258 2808 2311 obedientem
2822 2297 2835 2320 ‚

1799 2348 2120 2410 terebrasque
2155 2350 2546 2408 manu-tracum
2575 2348 2818 2409 aliasque,
2845 2348 2896 2397 et
2927 2346 3364 2409 rubrica-gauden-

1861 2436 2033 2485 restim
2046 2473 2059 2496 ‚
2079 2436 2610 2499 summo-ungue-tacta
2639 2435 2910 2483 vibrantem
2931 2434 3094 2496 regula
3109 2470 3122 2493 ‚
3244 2433 3368 2496 [tem

1798 2524 1918 2585 tibi,
1952 2522 2088 2585 virgo
2111 2522 2452 2571 caesiis-oculis
2468 2560 2481 2581 ‚
2497 2519 2796 2571 Leontichus
2826 2520 3036 2584 praebuit
3057 2520 3265 2580 donum,

1862 2611 1978 2674 quia
2003 2611 2171 2660 florem
2209 2609 2538 2659 membrorum
2564 2622 2760 2657 omnem
2793 2611 2841 2657 ee·
2868 2608 3001 2657 exuit
3021 2611 3233 2671 tempus.

2355 2744 2457 2789 ¹04.
2503 2750 2806 2791 EJUSDBM.

1800 2875 2248 2925 Semina-ferentem
2262 2888 2426 2937 peram
2435 2912 2446 2934 ‚
2461 2873 2825 2930 humero-unua,
2838 2873 2888 2921 et
2909 2869 3359 2934 glebas-solventem

1860 2965 2118 3022 malleum,
2140 2965 2190 3013 et
2213 2976 2390 3012 curvas
2415 2961 2940 3023 triticum-colligentes
2960 2959 3111 3008 falces
3127 2997 3140 3020 ‚

1797 3056 1847 3103 et
1868 3053 2048 3103 tribula
2074 3055 2241 3112 acuta,
2268 3049 2863 3115 quae—folliculos-t‘ricaiit,
2884 3051 2935 3098 et
2955 3051 3200 3098 temonem

1860 3154 1974 3189 cum
1999 3140 2161 3190 curvis
2182 3139 2379 3198 aratris,
2410 3142 2460 3188 et
2481 3136 2870 3188 terrm-amicum
2895 3147 3142 3184 vomerem
3158 3173 3171 3194 ‚

1796 3229 2116 3290 stimulosque
2135 3228 2608 3291 a-tergo-pungentes
2621 3264 2634 3285 ,
2661 3227 2712 3275 et
2728 3221 3142 3273 hoves-flectentia
3165 3221 3360 3271 vincula

1856 3319 1908 3366 et
1933 3315 2167 3366 tridentes
2191 3315 2402 3379 ligneos,
2432 3327 2609 3364 manus
2640 3315 2914 3371 aratorum,
3103 3310 3358 3373 [crurum,

1796 3403 1966 3464 utpote
1993 3401 2211 3450 membra
2227 3403 2489 3450 truncatus
2512 3398 2782 3460 Lysixenus
2808 3397 3022 3447 aratione
3041 3397 3194 3446 multa

172 3582 395 3647 Follsque
412 3581 619 3632 flammae
652 3583 938 3633 ventilantes
964 3585 1187 3650 spiritum
1204 3620 1217 3646 ,

170 3668 411 3732 Columque
436 3668 601 3717 multis
628 3667 846 3733 pervium
875 3668 1127 3724 meatibus,

174 3751 365 3816 ignisque
392 3761 593 3818 pontem
622 3753 975 3818 quadrupedem
993 3753 1301 3814 craticulam2

173 3838 219 3882 Et
240 3835 527 3886 auferentem
552 3836 777 3886 carnibus
801 3851 988 3900 spumas
1012 3844 1166 3884 truam
1182 3872 1198 3895 ‚

174 3917 329 3980 Digitus
346 3919 556 3970 habente
574 3918 751 3969 ferreos
768 3935 875 3967 cum
903 3919 1082 3969 fuscina
1098 3954 1112 3975 ,

174 4004 363 4051 vnloene
385 4004 583 4060 claude,
611 4005 691 4052 dat
710 4003 798 4052 tibi
822 4003 1029 4051 Timasio
1043 4037 1059 4060 ‚

176 4087 265 4131 Jam
291 4086 505 4134 membra
530 4095 579 4134 et
606 4085 709 4151 ipse
726 4086 977 4134 destitutus
996 4086 1187 4136 robore.

734 4253 843 4288 102.
882 4255 1120 4288 tultum.

177 4393 437 4442 Gratidaevas
460 4391 573 4442 ficus
606 4400 655 4441 et
682 4392 856 4457 punica
882 4393 1063 4441 cortice
1091 4391 1216 4441 flava
1234 4429 1249 4454 ,

230 4479 283 4522 Et
306 4493 413 4525 mm
432 4475 706 4543 palmitibus
726 4493 831 4541 quae
860 4476 989 4525 venit
1013 4493 1103 4525 uva
1126 4477 1223 4525 suis
1240 4512 1255 4537 ‚

178 4559 227 4604 Et
248 4568 427 4619 gratum
444 4559 569 4624 quod
586 4559 685 4609 olet
704 4567 869 4607 tenera
896 4557 1123 4623 lanugine
1143 4558 1336 4619 malum,

230 4641 445 4705 Quaque
471 4641 626 4707 aperit
642 4640 813 4691 leviter
837 4639 953 4690 bina
979 4640 1141 4690 carina
1163 4657 1305 4690 nuces
1326 4676 1341 4701 ,

178 4722 227 4768 Et
246 4721 440 4771 viridem
460 4723 611 4772 multa
636 4722 875 4774 cucumim
892 4722 979 4772 sub
997 4721 1167 4772 fronde
1184 4723 1443 4788 jacentem,

232 4807 435 4868 Quaque
455 4821 573 4854 auro
593 4821 745 4872 prope
762 4807 861 4871 jam
886 4807 1111 4856 concolor
1135 4815 1206 4855 est
1229 4806 1333 4855 olea
1363 4823 1375 4855 :

180 4887 274 4942 ista,
298 4887 485 4953 Priape,
514 4886 606 4936 tibi
628 4888 743 4937 dans
765 4893 944 4939 Lamon
966 4889 1090 4938 dona
1114 4887 1309 4938 colonus

234 4967 421 5018 Floret-e
442 4979 491 5018 et
513 4967 739 5018 membris
760 4979 895 5036 optat
916 4979 966 5020 et
993 4970 1263 5020 arboribus.

380 5086 691 5123 Amnomcu.
718 5081 754 5122 Ι.

2389 3583 2498 3630 103.
2526 3597 2758 3628 musonii.

1794 3691 1998 3739 Malleus
2011 3691 2092 3740 bic
2115 3691 2292 3754 liguum
2315 3689 2503 3748 seriens,
2540 3687 3026 3753 perpendiculumque

1861 3758 2251 3837 Plumbisequum
2271 3781 2320 3820 et
2339 3772 2454 3819 fines
2476 3771 2634 3818 vincia
2664 3769 2856 3818 scobina
2891 3769 3036 3826 duos,

1794 3855 2086 3920 Roboraque
2111 3857 2300 3903 incussu
2320 3852 2588 3901 discindere
2613 3861 2725 3899 nata
2741 3850 2938 3908 securis,

1858 3943 1920 3988 Et
1949 3939 2096 3987 minio
2117 3937 2252 3986 factis
2277 3935 2446 3986 aemula
2473 3951 2601 3983 serra
2627 3933 2782 3993 notis;

1792 4027 1853 4072 Et
1876 4022 2056 4071 ferrum
2079 4020 2206 4085 quod
2229 4019 2354 4082 ligna
2373 4019 2516 4078 forat,
2545 4017 2860 4080 terebroeque,
2885 4014 3154 4079 rubensque

1861 4104 2018 4152 Restis
2053 4103 2115 4151 ab
2143 4112 2356 4150 extrema
2379 4109 2530 4149 tactus
2551 4115 2732 4148 amusse
2756 4098 2878 4146 latus
2906 4111 2918 4144 :

1794 4191 1907 4234 Haec
1937 4185 2022 4234 tibi
2051 4193 2183 4243 sunt,
2212 4182 2364 4232 Pallas
2383 4217 2398 4242 ,
2426 4197 2530 4246 quae
2565 4181 2690 4230 dana
2715 4177 3003 4228 Leontichus
3026 4176 3198 4240 offert,

1859 4266 2081 4316 Deseruit
2107 4264 2334 4330 quoniam
2360 4273 2573 4329 tempore
2591 4261 2810 4310 membra
2839 4259 2982 4322 vigor.

2387 4373 2494 4420 ¹04·
2537 4377 2770 4410 musnet.

1798 4465 2010 4516 Pendere
2036 4481 2096 4514 ex
2118 4463 2332 4513 humeris
2350 4463 2540 4512 solitam
2563 4477 2672 4511 cum
2696 4459 2876 4508 semine
2899 4473 3062 4524 peram
3076 4493 3091 4514 ‚

1860 4548 2254 4613 Malleolumque,
2279 4555 2324 4595 et
2347 4561 2454 4611 quae
2468 4545 2591 4594 falce
2615 4553 2794 4593 resecta
2811 4545 2955 4592 Ceres
2971 4576 2986 4600 ,

1796 4636 1856 4682 Et
1882 4632 2028 4698 paleis
2053 4630 2206 4694 fruges
2228 4628 2476 4694 purgantia
2511 4627 2708 4686 tribula,
2737 4641 2942 4689 cumque

1862 4719 2072 4762 vomere
2089 4720 2329 4761 temonem
2365 4709 2579 4759 scindere
2597 4717 2708 4757 nata
2730 4708 2906 4768 solum,

1796 4802 1857 4847 Et
1885 4797 2100 4846 stimulos
2121 4796 2343 4859 colloque
2365 4793 2512 4842 boves
2537 4791 2769 4841 versantia
2798 4790 2921 4850 lora,

1861 4885 1922 4930 Et
1947 4881 2127 4929 furcam
2151 4889 2328 4928 vestras
2343 4915 2356 4938 ‚
2381 4878 2555 4927 rustica
2583 4875 2739 4930 turba,
2763 4889 2931 4922 manus
2960 4889 2971 4921 ι

1798 4968 2010 5030 Corpore
2032 4974 2080 5014 et
2107 4965 2205 5030 ipse
2229 4963 2384 5012 ferens
2405 4963 2560 5012 sulcos
2591 4961 2876 5026 Lysistratus
2900 4956 3050 5016 omui,

3092 5063 3143 5103 12
