3829 5747
1212 640 2276 795 PRAEFATIO.

1468 990 2014 1021 ψ-

274 1296 423 1376 Qua
448 1315 531 1359 re
560 1289 827 1358 factum
862 1290 951 1357 sit
970 1303 1048 1358 ut
1078 1288 1501 1381 Anthologia
1526 1292 2110 1383 epigrammatum
2152 1316 2342 1359 nuuc
2369 1292 2656 1361 demum
2688 1292 2988 1388 prodeat
3013 1294 3293 1367 diverso

198 1438 228 1481 a
262 1415 616 1509 plerisque
674 1410 888 1506 hujus
933 1411 1373 1481 Bibliothecae
1416 1410 1892 1481 voluminibus
1941 1426 2236 1497 ornatu,
2278 1412 2592 1482 editionis
2649 1418 3016 1482 Variorum
3075 1416 3295 1484 instar

199 1535 401 1632 (quod
431 1559 658 1630 genus
684 1534 858 1604 olim
888 1550 1040 1604 erat
1072 1534 1147 1604 in
1185 1533 1518 1627 deliciis),
1560 1542 1916 1630 exponere
1955 1535 2161 1605 liceat
2199 1534 2516 1630 longiore
2563 1535 2803 1606 forsan
2853 1539 3294 1627 narratione,

200 1659 299 1727 sed
337 1661 675 1753 ingen'ua.

280 1786 425 1851 ,Iam
486 1782 884 1851 tricesimus
936 1783 1167 1875 agitur
1211 1805 1438 1850 annus
1475 1805 1555 1850 ex
1614 1805 1759 1876 quo
1815 1782 2168 1853 Firminus
2225 1783 2445 1853 Didot
2495 1798 2815 1853 veterum
2865 1786 3293 1879 scriptorum

204 1929 569 1997 graecorum
610 1904 1111 1975 collectionem
1159 1904 1669 2001 amplissimam
1728 1906 1947 2000 coepit
1979 1906 2254 1994 moliri,
2299 1908 2590 1976 minime
2639 1931 2806 1976 sane
2863 1906 3124 1977 oblitus
3174 1923 3295 1976 aut

208 2028 537 2121 negligens
570 2026 1084 2097 versiculorum
1126 2026 1408 2097 illorum
1438 2028 1562 2123 qui
1597 2042 1827 2098 totum
1858 2045 2430 2114 monumentum,
2473 2028 2665 2099 velut
2689 2028 2947 2099 hedera
2991 2045 3113 2099 aut
3151 2030 3292 2099 cle-

211 2152 445 2220 matitis
464 2153 827 2245 ingentem
844 2150 1215 2247 platanum
1236 2150 1327 2219 ab
1356 2152 1502 2220 imo
1533 2164 1792 2219 trunco
1821 2152 1891 2219 in
1924 2148 2210 2219 ultimos
2237 2174 2460 2245 usque
2488 2152 2804 2221 ramulos
2834 2154 3195 2246 corymbis
3227 2171 3295 2225 et

212 2272 489 2344 flosculis
523 2275 751 2344 vestit.
798 2278 952 2344 Imo
996 2272 1420 2367 singularem
1458 2272 1770 2343 favorem
1824 2274 2123 2343 fortunae
2171 2273 2243 2342 in
2291 2273 2404 2343 his
2450 2288 2559 2343 ter
2586 2289 2876 2345 centum
2921 2292 3294 2372 poetarum

214 2396 495 2492 reliquiis
532 2412 865 2493 expertus
908 2411 978 2467 et
1004 2396 1138 2467 sibi
1170 2396 1652 2491 gratulabatur
1678 2412 1749 2466 et
1783 2395 1942 2466 orbi
1974 2396 2252 2466 literato
2273 2450 2290 2485 ,
2323 2397 2519 2493 quod
2563 2397 2682 2467 ille
2720 2400 2869 2495 ipse
2904 2402 3035 2489 vir,
3080 2427 3295 2497 quem

216 2520 501 2589 unanimi
552 2544 805 2590 omnes
844 2518 1179 2613 suffragio
1218 2518 1309 2589 ad
1340 2543 1492 2588 rem
1538 2519 1924 2613 gerendam
1962 2519 2418 2613 delegissent,
2463 2520 2963 2615 elegantiarum
3029 2524 3296 2594 arbiter

221 2640 373 2709 idem
418 2658 487 2711 et
536 2641 925 2738 exemplar,
962 2642 1338 2735 omnigena
1380 2640 1701 2711 doctrina
1760 2639 2166 2738 spectabilis
2223 2645 2727 2710 Bo1ssowxmns
2782 2666 2962 2737 opus
3018 2668 3295 2715 summe

223 2766 493 2853 varium,
531 2764 1028 2859 duodeviginti
1064 2764 1283 2834 ferme
1322 2763 1572 2834 saecula
1623 2762 2062 2858 antiquitatis
2107 2760 2560 2857 complexum
2611 2763 2681 2831 in
2731 2787 2884 2833 sese
2928 2781 3294 2861 receperat

228 2883 569 2956 edendum.
596 2888 719 2956 His
735 2888 1063 2983 auspiciis
1088 2886 1636 2982 praeclarissimis
1657 2886 1991 2956 adornari
2012 2901 2246 2981 coepta
2272 2900 2376 2954 est
2403 2886 2842 2980 Anthologiae
2863 2913 3046 2956 nova
3075 2889 3295 2959 editio

228 3029 375 3078 anno
408 3013 1019 3080 MDCCCXXXVI.
1064 3015 1205 3078 Nec
1260 3008 1476 3078 latine
1532 3008 1854 3078 vertendi
1893 3032 2051 3103 quae
2079 3013 2282 3102 Hugo
2316 3009 2606 3078 Grotius
2663 3009 2990 3079 nondum
3025 3035 3292 3105 cogno·
3370 3015 3374 3020 ’

224 3146 381 3201 verat
422 3134 935 3229 epigrammata
975 3131 1083 3204 bis
1137 3130 1330 3202 mille
1378 3133 1741 3226 negotium
1788 3133 2141 3203 recusavit
2188 3133 2298 3202 vir
2335 3133 2630 3202 eximius
2681 3147 2750 3201 et
2787 3134 3292 3229 exquisitarum

223 3274 419 3324 rerum
452 3255 939 3351 plenissimam
986 3256 1527 3325 annotationem
1567 3253 1871 3324 texebat.
1914 3258 2147 3340 Quam
2186 3279 2352 3324 cum
2394 3253 2662 3324 videret
2704 3268 2775 3323 et
2829 3255 3297 3325 admiraretur

224 3374 533 3448 Firminus
588 3377 843 3465 Didot,
884 3381 1086 3448 enixe
1142 3378 1543 3448 obsecravit
1600 3377 2134 3448 Boissonadium
2192 3393 2271 3447 ut
2304 3378 2577 3472 justum
2631 3393 2704 3448 et
2759 3379 3294 3473 quodammodo

221 3516 606 3596 perpetuum
637 3503 1230 3572 commentarium
1267 3501 1575 3572 scribere
1618 3524 1707 3569 ne
1736 3499 2264 3594 dedignaretur,
2299 3526 2515 3596 quem
2569 3501 2919 3570 lectorum
2965 3503 3292 3570 omnium

223 3635 273 3688 et
299 3623 531 3718 plausu
577 3640 954 3721 exceptum
1001 3627 1089 3695 iri
1126 3624 1600 3720 augurabatur
1628 3637 1700 3691 et
1744 3623 2132 3693 commodo
2173 3622 2325 3691 fore
2355 3646 2662 3709 summo,
2691 3622 2997 3718 plurima
3027 3625 3295 3720 quippe

223 3745 277 3813 in
308 3750 666 3845 poematiis
692 3773 805 3817 res
834 3746 1052 3817 hodie
1091 3748 1322 3816 minus
1359 3747 1675 3840 cognitas
1723 3746 2101 3842 saepissime
2149 3744 2601 3840 tangentibus
2639 3770 2786 3814 non
2824 3745 2987 3814 satis
3015 3745 3290 3816 intelle-

222 3882 549 3942 cturorum
607 3873 741 3941 nisi
796 3871 1280 3967 explicationis
1322 3867 1589 3964 aliquid
1641 3868 2322 3939 subministraretur.
2361 3868 2497 3938 Sed
2549 3866 2746 3937 nullo
2799 3866 3053 3954 mode,
3083 3893 3296 3964 prece

226 3991 379 4062 nulla
409 3995 812 4090 permoveri
849 4007 1129 4089 poterat
1154 3994 1263 4062 vir
1290 3992 1713 4062 immortalis
1749 4007 1827 4061 ut
1863 4017 1988 4061 sua
2025 4016 2244 4061 manu
2275 4006 2591 4061 exararet
2618 4006 2687 4060 et
2723 3990 3067 4061 Didotum
3108 3994 3294 4088 typis

226 4112 583 4188 describere
615 4116 902 4212 juberet
949 4140 1105 4211 quae
1142 4118 1286 4210 jam
1340 4115 1432 4185 ab
1480 4114 1632 4185 aliis
1664 4130 1856 4185 recte
1897 4113 2082 4185 dicta
2116 4130 2348 4184 essent
2375 4129 2446 4185 et
2474 4114 2657 4184 bene
2685 4115 3000 4210 exposita
3049 4141 3064 4182 ε
3110 4139 3293 4184 nova

228 4238 405 4309 modo
440 4256 508 4310 et
537 4265 661 4309 sua
691 4239 1064 4328 daturum3
1096 4238 1327 4308 aliena
1358 4241 1479 4332 qui
1510 4238 1901 4327 desideret,
1935 4237 2225 4308 aliunde
2257 4237 2416 4307 huic
2443 4260 2594 4306 esse
2621 4237 2966 4332 petenda;
3004 4239 3076 4306 in
3110 4238 3297 4308 notis

226 4381 284 4426 ea
314 4360 493 4434 libris
527 4377 879 4461 prostare.
919 4364 1125 4457 Atqui
1165 4387 1310 4432 non
1341 4375 1671 4459 poterant
1710 4363 1782 4431 in
1812 4360 2340 4433 difficilioribus
2378 4375 2487 4430 tot
2513 4383 2814 4429 numero
2841 4359 2891 4428 l‘
2921 4360 3020 4428 cis
3050 4384 3291 4428 neces-

227 4484 367 4552 saria
392 4486 478 4556 ad
505 4486 1169 4582 interpretationem
1199 4486 1538 4582 praeteriri
1558 4539 1576 4573 ,
1617 4484 1793 4554 dum
1821 4485 2037 4553 vicini
2066 4483 2209 4553 loci
2257 4485 2329 4552 in
2362 4482 2724 4578 exquisitis
2752 4480 3201 4578 pbilolrgicae
3228 4496 3298 4551 et

230 4601 504 4679 literariae
538 4609 885 4680 doctrinae
914 4608 1284 4705 cuppediis
1308 4607 1765 4678 luxuriarent.
1802 4613 1904 4676 lta
1945 4609 2178 4677 evenit
2211 4621 2287 4675 ut
2324 4621 2480 4676 tum
2521 4604 2813 4701 quidem
2867 4629 2973 4674 res
3019 4604 3292 4674 faustis-

230 4727 385 4799 simis
417 4732 666 4803 avibus
690 4733 1027 4802 inchoata
1063 4734 1304 4828 etjam
1343 4731 1651 4801 multum
1679 4747 2016 4829 provecta
2038 4785 2056 4813 ‚
2095 4729 2332 4799 subito
2361 4729 2666 4826 abrupta
2699 4729 3170 4798 omitteretur.

304 4857 491 4938 Quod
519 4882 744 4952 quum
788 4857 1155 4950 aegerrimo
1186 4857 1427 4925 animo
1467 4855 1651 4926 ferre
1687 4855 2030 4925 Didotum
2075 4853 2430 4940 viderem,
2474 4877 2666 4921 anno
2719 4842 3297 4923 MDCCCXXXIX

237 4969 411 5046 literis
434 4979 569 5050 adii
604 4985 1053 5050 Famssmctm
1106 4985 1141 5048 J
1150 5005 1390 5067 AcoBS,
1424 4979 1739 5073 cujus'ut
1762 4976 1879 5048 alii
1924 4999 2173 5046 omnes
2212 4997 2560 5046 summam
2616 4972 3127 5044 humanitatem
3203 4976 3292 5042 ita
