3829 5747
479 172 608 261 440·
1605 185 2104 245 ANTHOLOGIAE
2148 186 2549 245 I‘ALATINAE

535 315 738 364 CXCVl.
765 316 992 362 Lemma:
1015 318 1098 361 τοῦ
1128 314 1271 361 αὐτοῦ
1306 314 1585 377 Μελεάγρου.
1621 316 1685 370 εἰς
1711 317 1896 376 τέττιγα
1928 319 2006 366 τὸν
2104 318 2346 367 canentes
2372 317 2500 367 enim
2524 316 2758 365 dicuntur
2783 326 2953 361 vocem
2980 312 3215 374 στρέφειν,
3237 312 3479 373 κάμπτειν,
3525 312 3657 369 λυγί-

473 385 711 446 μουσικὸν.
735 384 1036 444 θαυμάσιον,
1067 384 1308 446 τροχαλὸν.
1339 385 1462 433 Item
1491 388 1546 433 ut
1573 385 1848 447 praecedens
1871 400 2013 437 amcl-

475 457 666 503 torium
696 453 1004 515 epigramma.
1035 478 1098 487 —
1130 463 1148 499 1
1178 454 1339 516 ἠχήεις
1367 453 1502 503 Suid.
1531 456 1633 503 Jac.
1662 458 1849 505 confert
1876 456 2010 507 Auti-

471 527 665 587 patrum
691 522 861 573 Thess.
881 524 965 583 IX,
993 530 1068 585 ep.
1101 528 1160 573 92
1193 544 1203 570 :

592 671 740 733 Ἀρκεῖ
753 670 958 729 τέττιγας
983 668 1180 731 μεθύσαι
1203 668 1363 731 δρόσος
1378 686 1390 698 ·
1413 668 1532 718 ἀλλὰ
1557 668 1734 725 πιόντες

654 737 821 788 ἀείδειν
849 739 1033 787 κύκνων
1053 740 1145 788 εἰσὶ
1161 738 1478 801 γεγωνότεροι.

472 910 534 919 -—-
569 890 596 931 α
635 883 890 945 ἀγρονόμον
926 883 1081 937 Plan.;
1117 882 1213 932 alio
1251 886 1456 933 accentu
1483 882 1640 941 sind..
1675 902 1698 925 ι
1731 883 1816 947 qui
1855 881 1969 931 hinc
2000 902 2011 931 ε

467 954 714 1015 ἀγρόνομοι
731 991 744 1012 ,
761 956 805 1003 οἱ
824 955 872 1001 ἐν
889 954 1045 1018 ἀγροῖς
1064 953 1311 1014 διάγοντες.
1340 955 1408 1002 Ex
1429 967 1478 1001 v.
1505 958 1534 1003 3
1561 967 1571 995 =
1595 956 1748 1005 κῶλα.
1763 954 1822 1000 τὰ
1845 953 2012 1001 ὀστᾶ.»

465 1024 530 1071 13.
563 1050 624 1059 —
649 1029 693 1073 3.
733 1044 755 1065 α
812 1026 971 1087 Junge
1009 1027 1184 1080 κλάζεις
1219 1025 1497 1086 πριονώδεσι
1545 1024 1727 1078 κώλοις.
1761 1022 1856 1072 Sed
1891 1022 2015 1072 male

465 1092 720 1156 Meleager,
740 1093 906 1156 judice
936 1092 1245 1153 Schneidero‚
1270 1092 1333 1143 ad
1358 1093 1573 1144 cicadam
1595 1093 1844 1143 transtulit
1869 1092 2013 1143 ratio·

465 1177 578 1213 nem
606 1164 712 1213 soni
751 1163 1026 1226 proferendi
1043 1202 1056 1224 ‚
1095 1175 1245 1225 quam
1274 1164 1322 1211 in
1363 1163 1668 1225 praecedente
1695 1163 1842 1226 epigr.
1898 1177 1943 1211 v.
1984 1166 2011 1213 4

469 1234 584 1291 (ubi
613 1240 700 1293 v.)
730 1236 793 1285 de
826 1236 1018 1285 locusta
1051 1238 1183 1284 recte
1217 1234 1515 1297 praedicavit.
1549 1254 1574 1277 »
1600 1238 1714 1286 Jac.
1756 1236 1837 1283 Sic
1868 1235 2017 1285 etiam

463 1306 625 1355 Nicias
647 1320 722 1369 ep.
752 1313 860 1366 200,
882 1313 926 1355 2.
958 1304 1164 1356 Bothius
1190 1306 1356 1363 κώλοις
1381 1306 1604 1357 mutabat
1629 1306 1682 1355 in
1705 1308 1848 1365 καλῆς
1865 1343 1879 1368 ,
1900 1319 2013 1370 per-

465 1389 630 1437 peram
657 1394 672 1436 3
699 1376 784 1425 sed
811 1376 904 1426 alia
943 1378 1060 1425 sunt
1082 1376 1133 1423 in
1159 1374 1340 1438 quibus
1379 1389 1523 1425 nemo
1560 1389 1658 1425 non
1685 1374 1895 1435 mereat,
1925 1389 2016 1425 uec

466 1458 639 1493 sanum
681 1444 850 1495 haberi
900 1446 1062 1507 potest
1099 1442 1196 1492 hoc
1222 1441 1478 1494 distichon.
1519 1473 1578 1487 --
1623 1449 1650 1493 4
1683 1446 1819 1508 λύρας
1855 1444 2010 1503 Plan„

464 1515 620 1573 Suid.·,
645 1516 779 1578 λύρης
795 1514 917 1564 Cod.
946 1514 1250 1578 superposito
1273 1532 1321 1563 α.
1349 1541 1413 1551 --
1438 1522 1483 1565 6.
1511 1510 1761 1577 Ἇντῳδὸν,
1789 1528 1902 1563 nani
1929 1528 2009 1563 so·

463 1584 532 1632 let
572 1587 671 1632 l’an
699 1596 870 1632 canere
913 1581 1160 1645 Nymphis.
1203 1609 1263 1620 —
1292 1588 1338 1632 7.
1373 1584 1727 1646 Μεσημὸρινὸν,
1760 1584 1855 1631 hoc
1885 1584 2013 1632 enim

463 1658 679 1716 tempore
705 1652 800 1702 diei
824 1653 1003 1703 cicadoe
1031 1653 1242 1703 maxime
1267 1655 1504 1715 strepunt.
1557 1679 1620 1688 —
1645 1659 1674 1703 8
1702 1659 1861 1715 σκιερῇ
1887 1653 2009 1702 cod.

461 1726 511 1773 et
531 1724 682 1787 Plan„
710 1737 830 1773 corr.
863 1726 964 1772 Jac.

523 1872 748 1920 cxcvll.
776 1871 974 1918 Lemma
1003 1889 1014 1917 :
1044 1870 1108 1924 εἷς
1133 1868 1218 1925 τὴν
1247 1868 1412 1929 ἀκρίδα
1437 1870 1745 1932 Δημοκρίτου.
1778 1868 1901 1918 Vide
1928 1884 2009 1933 ep.

467 1946 566 1991 194.
593 1967 649 1975 —-
689 1944 708 1987 1
745 1940 832 1987 ὅκα
867 1938 987 1987 Cod.
1016 1937 1322 2000 superposito
1357 1954 1408 1985 τε
1445 1939 1606 2001 (ὅτε).
1646 1941 1701 1988 ln
1728 1938 1824 1987 line
1861 1939 2007 1994 ἐνεὶην
2048 1976 2055 2011 ,

460 2010 602 2065 Cod.;
631 2010 762 2058 ἐνίειν
790 2008 945 2067 Plan.;
971 2008 1124 2064 ἀνείην
1150 2008 1358 2057 correxit
1383 2009 1630 2057 Heckerus
1651 2012 1689 2069 1,
1710 2024 1758 2072 p.
1789 2014 1892 2067 158,
1922 2010 2007 2070 qui
2049 2018 2054 2064 3

461 2083 512 2129 ct
537 2082 669 2129 recte
697 2078 918 2127 distinxit
943 2090 1053 2127 cum
1088 2078 1377 2126 Hermanno.
1413 2104 1476 2114 —-
1501 2086 1528 2127 2
1557 2080 1701 2127 ὕπνον
1730 2080 1843 2140 ἄγον
1870 2078 2005 2128 Plan.

460 2155 532 2201 De
558 2153 651 2199 ἀπὸ
670 2154 904 2213 πτερύγων
917 2162 965 2197 v.
995 2147 1057 2197 ad
1073 2163 1148 2211 ep.
1179 2153 1283 2205 195,
1311 2151 1356 2197 4.
1380 2179 1440 2190 —
1459 2154 1506 2198 3.
1527 2152 1568 2197 Τ
1569 2151 1621 2197 ὸν
1640 2149 1824 2198 ἐοικότα
1841 2184 1855 2209 ,
1881 2161 1977 2197 con
1991 2174 2009 2182 -

461 2222 750 2269 venientem
769 2218 916 2277 milti,
940 2216 1042 2266 scil.
1065 2230 1300 2280 parvum;
1324 2230 1369 2265 v,
1395 2216 1542 2280 epigr.
1562 2230 1666 2279 seq.
1683 2244 1743 2252 -—
1762 2221 1790 2266 4
1816 2218 1842 2242 *
1865 2218 2011 2279 ὠρού-

461 2308 552 2341 που
573 2290 712 2351 Cod.‚
743 2289 951 2339 alterum
974 2288 1108 2337 Plan.
1136 2286 1259 2336 Vide
1287 2286 1349 2335 ad
1379 2299 1456 2348 ep.
1493 2292 1596 2336 194.

526 2448 785 2497 cxcvln.
815 2449 1014 2496 Lemma
1041 2460 1053 2487 τ
1080 2446 1143 2501 εἷς
1169 2445 1334 2507 ἀκρίδα
1355 2445 1618 2499 Φιλαινίδος
1646 2443 2006 2500 τελευτήσασαν.
2048 2459 2055 2533 ¹

461 2546 521 2555 —
558 2525 574 2567 1
613 2520 706 2581 εἰμι
743 2518 853 2579 κρός
885 2515 1119 2579 τις(11υἰο
1153 2516 1260 2565 voci
1287 2514 1668 2577 superscriptum
1700 2526 1712 2555 2
1749 2529 1821 2574 γρ.
1857 2512 2009 2573 ἐστιν)

462 2591 574 2638 ἰδεῖν
601 2586 743 2646 cod.;
773 2589 813 2635 εἰ
835 2588 912 2634 καὶ
931 2588 1090 2649 μικρὸς
1112 2586 1220 2634 ἰδεῖν
1247 2584 1421 2633 Suidas
1448 2588 1498 2632 et
1519 2584 1674 2639 Plan.;
1698 2581 1830 2644 quod
1859 2581 1908 2629 in
1930 2595 2013 2630 no-

462 2661 565 2707 stro
603 2656 821 2720 exemplo
865 2655 1045 2718 recepit
1069 2658 1196 2714 sac„
1239 2656 1381 2703 antea
1406 2652 1634 2702 Codicem
1670 2654 1872 2701 secutus
1911 2666 1923 2692 ε
1955 2654 2009 2699 Εἰ

464 2727 624 2790 μικρός
653 2744 720 2781 τις
742 2728 826 2787 ἰδ.,
853 2728 907 2775 ut
935 2728 974 2774 εἰ
995 2724 1250 2787 aliquoties
1281 2736 1370 2785 pro
1395 2724 1436 2770 εἰ
1464 2724 1543 2770 καὶ
1579 2722 1790 2784 positum
1821 2720 2007 2769 inveni-

459 2802 562 2847 tur.
598 2796 732 2847 Idem
765 2818 776 2845 :
811 2816 832 2838 α
855 2796 956 2844 Ἐπ’
985 2796 1169 2855 οὔδεος,
1194 2807 1290 2841 non
1321 2791 1530 2842 multum
1558 2804 1704 2854 supra
1735 2804 1896 2840 aream
1926 2805 2007 2840 ex-

461 2882 694 2932 surgem,
725 2865 939 2916 humilis.
967 2862 1392 2914 circumscribitur
1421 2861 1720 2924 adjectivum
1748 2861 2008 2920 ἐπουόαῖος,

459 2937 493 2987 i.
535 2951 580 2988 e.
613 2939 840 2992 ταπεινός.
862 2958 884 2978 υ
916 2961 978 2971 ——
1024 2942 1052 2984 2
1084 2936 1304 2997 τυμὸίτης
1343 2933 1499 2990 Plan.;
1527 2935 1770 2995 τυμὸείτης
1799 2935 1920 2984 cod.
1962 2939 2012 2984 et
2049 2955 2055 2988 ι

460 3007 617 3066 said„
641 3019 888 3070 exponens
917 3008 944 3054 ὁ
976 3005 1278 3068 μνηματίτης.
1306 3031 1372 3041 -
1397 3011 1424 3054 5
1459 3005 1644 3058 διπλοῦς
1672 3002 1812 3064 Cod.‚
1847 3004 2004 3064 Flam,
2049 2989 2054 3013 ¹

461 3076 596 3126 suid.
625 3090 674 3124 v.
706 3078 952 3139 Ἐφίλατο,
999 3077 1098 3124 ἀντὶ
1135 3080 1219 3124 τοῦ
1259 3075 1488 3135 ἐφίλησεν.
1525 3073 1620 3123 sed
1651 3075 1839 3129 δισσοὺς
1869 3075 1919 3122 in
1955 3087 2007 3121 ν.

465 3147 746 3208 καλαμίτης.
771 3166 793 3188 «
821 3148 1002 3194 Rarum
1021 3145 1217 3208 quidem
1246 3146 1430 3200 διπλοῦς
1459 3143 1520 3192 de
1545 3148 1764 3206 tempore
1780 3181 1794 3205 ‚
1814 3148 1864 3194 at
1887 3143 2011 3194 dixit
2048 3113 2055 3233 Ι

462 3217 681 3279 Apollon.
715 3215 806 3264 Rh.
833 3218 872 3274 Ι,
902 3220 1011 3274 588,
1045 3214 1213 3264 διπλόα
1243 3216 1413 3275 ἤματα.
1441 3235 1463 3257 >³
1485 3215 1699 3264 Meiraek.
1722 3227 1768 3276 p.
1806 3221 1908 3264 ¹26.
1932 3217 2010 3263 Se·
2047 3239 2056 3314 Ι

458 3286 659 3349 quentia
688 3285 758 3334 ita
789 3285 970 3348 scripta
993 3285 1044 3334 in
1071 3285 1206 3334 Plan.
1244 3305 1257 3332 ·.
2046 3323 2056 3434 ι

589 3477 600 3488 .
642 3476 654 3489 .
692 3476 704 3486 .
740 3479 749 3487 .
787 3440 1003 3498 ἐφίλατο,
1028 3437 1110 3486 καί
1139 3456 1196 3498 με
1224 3441 1451 3488 θανοῦσαν

643 3510 826 3558 κάτθετ’
841 3510 910 3570 ἐφ’
929 3509 1154 3558 ὑπνιδίων
1177 3509 1438 3572 χηραμένην
1467 3508 1696 3570 λαλάγων.
2046 3555 2053 3588 ²

459 3694 521 3703 -
539 3673 568 3715 6
597 3667 675 3713 καὶ
705 3663 744 3712 θ’
774 3663 840 3712 ἐτ’
867 3663 937 3724 ἐφ’
967 3665 1178 3726 ὑμνιδίωι
1210 3664 1502 3728 χρησαμένην
1533 3662 1953 3725 (superscriptum
1992 3685 2001 3712 ε

459 3753 533 3798 γρ.
566 3737 830 3800 χηραμένην
851 3735 1098 3796 )πατάγωι
1118 3734 1238 3786 cod.
1265 3733 1543 3783 Schneider.
1570 3736 1620 3782 et
1647 3734 1854 3782 Brunck.
1881 3753 1892 3780 ι
1925 3736 2005 3782 καὶ

461 3807 551 3854 θέτ’
579 3807 647 3866 ἐφ’
661 3806 856 3866 ύπνιδίῳ
885 3807 1121 3868 χηραμένη
1150 3804 1376 3866 πατάγῳ,
1403 3803 1504 3853 scil.
1539 3803 1851 3865 ἐπιχηραμὲνη
1887 3800 2001 3851 Phi-

459 3875 613 3924 laeniS.
642 3875 865 3936 Ungerus
897 3875 1058 3924 Bcilr.
1088 3887 1139 3935 p.
1166 3877 1226 3922 33
1252 3873 1515 3936 χηραμὲνην
1532 3872 1769 3934 ,jungens
1792 3873 1895 3920 Θέτο
1916 3887 2003 3933 χη-

460 3948 673 4007 ραμένην.
709 3942 803 3993 Sed
844 3943 895 3992 in
935 3940 1013 3991 his
1053 3942 1232 3992 talibus
1267 3943 1502 4004 χηραμένη
1544 3942 1870 3991 necessarium
1900 3955 2009 3992 esse

459 4013 582 4064 vidit
623 4013 848 4072 Meinek.‚
876 4013 960 4075 qui
994 4011 1186 4076 scripsit
1223 4014 1301 4060 καὶ
1337 4012 1462 4076 θρέψ’
1493 4011 1595 4073 (sic
1621 4013 1721 4074 jam
1748 4011 2005 4062 Jacobsius

459 4084 525 4133 ad
547 4083 776 4134 Analecta
805 4087 842 4132 t.
872 4085 983 4143 vll,
1010 4095 1059 4146 p.
1091 4088 1174 4132 122
1195 4082 1212 4142 )
1237 4082 1431 4144 ὑμνιδίῳ
1461 4087 1698 4145 χηραμένη
1729 4100 1803 4144 π.,
1833 4081 2008 4132 Jacob-
2046 4031 2054 4124 i

461 4153 534 4202 sio
565 4157 675 4204 tum
713 4153 906 4202 Codicis
935 4153 1192 4202 lectionem
1221 4155 1446 4202 servante
1490 4154 1810 4215 χρησαμένην,
1838 4155 2010 4216 postca

2102 392 2207 444 ζειν.
2240 408 2261 431 υ
2284 391 2316 438 J
2320 402 2399 439 ac.

2165 544 2369 593 cxcix.
2396 546 2593 594 Lemma
2626 557 2637 586 τ
2667 546 2730 597 εἰς
2762 543 2919 605 ὄρνεον
2948 542 3264 601 ἀδιάγνωστον
3282 580 3295 601 ,
3335 543 3459 604 οἶμαι
3490 542 3551 591 δὲ
3586 539 3667 586 25:-

2102 632 2197 676 ρον.
2230 634 2252 656 ιι
2284 618 2351 663 Ex
2384 613 2589 672 lectione
2612 626 2785 663 versus
2817 618 2846 662 3
2886 610 3004 661 nibil
3028 611 3227 673 quidem
3251 614 3331 661 est
3360 610 3489 660 dubii
3505 628 3524 665 ·.
3570 609 3665 657 sed

2100 698 2197 735 non
2220 695 2411 747 semper
2434 682 2526 733 fuit
2550 682 2621 731 sic
2646 681 2871 745 scriptus.
2902 680 3145 729 Planudes
3166 679 3297 729 enim
3320 680 3511 729 exhibet
3532 680 3663 739 φιλέ-

2100 756 2220 803 λαιε.
2266 773 2289 797 ν
2330 756 2394 803 Β.
2425 752 2551 801 Vide
2576 751 2709 801 adv,
2744 756 2791 801 3.
2838 778 2898 786 -
2940 757 2983 800 2.
3016 750 3222 800 Bothius
3253 749 3506 811 distinguit
3546 750 3669 810 post

2101 823 2340 881 ἀλκυόσιν,
2362 826 2415 873 et
2436 821 2607 871 scribit
2623 822 2703 871 τὸν
2717 838 2745 870 τ
2759 827 2832 867 ῶν
2872 822 2968 882 se..
2991 839 3015 863 α
3042 832 3110 869 sc.
3136 821 3314 869 τούτων
3328 857 3343 881 ,
3378 824 3467 868 τῶν
3484 818 3671 867 ἁλκυό·

2100 912 2208 943 νων.
2236 914 2259 937 υ
2283 920 2344 930 -
2371 900 2399 945 3
2435 893 2654 955 ἡρπάσθη
2694 891 2914 954 (ultimae
2933 891 3089 941 literae
3120 890 3426 953 superposito
3453 894 3519 950 σ)
3556 890 3667 937 φίλε

2101 966 2210 1028 λάρε
2230 964 2374 1021 cod.;
2396 965 2639 1027 ἦρπὰσθης
2662 965 2862 1027 φιλὲλαιε
2894 964 3027 1012 Plan.
3050 982 3076 1005 «ι
3096 962 3193 1011 Sed
3218 974 3281 1011 ex
3316 962 3549 1011 lemmate
3580 974 3671 1022 as-

2100 1038 2238 1098 paret
2268 1035 2559 1097 scripturam
2598 1034 2649 1083 in
2683 1032 2983 1097 autographo
3018 1046 3116 1082 non
3142 1032 3167 1080 s
3164 1030 3296 1081 uisse
3327 1032 3663 1095 perspicuam.

2102 1109 2199 1155 Nec
2234 1106 2507 1169 suspicione
2528 1108 2662 1155 caret
2680 1105 2789 1155 haec
2821 1105 2983 1155 lectio.
3014 1124 3037 1147 ι·
3077 1108 3195 1154 Jac.
3223 1105 3404 1153 Notum
3425 1104 3501 1151 oet
3522 1102 3667 1151 enim

2101 1177 2234 1237 λάρος
2264 1178 2472 1239 primam
2504 1175 2761 1236 corripere.
2786 1175 2992 1225 Meiuek.
3017 1188 3067 1237 p.
3117 1179 3205 1224 15ss
3233 1195 3245 1221 ·.
3276 1193 3299 1215 ιι
3334 1172 3511 1221 Mirum
3548 1186 3669 1233 pro-

2104 1243 2231 1293 fecto
2252 1245 2444 1295 criticos
2472 1244 2598 1293 serio
2620 1243 2711 1293 sibi
2736 1244 3035 1307 persuasisse
3062 1243 3193 1292 illam
3230 1241 3409 1291 Gratiis
3428 1240 3667 1290 dilectam

2102 1316 2367 1376 aviculam,
2416 1316 2556 1378 cujus
2589 1317 2795 1365 mortem
2830 1318 2973 1378 poeta
3003 1314 3135 1377 luget
3152 1354 3164 1374 ,
3196 1326 3307 1362 esse
3342 1312 3562 1375 gaviam,
3608 1312 3667 1361 id

2101 1388 2179 1435 est
2202 1400 2343 1435 avem
2362 1400 2589 1435 voracem
2610 1388 2659 1435 et
2686 1398 2943 1448 spurcam;
2976 1397 3135 1446 neque
3166 1389 3331 1432 minus
3350 1383 3533 1431 mirum
3570 1396 3669 1430 eos

2100 1456 2356 1506 metricum
2384 1454 2588 1505 latuisse
2613 1454 2808 1503 vitium.
2841 1454 3078 1504 Medelam
3114 1454 3319 1503 sortasse
3342 1453 3555 1502 historia*
3580 1466 3667 1500 na-

2100 1526 2271 1577 turalis
2290 1526 2426 1589 periti
2446 1526 2682 1581 astercum
2698 1524 2890 1574 int-erim
2910 1524 3111 1587 conjicio
3126 1524 3216 1585 φίλ’
3236 1525 3373 1573 ἑλιιὲ.
3401 1526 3472 1572 Dc
3492 1525 3561 1571 iza
3578 1528 3661 1581 ιιξ,

2100 1596 2259 1659 specie
2283 1599 2534 1657 αἰγιθαλῶν
2552 1631 2565 1651 .
2596 1594 2860 1644 Alexander
2894 1593 3122 1655 Myndius
3157 1606 3234 1655 ap.
3267 1593 3443 1642 Athen.
3478 1613 3501 1635 υ
3530 1592 3667 1640 Vide

2098 1666 2243 1715 Thes.
2266 1679 2305 1715 s.
2334 1680 2382 1713 γ.
2422 1678 2469 1728 p.
2510 1669 2620 1723 003,
2658 1666 2711 1714 Β.
2734 1664 2825 1713 Ubi
2856 1663 3121 1713 Salmasius
3144 1662 3491 1713 eandem-esse
3514 1667 3668 1725 putat

2098 1749 2243 1799 quam
2265 1736 2547 1786 Aristoteles
2564 1735 2689 1784 dicit
2704 1738 2787 1793 τὴν
2815 1736 2964 1795 ἑλεάν,
2984 1732 3047 1783 de
3068 1747 3167 1796 qua
3190 1734 3319 1783 Hist.
3350 1738 3441 1782 An.
3468 1736 3551 1789 lx,
3580 1738 3664 1789 ie.

2098 1806 2224 1857 inter
2242 1805 2337 1855 alia
2359 1820 2370 1848 τ
2396 1805 2495 1854 ἐστι
2519 1806 2567 1853 δὲ
2592 1806 2645 1853 τὸ
2660 1805 2743 1867 μὲν
2764 1805 2951 1865 μέγεθος
2970 1804 3168 1866 βραχὺς,
3182 1805 3337 1863 φωνὴν
3356 1804 3398 1852 δ’
3414 1803 3512 1866 ἔχει
3541 1803 3663 1863 ἀγα-

2100 1876 2207 1933 θήν·
2230 1878 2279 1925 et
2312 1873 2593 1925 Callimachi
2631 1876 2792 1937 glossa
2811 1886 2890 1937 ap.
2922 1873 3075 1921 schol.
3104 1873 3346 1936 Aristopln.
3372 1880 3463 1923 Αν.
3506 1878 3601 1922 303
3650 1895 3660 1919 ;

2097 1946 2251 1994 Heia·
2287 1949 2449 2007 μικρὸν
2465 1981 2479 2003 ,
2512 1950 2639 2006 φωνίξΙ
2666 1945 2855 2005 ἀγαθόν.
2881 1970 2943 1979 -
2968 1948 3015 1992 4.
3038 1942 3218 1993 Catulli
3252 1946 3354 1993 iter
3377 1944 3663 1993 tenebrico-

2097 2030 2232 2076 sum,
2274 2016 2455 2079 Virgilii
2495 2016 2611 2066 loca
2650 2018 2799 2064 nocte
2827 2017 3058 2073 {aemuia
3094 2012 3231 2073 late,
3268 2015 3375 2062 AEn.
3416 2016 3503 2071 vl,
3546 2018 3661 2068 2610,

2098 2091 2341 2151 comparat
2373 2091 2478 2138 Jac.
2530 2086 2751 2137 Eundem
2802 2099 3004 2135 versum
3058 2085 3235 2148 repetit
3282 2088 3499 2148 Tymnes
3575 2100 3663 2149 ep.

2099 2163 2205 2220 211,
2226 2164 2275 2209 4.
2556 2164 2567 2175 ·

2162 2308 2258 2358 GC.
2300 2308 2501 2355 Lemma
2542 2321 2553 2348 =
2590 2308 2656 2361 sl:
2682 2306 2870 2364 τέττιγα
2906 2304 2998 2352 ὑπὸ
3036 2304 3198 2359 παιδὸς
3242 2303 3556 2367 ἀναιρεθέντα.
3600 2332 3663 2339 ——

2106 2384 2123 2427 1
2158 2376 2239 2427 ὑπ’
2255 2378 2440 2439 ὄρπακα
2458 2374 2601 2434 Cod.;
2621 2377 2714 2425 ῦπὸ
2732 2373 2891 2423 πλάκα
2920 2375 3053 2423 Plan.
3078 2376 3129 2423 et
3152 2372 3309 2431 suid..
3332 2394 3355 2415 ‹-
3378 2372 3515 2435 quod
3538 2372 3664 2421 nihil

2098 2450 2191 2497 est.
2214 2448 2271 2496 ln
2288 2446 2473 2507 ὄρπακα
2502 2443 2622 2505 quid
2656 2444 2837 2501 lateat,
2865 2441 3025 2491 forsan
3060 2442 3137 2492 alii
3174 2443 3381 2499 eruent;
3403 2440 3525 2503 quin
3546 2456 3663 2489 cor-

2099 2518 2299 2579 ruptum
2322 2514 2387 2563 sit
2414 2528 2509 2563 non
2534 2514 2723 2564 dubito.
2754 2518 2879 2571 Quae
2917 2514 3109 2563 Jacobs.
3148 2514 3293 2563 affert
3318 2518 3395 2575 (p.
3430 2517 3555 2567 262)
3596 2528 3659 2561 ex

2098 2585 2529 2650 epigrammatariis
2554 2585 2711 2647 poetis
2746 2584 2935 2633 vitiosae
2970 2596 3211 2632 mensurae
3233 2584 3475 2645 exempla,
3508 2597 3567 2631 ca
3602 2598 3659 2631 υτ

2098 2655 2324 2721 pessimis
2347 2656 2447 2704 scre
2481 2655 2639 2717 poetis
2670 2654 2821 2717 petita
2858 2656 2988 2703 sunt.
3028 2654 3228 2703 Accedit
3256 2653 3393 2716 quod
3428 2656 3583 2717 ὀρπηξ
3610 2656 3661 2703 et

2099 2729 2221 2776 κλὼν
2253 2726 2332 2774 vix
2360 2726 2483 2774 inter
2514 2739 2568 2775 se
2586 2724 2834 2773 disserunt.
2870 2744 2892 2765 ν
2924 2723 3139 2773 Meinek.
3166 2738 3216 2787 p.
3243 2728 3348 2774 140.
3368 2728 3473 2774 Jar.
3514 2740 3657 2774 com—

2098 2800 2235 2861 parat
2260 2796 2415 2846 clem.
2450 2796 2581 2845 Alex.
2604 2795 2805 2845 cohart.
2837 2809 2887 2859 p.
2919 2801 2966 2855 2,
3000 2801 3054 2843 ¹2
3093 2815 3105 2842 :
3132 2794 3331 2851 ὁπηνίκα
3378 2798 3423 2843 οἱ
3450 2796 3661 2855 τέττιγες

2097 2870 2209 2918 ὑπὸ
2240 2875 2371 2922 τοῖς
2404 2866 2693 2923 πετάλοις
2716 2865 2827 2928 ᾖδον
2846 2866 2935 2914 ἀνα
2966 2867 3025 2914 τὰ
3051 2866 3239 2928 ὄρη,οῐ
3263 2865 3405 2914 estin
3426 2866 3659 2928 sequenti

2100 2953 2176 3001 ep.
2208 2943 2247 2986 t.
2275 2967 2331 2980 --
2350 2944 2378 2986 2
2397 2936 2608 3000 φθέγξομ’
2626 2938 2721 2986 ἀπὸ
2738 2935 2872 2985 Suid.
2896 2935 3080 2985 Deinde
3098 2935 3419 2998 ἀποῤῥαδινῶν
3436 2939 3663 2996 φθόγγων

2100 3008 2242 3067 Cod.‚
2276 3007 2411 3070 quod
2452 3008 2664 3069 φθόγγων
2698 3007 2846 3056 etiam
2882 3007 2930 3055 in
2962 3021 3061 3055 uno
3088 3005 3251 3055 codice
3284 3004 3475 3064 summ,
3510 3008 3665 3068 cujus

2098 3078 2249 3128 ceteri
2264 3089 2435 3126 omnes
2467 3081 2548 3133 ἱεὶς
2567 3078 2845 3140 στομάτων,
2866 3075 2953 3126 sed
2986 3090 3033 3125 v.
3076 3076 3139 3125 ad
3170 3088 3245 3138 ep.
3273 3080 3377 3134 196,
3406 3081 3452 3124 3.
3492 3096 3515 3117 «ι
3552 3077 3664 3124 Sui·

2101 3148 2192 3198 das
2230 3170 2242 3197 ι
2286 3149 2448 3212 ῥαδινή
2473 3161 2484 3171 ·
2538 3149 2730 3205 ἀσθενὴς
2750 3185 2765 3207 ,
2799 3147 2959 3204 λεπτή.
3007 3149 3071 3194 Et
3104 3146 3231 3194 inter
3256 3145 3396 3207 plura
3428 3147 3661 3208 exempla

2096 3217 2243 3267 etiam
2260 3216 2353 3265 hoc
2378 3216 2561 3265 excitat
2578 3215 2836 3266 distichon.
2861 3235 2885 3257 π
2908 3218 2969 3264 Β.
2991 3240 3055 3250 -
3072 3219 3101 3264 3
3126 3215 3189 3267 εἰς
3217 3215 3356 3276 ἀρεαν
3373 3213 3431 3273 (si
3440 3213 3484 3272 c)
3505 3213 3657 3266 cod..

2098 3288 2185 3338 sed
2227 3288 2295 3338 ita
2330 3288 2387 3336 ut
2410 3286 2536 3336 iuter
2564 3303 2585 3334 ε
2617 3289 2669 3335 et
2696 3305 2727 3334 α
2766 3286 2939 3334 literat
2971 3297 3109 3333 erasa
3142 3297 3249 3332 esse
3282 3281 3529 3332 videatur.
3573 3284 3659 3331 Sir

2100 3359 2345 3406 Paulssen.
2386 3355 2533 3406 Haud
2577 3355 2722 3405 dubie
2752 3355 3054 3417 indiligenter
3087 3353 3351 3404 Salmasius
3380 3366 3391 3394 τ
3431 3373 3453 3394 α
3484 3355 3659 3417 ἀρετὰν

2098 3427 2354 3489 (ἀρειὰνὲ),
2394 3425 2461 3474 ita
2491 3429 2551 3474 V.
2578 3427 2633 3473 C.
2654 3438 2711 3474 ex
2740 3423 3061 3481 correction03
3093 3437 3203 3472 nam
3235 3423 3325 3472 fuit
3352 3423 3487 3484 prius
3521 3425 3661 3472 ἀιεαν

2096 3499 2173 3548 vel
2196 3513 2370 3546 αιεταν.
2389 3516 2413 3539 υ
2440 3497 2570 3546 Plan.
2600 3497 2765 3558 ἀραιὰν
2790 3515 2815 3538 κ
2849 3494 2983 3556 quod
3014 3506 3171 3556 neque
3196 3493 3259 3542 ad
3284 3493 3566 3556 prosodicas
3595 3495 3663 3542 lc-

2095 3581 2179 3630 ges
2202 3579 2359 3630 neque
2376 3566 2440 3614 ad
2457 3565 2745 3614 sententiam
2768 3567 2938 3627 aptum
2954 3567 3044 3612 est.
3070 3585 3092 3606 »ι
3116 3563 3334 3613 Mein-ek.
3352 3563 3449 3620 Qui
3468 3562 3663 3611 similes

2095 3636 2379 3700 diphthongi
2394 3653 2441 3684 αι
2462 3635 2719 3685 etaliarum
2737 3634 3063 3696 correptiones
3074 3634 3255 3683 multas
3279 3634 3523 3696 congessit
3548 3636 3660 3680 Un-

2096 3721 2238 3770 ger-us
2272 3709 2435 3756 Beitr.
2462 3721 2509 3770 p.
2546 3711 2618 3766 18,
2642 3704 2837 3754 dubitat
2850 3719 2910 3754 an
2928 3719 3023 3754 non
3054 3705 3187 3754 Plan.
3205 3704 3453 3767 scripserit
3480 3705 3655 3767 ἀραίαν

2096 3777 2160 3827 ab
2196 3778 2371 3838 ἀραῖος.
2396 3776 2490 3826 Sed
2516 3775 2598 3825 illo
2622 3776 2831 3825 sortasse
2856 3774 3015 3824 Nicias
3046 3787 3251 3838 parvum
3286 3774 3548 3837 puerulum
3572 3773 3659 3821 in·

2095 3848 2257 3898 dicare
2281 3847 2451 3897 voluit.
2474 3844 2874 3896 Schneidewinus
2900 3846 3097 3908 βαρέαν,
3130 3843 3329 3893 minime
3358 3843 3654 3892 convenien-

2095 3921 2195 3968 tem
2222 3916 2444 3980 puerulo.
2466 3917 2523 3964 ln
2545 3914 2641 3964 line
2661 3913 2825 3965 codex
2859 3913 3097 3976 λαθραίης,
3121 3912 3256 3976 quod
3280 3911 3385 3975 ipse
3424 3911 3659 3961 librarius

2096 3987 2307 4037 mutavit
2332 3986 2382 4035 in
2412 3985 2653 4047 λαθραίως.
2680 4009 2746 4020 -
2762 3987 2809 4032 4.
2846 3984 3048 4046 χλοερῶν
3073 3983 3204 4032 Plan.

2160 4155 2279 4204 CCI.
2310 4157 2507 4203 Lemma
2542 4165 2553 4192 ἰ
2586 4153 2649 4206 είς
2671 4151 2751 4199 τὸν
2787 4149 2925 4197 αὐτὸν
2960 4147 3230 4209 ὁμοίως.-
3260 4150 3286 4192 2
3318 4143 3473 4200 ἡδεῖαν
3508 4141 3652 4189 Plan.

456 4227 621 4273 tamen
656 4225 916 4286 χηραμένην
942 4225 1168 4271 censente
1199 4241 1222 4264 «
1249 4221 1504 4272 lectionem
1530 4222 1792 4272 doctiorem
1811 4223 1862 4271 et
1879 4235 2009 4285 prae-
2098 4253 2159 4262 --
2186 4230 2214 4273 3
2238 4225 2467 4286 γαρύοντα
2496 4220 2627 4269 l‘lan.
2660 4217 2805 4274 Quod
2831 4216 3041 4278 recipere
3064 4212 3298 4262 debebam
3324 4225 3435 4260 cum
3462 4212 3657 4258 Brunc-

461 4293 726 4343 l'erendam.
778 4313 802 4336 »ι
836 4293 1005 4342 Secnti
1043 4303 1214 4341 sumus
1249 4291 1540 4341 Meinekium
1583 4306 1594 4334 =
1635 4312 1658 4334 «
1692 4291 1848 4342 multo
1877 4292 2006 4341 enim

461 4361 622 4423 aptius
649 4365 727 4411 est
766 4361 1030 4411 Pliiraenida
1071 4373 1218 4422 quam
1261 4360 1500 4410 locustam
1545 4360 1750 4423 strepitu
1792 4361 2007 4424 gavisam

462 4431 558 4480 dici
582 4453 606 4474 υ
625 4469 639 4492 ,
674 4431 762 4481 sed
787 4432 981 4494 ὑπνιῧίῳ
1009 4431 1072 4488 (i.
1098 4445 1143 4480 e.
1173 4434 1314 4480 ὕπνον
1345 4433 1584 4492 ἐπάγοντι)
1615 4432 1929 4494 prael'erentes
1946 4431 2011 4480 al-

461 4501 580 4561 teri,
635 4503 846 4564 ὑμνιδίῳ,
878 4501 1012 4563 quod
1049 4515 1142 4549 non
1187 4513 1295 4550 esse
1335 4501 1624 4551 tentandum
1671 4501 1898 4551 censebat
1935 4501 2011 4549 vir

460 4571 693 4633 egregius.
732 4571 930 4621 Initium
956 4573 1122 4621 autem
1150 4575 1281 4620 recte
1309 4572 1582 4622 restituisse
1603 4572 1795 4622 videtur
1831 4572 2009 4621 llecke-

459 4652 550 4687 rus
574 4639 643 4689 ita
676 4639 806 4690 hunc
837 4653 1034 4690 versum
1068 4639 1281 4690 scribens
1308 4653 1320 4682 τ

586 4778 668 4829 κεῦ
689 4778 777 4828 θέτ’
805 4781 1053 4842 ἐφυπνιδίῳ
1078 4778 1368 4842 χρησαμένην
1387 4782 1600 4842 πατάγῳ.

461 4951 520 4962 --
551 4923 578 4970 8
601 4920 807 4979 τούλίγον
835 4920 965 4970 Plan.
993 4924 1042 4970 ct
1068 4921 1115 4970 in
1155 4921 1250 4970 fine
1271 4921 1570 4982 πολυτροφίης
1589 4958 1601 4979 ,
1621 4921 1762 4970 male.
1794 4939 1815 4962 «ι
1848 4922 2003 4970 Πολυ-

463 4991 650 5054 στρορίη
701 4989 763 5039 de
805 4989 949 5040 variis
986 4993 1155 5040 cantus
1201 4990 1610 5040 modulationibus
1655 4989 2001 5052 accipiendum.

2098 4296 2190 4356 laio,
2230 4292 2317 4356 qui
2351 4296 2401 4341 et
2428 4293 2591 4353 ἀχέτα.
2627 4309 2650 4332 ιι
2674 4287 2847 4337 suidas
2872 4301 2882 4328 τ
2912 4287 3109 4347 ἠχέτης,
3139 4286 3166 4332 ὁ
3192 4283 3332 4345 ἀῤῥην
3367 4282 3535 4335 τέττιξ.
3594 4284 3658 4328 Et

2101 4367 2193 4415 hoc
2221 4362 2459 4413 distichon
2492 4359 2686 4408 excitat.
2717 4379 2739 4400 u
2770 4361 2822 4405 B.
2842 4383 2901 4392 ·--
2928 4359 2957 4403 4
2987 4355 3105 4416 χειρί
3134 4369 3191 4415 με
3210 4351 3484 4410 πεπταμένα
3508 4349 3655 4404 Cotl.;

2099 4435 2149 4483 in
2178 4446 2328 4494 marg.
2366 4451 2376 4478 τ
2403 4447 2476 4493 γρ.
2498 4434 2598 4491 χεῖρ
2624 4430 2739 4487 ἄμα.
2776 4423 2912 4473 Unde
2934 4421 3237 4480 Brunckius‚
3258 4420 3357 4483 χεὶρ
3386 4419 3651 4466 ἀναπεπτα.

2100 4511 2230 4563 με’να.
2269 4500 2433 4550 suidoe
2473 4499 2582 4547 libri
2610 4496 2728 4559 χειρί
2757 4511 2812 4558 με
2842 4494 3117 4553 πεπταμένα
3135 4528 3146 4550 ,
3186 4491 3285 4540 duo
3322 4489 3626 4548 πεπταμένιν
3644 4523 3655 4538 .

2099 4570 2233 4620 Leid.
2266 4570 2613 4633 μετεπταμένα,
2658 4565 2737 4614 ed.
2780 4562 2968 4613 Mediol.
3004 4561 3363 4622 μεταπτάμενον.
3408 4555 3649 4608 Bernhar-

2100 4638 2229 4700 dyus
2268 4651 2279 4681 =
2308 4657 2331 4680 a
2361 4638 2581 4686 Perfecto
2599 4634 2763 4685 nullus
2786 4634 2867 4682 hlc
2896 4633 3061 4691 locus;
3092 4630 3179 4679 sed
3200 4631 3432 4692 apparent
3450 4627 3655 4691 vestigia

2098 4706 2333 4771 participii
2364 4707 2593 4767 πταμένα.
2628 4708 2777 4754 Ροιτο
2814 4699 3147 4764 retlngendum
3173 4702 3276 4762 κὴρ.
3322 4717 3346 4741 ιο
3378 4696 3483 4745 scd
3516 4704 3651 4759 χεῖρα

2096 4778 2241 4828 etiam
2273 4777 2458 4836 Nicias,
2478 4788 2629 4838 quem
2650 4773 2889 4836 expressit
2912 4769 3220 4833 Pamphilum
3248 4771 3297 4818 et
3326 4767 3520 4832 palma
3560 4781 3655 4815 ma-

2096 4861 2189 4897 nus
2215 4847 2512 4910 intelligitur.
2540 4845 2739 4894 Grotius
2762 4842 2967 4906 (supere
2986 4837 3449 4903 aqqressammuid
3478 4837 3653 4900 legerit

2096 4932 2189 4966 non
2232 4919 2349 4967 satis
2384 4917 2597 4979 apparet.
2643 4916 2872 4964 Ceterum
2902 4914 3081 4975 praeter
3121 4909 3511 4974 praepositioncm
3556 4907 3651 4956 ἀπό

2097 4989 2241 5038 etiam
2272 5009 2292 5030 «
2319 4990 2472 5047 ἡῑθέου
2492 4986 2701 5035 otiosum
2720 4987 2795 5033 est
2813 4987 2863 5032 ct
2886 4985 3164 5044 suspectum
3179 5019 3192 5042 ‚
3209 4979 3477 5042 praesertim
3496 4992 3650 5042 quum
