3829 5747
1275 240 1350 299 ΙΝ
1391 239 1640 301 CAPUT
1679 240 1782 299 vu
1827 236 2285 301 ANNoTA‘no.

159 370 405 433 νωνῃιιοι]
435 374 492 421 et
521 372 678 421 suasit
703 371 919 431 Jacobs„
951 370 1012 421 de
1045 371 1238 435 sculpto
1271 372 1324 421 in
1351 372 1612 423 columella
1637 385 1722 435 po·

170 446 290 491 culo.
341 464 364 485 ιι
415 447 584 501 Quam
621 444 951 507 conjecturam
1001 446 1218 493 veterem
1253 443 1470 493 Jacobsii
1507 444 1721 495 Graetins

169 514 430 565 subriserat
453 516 536 577 (p.
569 518 653 565 137
673 518 688 572 )
712 534 724 563 ε
754 534 778 557 ιι
805 514 1046 565 Poculum
1073 514 1122 563 in
1141 514 1284 578 cippo
1315 528 1604 577 expressum
1631 530 1720 579 po-

169 586 259 635 tius
275 584 535 636 hominem
553 587 856 636 vinolentum
877 585 1140 645 indicabat,
1167 588 1224 635 ut
1241 599 1304 634 ex
1328 586 1436 635 aliis
1457 586 1728 650 inscriptio·

171 656 304 708 nibus
331 657 601 718 novimus,
633 670 783 719 quam
802 656 970 707 cicuta
1003 658 1282 706 confectum
1315 676 1326 704 :
1362 656 1456 706 nisi
1489 658 1724 720 singulari

172 731 316 777 forma
334 730 430 777 aut
455 728 774 791 inscriptione
796 728 974 777 cicutae
997 741 1052 777 se
1071 727 1302 791 poculum
1334 727 1586 790 prodebat.
1611 748 1634 771 ι·

223 868 488 919 (ULXXI.
521 872 724 919 lemma
757 883 772 913 ²
798 872 862 923 εἰς
895 869 1212 933 Κλεόμὸροτον
1237 870 1316 918 τὸν
1349 870 1722 932 Ἀμπρακιώτην.

171 937 350 987 Habent
370 940 556 988 Sextus
581 938 760 1003 Ernpir.
788 938 911 989 Λᾶν.
945 942 1196 1003 grammat.
1221 940 1252 1003 §
1283 944 1364 998 48,
1404 954 1452 1003 p.
1483 946 1572 991 226
1597 940 1724 1001 (609

169 1006 344 1067 Bekis),
369 1008 668 1077 Ammonius
685 1009 734 1058 in
760 1010 1014 1073 Porphyrii
1027 1014 1256 1074 isagogen
1274 1049 1288 1069 ,
1310 1010 1596 1059 scholiastes
1617 1010 1728 1059 Dio·

167 1076 280 1139 n5sii
311 1075 436 1125 Thr.
467 1091 518 1141 p.
549 1082 641 1129 725
666 1080 844 1129 Anecd.
867 1080 1035 1141 Bekis„
1061 1084 1300 1130 memorat
1323 1079 1496 1129 Cicero
1519 1080 1660 1129 Tusc.
1685 1082 1726 1140 l,

171 1151 238 1203 34,
265 1159 368 1194 rem
397 1146 562 1210 ipsam
587 1148 746 1197 multo
771 1149 956 1212 plures.
987 1176 1048 1185 —
1082 1156 1098 1199 t
1133 1150 1472 1211 ωμὸραιιιωτας
1501 1147 1620 1197 cod.
1645 1162 1725 1197 su-

173 1217 406 1279 perposito
437 1236 500 1277 η,
555 1220 764 1269 alterum
815 1218 971 1279 Plan.3
1013 1225 1238 1282 Ἆμπραιι.
1283 1224 1527 1279 Ammon„
1574 1222 1724 1277 Sext.;

175 1292 386 1351 Ἀμόραιι.
419 1290 555 1340 Sexti
581 1288 692 1339 libri
719 1289 802 1339 alii
827 1294 878 1340 et
901 1288 1056 1341 schol.
1087 1319 1148 1331 -
1177 1296 1204 1339 2
1238 1290 1370 1346 ἥὶατ’
1403 1290 1525 1340 Cod.
1551 1302 1723 1353 super-

171 1360 316 1421 posito
339 1360 504 1410 altero
527 1362 586 1420 λ;
619 1360 780 1419 ἤλλατ’
800 1360 933 1410 Sexti
959 1360 1070 1409 libri
1090 1362 1322 1411 nonnulli.
1345 1388 1406 1397 —
1430 1366 1460 1411 3
1483 1364 1607 1417 ἀξιον
1626 1362 1726 1410 οὔτι

173 1431 318 1477 παθὼν
356 1428 540 1487 schum
571 1430 772 1479 θανάτου
798 1432 926 1487 τέλος
953 1432 1104 1489 Sext..
1133 1432 1294 1491 male3
1325 1434 1356 1489 ἣ
1391 1433 1446 1481 τὸ
1486 1432 1726 1487 πλάτωνος

173 1500 301 1557 θοὰ,
337 1520 361 1543 α
405 1501 458 1549 in
485 1514 588 1563 quo
614 1499 1008 1551 subaudiendum
1047 1503 1178 1551 ἄλλο.
1235 1522 1258 1545 ι·
1285 1505 1397 1552 Jac.
1430 1500 1525 1558 Qui
1565 1502 1728 1550 servat

174 1584 274 1619 cum
305 1572 466 1622 Boiss.
508 1572 606 1623 sed
640 1571 848 1622 Planud.
894 1576 944 1623 et
971 1576 1162 1623 ceteros
1195 1573 1354 1623 secuti
1391 1584 1566 1622 sumus
1613 1586 1728 1621 cnm

177 1641 406 1689 Brunckio
431 1643 486 1690 et
525 1640 780 1691 Meinekio.
813 1673 874 1684 —
911 1646 940 1691 4
989 1644 1037 1689 ἐν
1080 1648 1166 1691 τῶι
1207 1642 1348 1701 Cod.‚
1385 1640 1534 1691 ceteri
1577 1644 1722 1691 recte.

177 1733 194 1752 ·
223 1712 571 1776 Ἀναλεξὰμενος
589 1750 602 1773 ,
639 1716 730 1777 qui
759 1714 990 1775 leyerat‚·
1008 1713 1134 1763 conf.
1165 1713 1228 1763 ad
1250 1716 1337 1773 xi,
1368 1726 1442 1776 ep.
1475 1716 1584 1762 354.
1610 1732 1632 1754 υ
1660 1715 1722 1762 B.

227 1856 506 1905 anxxu.
541 1858 742 1905 Lemma
784 1876 797 1905 :
831 1856 895 1911 εἰς
923 1854 1002 1904 τὸν
1032 1856 1136 1917 βίον
1168 1856 1248 1903 καὶ
1268 1854 1352 1911 τὴν
1381 1854 1608 1903 εὖτέὶειαν
1632 1860 1728 1902 τῶν

175 1925 448 1985 πραγμάτων
469 1927 554 1974 καὶ
581 1927 636 1974 τὸ
661 1925 992 1986 ὀλιγοχρόνιον.
1019 1926 1180 1983 Ζήτει,
1201 1925 1278 1972 διὰ
1297 1923 1356 1971 τὰ
1383 1922 1645 1983 umnam.
1671 1924 1726 1971 ln

177 1998 295 2045 Plan.
323 2000 402 2047 est
429 1998 622 2053 ἀδηὶον.
649 1996 910 2045 Manifesta
933 1997 1010 2044 est
1037 2006 1232 2044 carmen
1259 1992 1616 2055 προτρεπτικόν,
1638 1992 1726 2043 scd

178 2070 482 2117 monumento
519 2066 778 2130 sepulcrali
809 2066 1022 2115 incisum
1065 2077 1176 2115 esse
1219 2066 1408 2128 poterat
1423 2100 1436 2123 ,
1477 2062 1723 2123 defuncti,

180 2141 368 2187 fortasse
406 2136 718 2201 philosophi,
747 2136 941 2185 nomine
985 2138 1036 2185 et
1070 2134 1224 2198 elogio
1265 2134 1316 2183 in
1347 2133 1560 2197 vulgaris
1595 2134 1725 2183 tituli

179 2208 364 2257 modum
389 2208 604 2272 sculptis
630 2210 745 2257 ante
765 2220 977 2257 carmen.
1006 2206 1148 2255 Cous.
1171 2205 1234 2255 ad
1251 2218 1301 2252 v.
1334 2212 1378 2253 o.
1409 2232 1472 2241 —-
1504 2213 1548 2253 2.
1581 2207 1634 2253 ln
1661 2205 1724 2260 εἰς

179 2280 298 2337 ἀίδην
325 2278 484 2341 inepti
521 2278 644 2341 quid
675 2278 836 2327 inesse
871 2276 1077 2341 putabat
1101 2275 1306 2325 Meinek.
1338 2288 1387 2339 p.
1426 2280 1512 2325 128
1531 2312 1546 2337 ,
1579 2296 1599 2316 ‹-
1626 2288 1726 2337 quo

180 2348 375 2399 humana
401 2349 512 2400 vita
537 2349 588 2397 in
621 2348 916 2397 immensum
956 2344 1148 2396 extendi
1185 2345 1432 2395 diceretur
1464 2367 1506 2405 ν,
1537 2345 1624 2395 sed
1657 2347 1724 2395 εἰν

181 2422 272 2483 ᾰὲδῃ
286 2458 298 2475 .
317 2419 452 2481 quod
473 2418 672 2478 scribit,
699 2432 794 2466 non
813 2416 1066 2466 commode
1089 2416 1210 2465 satis
1237 2415 1528 2479 respondere
1547 2430 1724 2479 pracce-

181 2488 394 2537 dentibus
427 2488 571 2537 facile
598 2487 821 2537 sentitur.
849 2486 1042 2537 Nodum
1070 2486 1216 2537 solvit
1235 2488 1481 2537 fleckerus
1503 2490 1540 2545 Ι,
1568 2499 1619 2549 p.
1643 2494 1720 2549 95,

181 2558 334 2607 wliato
359 2558 498 2608 dicto
519 2558 765 2607 simillimo
794 2557 1055 2607 Simonidae
1071 2592 1086 2617 ‚
1121 2558 1292 2621 fragm.
1313 2561 1371 2608 47
1399 2572 1411 2604 :
1443 2560 1609 2613 πολλὸς
1635 2560 1724 2619 γὰρ

181 2629 306 2687 ‹iuni-a
331 2630 422 2683 εἰς
441 2626 511 2677 τὸ
537 2627 832 2677 τεθνάναι
865 2630 1106 2691 χρόνος,
1131 2632 1281 2691 ζῶμεν
1303 2628 1344 2676 δ’
1367 2629 1548 2690 ἀριθμῷ
1568 2632 1724 2691 παῦρα

180 2704 316 2749 ιαιῶε
337 2700 462 2748 έτεα.
494 2722 560 2735 —-
585 2702 614 2748 ³
642 2698 674 2755 ἢ
701 2699 845 2748 ὅσσον
870 2700 1015 2749 ὅσσον
1041 2698 1186 2756 cod.;
1218 2701 1250 2757 ἢ
1273 2699 1414 2747 τόσον
1435 2698 1580 2747 ὅσσον
1605 2698 1718 2747 edd.

183 2770 404 2818 nonnuliae
434 2770 576 2819 Plan.
605 2796 669 2811 -
690 2773 720 2818 4
747 2771 944 2831 στιγμῆς
977 2768 1117 2831 (sic)
1152 2770 1184 2828 ἡ
1211 2770 1540 2833 (superposito
1572 2768 1642 2830 εἰ)
1675 2786 1720 2818 τι

183 2838 284 2888 cod.
317 2860 338 2882 «ι
368 2842 492 2890 noec
515 2839 834 2904 proverbialis
871 2840 1130 2891 locutionis
1157 2840 1370 2903 speciem
1409 2838 1609 2889 habent.
1643 2838 1718 2888 Si·

181 2910 380 2960 monides
402 2924 486 2974 ap.
517 2910 767 2965 Plutarch.
793 2913 917 2961 Mor.
939 2925 989 2975 p.
1023 2916 1126 2972 tlt,
1165 2913 1204 2961 C
1239 2925 1251 2953 τ
1280 2912 1340 2959 τὰ
1367 2911 1457 2974 γὰρ
1479 2911 1608 2972 χίλια
1639 2911 1720 2958 καὶ

183 2983 230 3028 τὰ
249 2982 377 3045 μύρια
411 2983 498 3040 ἔτη
529 2983 706 3045 στιγμή
733 2998 802 3038 τις
829 2983 953 3030 ἐστὶν
991 2982 1203 3043 ἀόριστος
1217 3017 1232 3042 ,
1273 2983 1445 3044 μᾶλλον
1481 2982 1529 3029 δὲ
1564 2980 1722 3044 μόριόν

182 3067 216 3097 τι
237 3055 517 3116 βραχύτατον
541 3059 750 3115 στιγμῆς.
776 3052 962 3103 Ibidem
985 3066 1032 3115 p.
1065 3056 1170 3112 117,
1197 3055 1236 3102 E
1274 3073 1286 3101 ι
1320 3054 1400 3101 καὶ
1434 3053 1461 3101 ὁ
1485 3053 1722 3115 μακρότα-

181 3137 244 3176 τος
279 3125 370 3182 βίος
400 3124 560 3184 ὀλίγος
583 3125 682 3172 ἐστὶ
709 3125 790 3171 καὶ
815 3129 1059 3184 στιγμαῖος
1093 3124 1205 3187 πρὸς
1223 3125 1303 3172 τὸν
1332 3123 1520 3186 ἄπειρον
1549 3124 1716 3170 αἰῶνα.

185 3193 324 3246 Quare
359 3193 450 3254 qui
475 3193 627 3253 alios,
655 3195 714 3242 ut
750 3192 866 3242 vitoe
905 3191 1241 3255 voluptatibus
1275 3192 1515 3251 fruantur,
1549 3191 1718 3241 admo-

185 3265 310 3322 nent,
332 3265 508 3325 στιγμὴ
527 3301 540 3322 ,
561 3263 788 3326 inquiunt
803 3301 816 3324 ,
837 3263 1006 3328 χρόνου
1029 3267 1120 3319 πᾶς
1139 3263 1166 3310 ὁ
1185 3263 1282 3324 βίος
1303 3263 1429 3310 ἐστίν
1443 3298 1456 3318 ,
1475 3261 1542 3311 ib.
1565 3277 1612 3326 p.
1647 3268 1720 3324 13,

185 3331 232 3378 B.
265 3353 286 3374 u
313 3335 424 3381 Joc-
463 3358 526 3368 —
565 3339 610 3382 6.
646 3336 761 3382 Post
788 3331 922 3382 hunc
946 3345 1142 3382 versum
1167 3331 1215 3381 in
1251 3331 1428 3381 Codice
1462 3330 1720 3394 habentur,

187 3403 320 3463 spatio
344 3403 533 3463 relicto,
551 3403 652 3453 duo
671 3417 873 3463 versus,
895 3403 1147 3453 cancellati
1168 3402 1366 3466 quidem
1387 3423 1397 3450 :
1421 3406 1718 3467 Χειμέριον...

189 3473 278 3534 (ep.
307 3477 327 3498 ¹·
345 3478 440 3524 472
457 3477 472 3531 )
492 3511 505 3529 ,
535 3488 650 3524 cum
683 3473 912 3524 lemmate
942 3495 955 3525 2
979 3479 1064 3523 τοῦ
1088 3475 1231 3523 αὐτοῦ
1265 3475 1478 3524 Λεωνίδα
1511 3476 1576 3530 εἰς
1603 3475 1718 3524 ‹bsi-

187 3543 292 3592 &m
328 3547 404 3594 τὸν
449 3546 638 3607 Κρξτου.
683 3548 740 3596 ln
777 3545 875 3594 ima
901 3548 1067 3596 autem
1111 3545 1284 3609 pagina
1328 3559 1442 3594 cum
1477 3546 1614 3608 signo
1658 3543 1720 3594 ad

189 3627 358 3664 versum
379 3624 410 3666 ο
449 3615 730 3666 remittente
767 3615 878 3666 haec
915 3616 1236 3666 admonemur
1265 3637 1277 3666 ι
1307 3617 1484 3680 auspex
1508 3617 1613 3670 τοὺς
1639 3617 1723 3664 δύο

187 3685 350 3748 στίχους
372 3688 456 3736 καὶ
483 3690 588 3736 τότε
619 3687 828 3750 σύναψον
856 3687 962 3742 τοὺς
989 3687 1174 3743 λοιποὺς
1193 3687 1378 3748 στίχους
1397 3685 1482 3734 τοῦ
1509 3685 1720 3748 ἐπιγράμ-

191 3771 334 3814 ματος·

291 3889 342 3938 ἐκ
359 3889 490 3949 roi-m
505 3926 520 3948 ,
546 3889 771 3953 ὤνθρωπε
785 3925 800 3952 ,
829 3889 1212 3954 ἀπηκριὸωμὲνοι
1237 3888 1412 3938 ὀστῶν.

191 4019 234 4066 ln
261 4020 500 4072 Planudea
528 4021 622 4070 hoc
649 4021 892 4072 distichon
922 4021 1086 4072 versui
1105 4029 1135 4072 6
1159 4019 1472 4084 subjungitur
1495 4023 1545 4070 et
1575 4019 1721 4070 finem

195 4089 289 4138 iacit
313 4091 698 4155 epigrammatis:
735 4105 936 4154 prorsus
957 4092 1136 4142 absunt
1171 4091 1442 4154 sequentia.
1473 4091 1722 4141 Heckerus

193 4164 436 4220 poemation
461 4163 560 4213 tale
587 4163 786 4213 exhibet
803 4163 949 4226 quale
969 4163 1146 4228 legitur
1171 4163 1220 4212 in
1253 4161 1517 4222 Planudea,
1553 4181 1574 4206 ι
1607 4175 1718 4225 par-

194 4239 272 4284 tem
301 4251 396 4288 arae
439 4239 743 4302 superiorem
773 4259 797 4282 ν
842 4251 1108 4302 occupasse
1151 4241 1316 4298 ratus,
1351 4238 1566 4300 reliquos
1605 4251 1724 4286 vero

195 4303 334 4356 decem
359 4322 533 4359 versus
562 4330 584 4352 ιι
617 4309 666 4358 in
688 4309 912 4360 inferiore
940 4307 1161 4372 ejusdem
1181 4309 1348 4358 lateris
1371 4311 1508 4372 parte
1531 4307 1723 4370 anagly-

193 4373 272 4434 pho
299 4377 599 4441 subscriptos
638 4400 662 4422 υ
699 4379 879 4440 fuisse,
914 4382 972 4428 ut
1009 4381 1170 4429 totum
1202 4376 1436 4427 Phidonis
1473 4377 1724 4428 memoriae

193 4443 440 4498 dedicatum
473 4450 638 4499 fuerit.
665 4451 849 4499 Verum
873 4451 1156 4513 apposuisse
1177 4449 1392 4510 suflicit,
1415 4451 1472 4498 ut
1496 4449 1726 4512 appareat

198 4521 282 4567 haec
305 4521 432 4570 nullo
455 4521 605 4571 modo
628 4521 882 4572 cohaerere
908 4541 921 4570 :

296 4661 427 4722 μικρή
453 4676 540 4709 σευ
559 4662 652 4718 ζωὴ
679 4661 953 4724 τεθλιμμένη
971 4675 982 4685 ·
1008 4661 1114 4710 οὐδὲ
1140 4662 1229 4724 γὰρ
1261 4661 1379 4718 αὐτὴ

351 4731 483 4786 ἡδεῖ’,
509 4732 610 4779 ἀλλ’
639 4733 804 4795 ἐχθροῦ
837 4734 1114 4794 στυγοοτέρη
1139 4733 1361 4780 θανάτου.

299 4799 532 4862 Χειμέριον
557 4803 680 4860 ζωὴν
703 4801 938 4850 ὑπαλεύεο
953 4837 966 4860 ,
987 4807 1083 4850 νεῖο
1101 4803 1142 4851 δ’
1173 4803 1218 4858 ἐς
1237 4803 1378 4864 ὅρμον
1396 4836 1411 4861 ,

355 4872 415 4925 ὣς
434 4871 570 4934 κήγὼ
587 4873 772 4922 Φείδων
797 4875 825 4922 ὀ
847 4871 1018 4936 Κρίτου
1041 4875 1106 4928 εἰς
1135 4873 1286 4931 ἀΐδην.

1768 4587 1774 4633 Ι

3250 248 3367 307 475

1811 378 1895 422 τοῦ
1932 373 2136 423 ὄπισθεν.
2186 374 2235 423 Si
2268 386 2437 423 revera
2468 376 2545 425 est
2582 387 2775 424 carmen
2820 388 2971 425 unum
2990 414 3002 437 ‚
3032 375 3211 427 desunt
3244 390 3369 426 non·

1813 444 1947 493 nulia
1971 444 2099 493 inter
2124 457 2301 495 venus
2337 452 2367 496 ο
2390 447 2442 494 et
2468 448 2516 494 7.
2543 446 2773 495 ceterum
2802 458 2899 494 non
2925 446 3095 496 eadem
3126 448 3264 509 plane
3292 462 3371 498 res

1811 514 1973 575 agitur
1993 514 2043 563 in
2066 517 2276 577 utraque
2302 518 2441 578 parte
2463 514 2689 564 carminis
2702 554 2716 575 ,
2736 516 2837 564 imo
2863 519 3013 567 ἔννοια
3040 518 3160 566 satis
3176 516 3373 569 diversa

1812 588 1906 633 est.
1933 586 2039 633 Hoc
2066 584 2282 633 dubitari
2308 598 2405 634 non
2440 596 2585 647 posse
2610 584 2825 645 videtur,
2854 584 3024 635 decem
3064 600 3239 637 versus
3276 593 3339 649 (7

1817 655 1906 715 ia)
1932 655 2201 719 anaglypho
2227 655 2377 705 fnisse
2399 654 2697 719 subscriptos
2713 692 2727 714 ,
2746 656 2879 719 quod
2892 658 3143 709 Heckerus
3160 658 3375 709 animad-

1813 726 1961 775 vertit
1997 747 2007 775 :
2041 746 2063 769 ιι
2094 726 2269 775 verbis
2291 727 2345 775 ἐκ
2380 727 2506 785 τοίης
2534 728 2584 775 et
2605 726 2667 775 ἰδ’
2694 730 2757 783 ὡς
2784 727 3042 790 respicitur
3074 729 3137 779 ad
3164 730 3371 793 figuram

1813 798 1980 848 sceleti
2002 797 2203 847 humani
2227 812 2344 848 saxo
2373 810 2470 847 aroe
2490 798 2775 861 sepulcralis
2795 798 3090 862 insculptam
3110 836 3123 859 ,
3146 814 3293 862 quam
3322 801 3371 850 in

1813 868 2143 919 monumentis
2182 869 2392 920 servatis
2418 882 2529 917 raro
2566 880 2824 917 occurrere
2859 868 3049 918 monuit
3082 870 3373 919 wolckerus

1815 940 1993 1001 Syllog.
2036 953 2083 1003 p.
2142 945 2218 990 99.
2270 958 2296 981 ν
2338 964 2399 975 -
2432 942 2459 989 7
2494 941 2736 1001 ὥνθρωποι
2778 941 3113 999 Hennannus;
3151 942 3373 1005 ὤνθρωπε

1814 1008 1959 1071 Cod.;
1993 1010 2171 1059 ὀστέων
2210 1010 2361 1060 ΗοοΙι.
2407 1028 2431 1053 κ
2470 1012 2743 1072 sequentes
2778 1023 2956 1060 versus
2990 1010 3113 1060 satis
3152 1010 3367 1061 obscuri.

1813 1079 1975 1129 Verba
2000 1082 2103 1144 ipsa
2138 1094 2235 1129 non
2276 1080 2419 1130 valde
2446 1080 2677 1130 videntur
2718 1080 2985 1143 depravata
3001 1118 3014 1142 ‚
3051 1080 3139 1130 sed
3166 1081 3372 1131 fortasse

1815 1148 1929 1199 data
1955 1163 2103 1213 opera
2133 1149 2182 1199 in
2210 1164 2325 1200 eum
2350 1148 2553 1199 modum
2581 1150 2847 1213 composita
2884 1153 3029 1211 sunt,
3060 1153 3119 1200 ut
3139 1152 3369 1200 lectorem

1815 1218 2153 1281 ludificentur,
2188 1220 2290 1269 fere
2338 1223 2396 1272 ut
2423 1233 2603 1270 versus
2648 1233 2774 1283 quos
2812 1220 2993 1270 excitat
3024 1223 3203 1271 Sextus
3228 1224 3367 1285 Emp.

1814 1288 1939 1338 Adv.
1970 1302 2173 1353 gramm.
2201 1293 2244 1353 1,
2270 1296 2344 1350 13,
2368 1290 2397 1355 §
2424 1296 2515 1341 316
2534 1328 2549 1351 ‚
2569 1304 2617 1355 p.
2656 1295 2765 1351 287,
2788 1290 2876 1341 ubi
2908 1290 3159 1340 Fabricius
3190 1292 3373 1341 frustra

1814 1361 1912 1423 egit
1930 1360 2262 1425 interpretem.
2288 1381 2313 1405 n
2334 1362 2449 1411 Jac.
2470 1361 2819 1411 Boissonadius
2850 1381 2863 1410 ι
2896 1380 2919 1405 α
2948 1361 3179 1425 Reliquos
3199 1376 3374 1413 versus

1813 1430 2071 1480 Jacobsius
2114 1444 2202 1495 pro
2233 1431 2347 1481 insu
2398 1432 2705 1495 mniginatico
2740 1430 2931 1481 habuit.
2969 1434 3142 1481 Lector
3175 1432 3374 1495 quidam

1813 1499 2015 1549 videtur
2042 1504 2257 1551 mentem
2279 1513 2516 1551 versuum
2550 1500 2795 1551 divinasse
2816 1520 2830 1559 ;
2854 1514 3009 1561 quum
3040 1501 3377 1566 adscripsissct

1813 1570 2044 1621 librarius
2072 1571 2267 1621 Codicis
2301 1592 2315 1620 ι
2358 1573 2481 1629 ζήτει
2510 1574 2589 1621 τὸν
2630 1578 2739 1621 νοῦν
2776 1577 2860 1621 τοῦ
2889 1574 3261 1635 ἐπιγράμματος,
3304 1576 3375 1624 ὅτι

1813 1643 2099 1703 ἐσταλμένον
2134 1643 2263 1691 ἐστὶν
2282 1679 2295 1703 ,
2332 1640 2439 1704 ipse
2466 1641 2686 1691 notulam
2712 1641 2841 1691 hanc
2864 1643 3092 1705 opposuit
3119 1663 3131 1692 :
3156 1644 3237 1693 ἐὰν
3265 1646 3375 1705 ἔχῃς

1813 1718 1940 1772 νοῦν,
1968 1713 2056 1761 οὐκ
2088 1712 2311 1772 ἔσφαλται
2330 1750 2343 1771 ,
2374 1712 2491 1761 ἀλλὰ
2528 1716 2702 1772 nium
2728 1714 3031 1775 πεφιὶντισται.
3060 1711 3266 1776 [Manus
3301 1718 3377 1764 est

1813 1785 2125 1833 correctoris
2154 1795 2301 1845 quem
2328 1794 2461 1846 saepe
2484 1782 2871 1847 memoramus]
2901 1782 2997 1833 Sed
3020 1783 3377 1847 interpretatio-

1813 1866 1925 1902 nem
1952 1852 2092 1902 nobis
2128 1852 2319 1902 invidit.
2358 1873 2382 1896 ι»
2406 1852 2675 1902 Meinekius
2700 1867 2713 1896 ι
2752 1873 2775 1895 α
2802 1852 3034 1916 Reliquos
3065 1852 3235 1903 decem
3261 1868 3371 1903 rer-

1813 1937 1902 1973 sus
1922 1960 1935 1983 ‚
1976 1923 2063 1985 qui
2094 1936 2183 1972 nec
2213 1922 2309 1985 ipsi
2342 1922 2465 1973 bene
2513 1936 2627 1973 cum
2676 1923 2919 1987 prioribus
2966 1927 3176 1983 coeunt,
3226 1928 3277 1975 et
3311 1938 3375 1975 ex

1818 1990 2019 2041 diversis
2062 1990 2359 2041 camninibus
2398 1992 2594 2041 conflati
2646 1991 2892 2053 videntur,
2935 1995 3039 2042 Jac.
3091 1992 3375 2043 ludificandi

1811 2060 2010 2110 lectoris
2045 2073 2195 2109 causa
2234 2061 2472 2111 conflatos
2510 2075 2621 2111 esse
2648 2062 2893 2112 existimat
2918 2082 2932 2111 t
2958 2076 3130 2113 vereor
3158 2067 3216 2114 ut
3237 2064 3375 2127 justa

1813 2131 1875 2180 dc
1918 2144 2100 2189 causa;
2145 2144 2237 2181 nec
2275 2131 2451 2181 dubito
2497 2133 2617 2194 quin
2656 2133 2985 2197 sagacioribus
3022 2134 3267 2197 contingat
3316 2139 3376 2185 ut

1812 2200 2083 2251 emendatis
2127 2214 2243 2264 quoe
2288 2204 2515 2267 corrupta
2548 2207 2662 2253 sunt
2694 2204 2855 2253 omnia
2888 2204 2939 2253 in
2966 2204 3097 2254 clara
3137 2204 3247 2254 luce
3282 2218 3374 2269 po·

1811 2274 2003 2321 nantur.
2034 2290 2058 2313 υ
2079 2298 2135 2307 -
2156 2277 2186 2322 8
2204 2274 2351 2334 ὑψοῦν
2373 2274 2415 2321 τ’
2431 2274 2546 2337 ἠέρα
2564 2276 2658 2323 κάν
2679 2276 2863 2337 νεφέλας
2881 2275 3192 2323 Hermannus
3216 2276 3375 2337 (cujus

1814 2353 2020 2390 censura
2046 2341 2333 2391 Meinekiani
2354 2344 2585 2393 Deiectus
2608 2344 2657 2393 in
2686 2344 2856 2394 Annal.
2893 2344 3101 2394 Vindob.
3126 2344 3374 2408 (egerrime

1811 2424 1955 2461 careo
1970 2412 1986 2471 )
2004 2450 2017 2471 ‚
2047 2412 2284 2475 probante
2313 2414 2557 2470 fleckerm
2582 2415 2698 2477 ὕψος
2719 2415 2760 2463 τ’
2782 2416 2895 2479 ἠέρα
2920 2416 3000 2463 καὶ
3026 2417 3209 2478 νεφέλας
3229 2415 3372 2477 cod.;

1811 2482 2010 2543 ὑψοῦσθ’
2036 2482 2151 2544 ἠέρα
2179 2485 2277 2539 usic
2294 2486 2478 2539 νεφέλας
2502 2484 2727 2539 Meinek.z
2748 2487 2895 2542 ὑθλεῖς
2914 2486 2931 2547 (
2950 2486 3143 2550 yarris)
3163 2491 3275 2552 ἠέρα
3292 2490 3373 2539 καὶ

1809 2553 1996 2614 νεφέλας
2023 2552 2217 2603 Jacobs.
2258 2578 2319 2589 —
2352 2560 2400 2613 9,
2438 2559 2493 2603 10
2520 2554 2591 2604 sic
2623 2554 2742 2605 Cod.
2776 2558 2959 2607 Lucem
2992 2557 3199 2608 fortasse
3228 2570 3373 2608 acce·

1809 2622 2000 2684 pissent
2032 2622 2094 2671 ab
2130 2623 2403 2687 anaglypho
2426 2624 2467 2673 si
2500 2630 2796 2687 superesset.
2832 2628 2962 2676 Scite
2986 2627 3201 2678 Picoelos
3232 2629 3373 2692 ἀκέρ-

1810 2709 1975 2741 κιστον
2003 2694 2159 2749 λῶπος
2192 2696 2359 2743 cutem
2392 2694 2609 2757 corporis
2635 2694 2835 2744 humani
2856 2695 3221 2760 interpretatur.
3250 2700 3371 2746 Her·

1808 2762 2069 2813 mariniana
2098 2764 2147 2813 in
2176 2762 2255 2813 his
2290 2763 2515 2815 distichis
2546 2766 2799 2817 Heckerus
2838 2787 2861 2808 τι
2896 2780 3067 2829 parum
3106 2769 3375 2832 probabilia

1811 2837 1860 2884 el
1887 2834 2032 2884 valde
2057 2833 2295 2884 mirabilia
2321 2854 2345 2879 ιο
2380 2834 2583 2897 judicat.
2614 2862 2675 2872 -
2710 2841 2782 2887 11.
2812 2856 2835 2880 u
2864 2839 3135 2902 Ψαλάθριον
3156 2839 3273 2903 quid
3309 2840 3374 2892 sit

1811 2903 2108 2970 intelligetur
2139 2905 2345 2956 fortasse
2362 2945 2375 2966 ‚
2416 2907 2459 2957 si
2505 2906 2617 2970 quis
2660 2921 2827 2957 veram
2874 2909 3113 2959 rationem
3162 2912 3373 2962 nominis

1809 2975 2085 3037 ψιλὰιαννα
2131 2976 2479 3038 explanaverit.
2517 2976 2643 3027 Vide
2688 2981 2875 3042 Fragm.
2921 2980 3103 3030 Comic.
3144 2981 3242 3032 vol.
3283 2983 3372 3042 111,

1811 3058 1858 3108 p.
1888 3050 1999 3095 219.
2032 3065 2056 3088 ν
2084 3047 2247 3094 Mein.
2276 3045 2496 3097 Piccolos
2518 3047 2666 3097 vertit
2704 3048 2753 3098 lc
2778 3047 2955 3098 crdnc.
2986 3051 3215 3101 Similiter
3243 3053 3368 3102 liec-

1811 3115 1958 3164 kerus
1988 3129 2000 3158 τ
2051 3135 2073 3158 e<
2119 3115 2195 3165 Ad
2236 3117 2369 3166 nuda
2410 3131 2522 3168 ossa
2558 3118 2867 3169 referendum
2899 3121 3277 3186 ἀπεψιὶωμένον,
3318 3125 3377 3174 ut

1810 3187 2004 3250 ψϋωμα
2026 3189 2103 3236 est
2130 3189 2365 3248 corporis
2390 3202 2521 3250 pars
2550 3189 2708 3249 cujus
2730 3192 2930 3253 practer
2948 3205 3064 3242 ossa
3088 3192 3224 3243 nihil
3252 3195 3373 3244 reli·

1812 3270 1991 3319 quarn.
2025 3257 2167 3306 conf.
2208 3257 2438 3306 Herodot.
2474 3260 2555 3317 lx,
2584 3263 2662 3309 oa.
2702 3257 2839 3309 Unde
2876 3259 3007 3310 hunc
3038 3275 3234 3312 versum
3260 3275 3375 3326 pro-

1811 3323 1958 3375 babili
1982 3325 2268 3386 conjectura
2294 3327 2555 3377 restituere
2584 3329 2743 3392 possis
2773 3349 2786 3378 :

1936 3463 2035 3514 οῑόν
2052 3481 2105 3514 τε
2122 3465 2339 3529 ψιλώθρῳ
2358 3466 2711 3528 ἀπεψιλωμένον
2730 3466 2897 3516 ὀστεῦν
2910 3481 2922 3493 ·

1813 3599 1870 3647 ut
1893 3610 2011 3647 ossa
2043 3596 2290 3648 denudata
2318 3597 2562 3658 dicantur,
2602 3597 2732 3648 sicut
2770 3600 2922 3661 caput
2954 3597 3193 3662 psilothro
3229 3599 3373 3663 epila-

1810 3671 1939 3718 tum.
1966 3687 1989 3709 »
2010 3693 2072 3703 -
2102 3672 2156 3716 12
2176 3669 2359 3717 πολλῶν
2378 3667 2522 3727 Cod.‚
2540 3681 2666 3716 corr.
2693 3668 2901 3717 Meinek.
2922 3670 2973 3717 et
3004 3668 3235 3728 Bothius3
3257 3673 3373 3719 πο).-

1809 3742 1888 3790 >.ὸν
1907 3740 2034 3796 Jac.;
2056 3740 2279 3787 σκελιτοῦ
2306 3737 2449 3799 cod„
2470 3751 2596 3787 corr.
2634 3737 2802 3794 Mein..
2823 3738 2904 3786 cui
2925 3757 2948 3780 «
2980 3740 3237 3802 ἀραχναίου
3273 3754 3373 3790 cor-

1811 3809 2012 3870 ruptum
2038 3807 2249 3858 videtur.
2275 3828 2301 3852 2»
2328 3835 2390 3844 —
2420 3813 2474 3858 13
2502 3811 2532 3866 ἢ
2563 3807 2647 3858 οὖν
2689 3810 2735 3864 ἐξ
2772 3807 2914 3867 God..
2940 3821 3067 3858 corr.
3090 3810 3284 3860 Jacobs.
3312 3837 3374 3848 ·-

1816 3881 1870 3925 14
1901 3879 2006 3940 λιτῇ
2025 3877 2145 3928 Cod.
2176 3891 2207 3927 a
2233 3891 2308 3941 pr.
2336 3891 2424 3939 m.,
2444 3881 2513 3927 λει
2550 3891 2580 3927 a
2617 3881 2906 3928 correctore.
2930 3905 2993 3916 -··
3029 3885 3082 3930 15
3116 3881 3214 3929 αἰὲν
3236 3887 3375 3931 τοῦτο

1809 3947 1904 4008 νόῳ
1924 3949 2260 4007 Hermannus;
2281 3949 2379 3998 αἰὲν
2396 3949 2563 3997 τοῦτον
2582 3949 2923 4012 (superposito
2952 3968 3011 4010 ω,
3030 3953 3087 4000 ut
3105 3950 3243 4000 fieret
3267 3954 3372 4001 τού-

1809 4036 1901 4068 των
1924 4023 1939 4079 )
1960 4036 2051 4068 σωι
2084 4019 2205 4069 eod.
2230 4019 2431 4070 nonnus
2449 4021 2547 4069 αἰὲν
2577 4020 2745 4069 τούτου
2774 4020 2873 4070 ἔσει
2910 4036 3048 4083 μεμν.
3076 4048 3139 4057 -
3167 4026 3223 4072 16
3256 4027 3374 4080 ζωῆς

1809 4092 1957 4146 ὲξοίης
1974 4089 2227 4152 ἠρμὸνισας
2248 4089 2392 4149 Cod.‚
2423 4090 2613 4154 egregie
2635 4092 2909 4140 correctum
2934 4104 2963 4139 a
2994 4090 3245 4142 Meinekio.
3268 4095 3375 4142 Non

1808 4161 1937 4210 male
1971 4161 2173 4210 Botliius
2198 4179 2211 4209 :
2235 4181 2259 4202 «ι
2284 4162 2475 4224 Tropus
2508 4159 2573 4210 ab
2589 4161 2651 4211 iis
2673 4159 2760 4224 qui
2776 4161 2927 4211 sectis
2958 4161 3159 4211 calamis
3178 4160 3373 4211 fistulas

1809 4231 2177 4294 componebant.
2206 4251 2232 4275 a·

1871 4373 1947 4420 Ex
1962 4373 2099 4421 tanta
2118 4371 2467 4422 difficultatum
2486 4372 2727 4422 densitate
2743 4372 2983 4436 respirare
3016 4371 3375 4434 aliquantillum

1812 4458 1973 4494 annon
1994 4444 2181 4504 juverit
2203 4445 2445 4494 lectores?
2480 4443 2687 4492 audiant
2713 4443 2982 4506 elegantem
3012 4441 3234 4492 criticum
3264 4442 3375 4493 Pic-
3400 4505 3409 4514 ⁸

1811 4515 1951 4564 colon
1978 4512 2041 4564 ‹le
2063 4515 2157 4563 hoc
2181 4515 2328 4577 epigr.
2353 4513 2697 4572 disserentem,
2718 4527 2767 4576 p.
2794 4518 2931 4563 33-7.
2960 4512 3245 4573 Leonidas,
3268 4527 3376 4563 mo-

1812 4585 1999 4634 raliste
2025 4583 2091 4633 de
2122 4585 2177 4635 la
2208 4585 2376 4634 bonne
2404 4584 2570 4643 ceole,
2592 4582 2795 4634 n'avait
2813 4597 2915 4647 pas
2937 4597 3042 4634 une
3072 4581 3236 4635 haute
3256 4589 3373 4650 opi—

1769 4674 1772 4726 3
1812 4658 1935 4704 mon
1988 4655 2054 4705 de
2088 4655 2143 4705 la
2182 4653 2517 4720 philosophie
2554 4655 2877 4717 speculative
2918 4654 2985 4705 de
3036 4668 3133 4706 son
3177 4658 3373 4720 temps,-

1814 4729 2012 4775 te‘moe’n
2033 4729 2166 4774 celte
2203 4725 2529 4788 e'piqramme
2560 4725 2856 4788 spirituclle
2879 4727 3010 4790 qu’il
3040 4739 3076 4776 a
3108 4729 3377 4790 compesce

1813 4799 1999 4846 contre
2027 4795 2101 4844 les
2134 4793 2492 4858 astroloques,
2521 4797 2609 4854 lx,
2630 4808 2708 4856 ep.
2735 4799 2813 4845 80.
2858 4799 2937 4846 Un
2964 4798 3128 4858 espra't
3156 4794 3223 4845 de
3244 4799 3377 4845 cette

1817 4871 2020 4930 trempe
2053 4867 2348 4930 potaverit-il
2374 4866 2521 4931 faire
2557 4865 2717 4930 qrdcc
2762 4867 2795 4916 ὰ
2833 4866 3146 4916 Phar-monte
3190 4867 3377 4918 celeste

1819 4939 1908 4988 des
1944 4941 2403 5002 pyracmon-iciam,
2445 4951 2562 4988 aux
2602 4942 3019 5002 extravaqances
3048 4938 3113 4987 de
3156 4939 3213 4990 la
3247 4937 3375 5002 phy-

205 5005 334 5056 Versu
370 5013 397 5059 7
429 5023 554 5060 nova
597 5012 770 5075 pagina
799 5011 995 5061 Codicis
1021 5011 1222 5074 incipit,
1261 5012 1308 5060 iu
1336 5012 1475 5072 cujus
1512 5011 1728 5073 margine
1771 5006 1775 5052 ἶ
1815 5013 1989 5070 sique,
2016 5008 2081 5057 dc
2123 5009 2179 5058 Ia
2214 5007 2583 5072 meteoroloqie
2608 5009 2673 5058 de
2711 5022 2805 5058 son
2848 5008 3057 5072 temps?
3098 5013 3217 5059 Non
3249 5021 3377 5058 sans

200 5079 418 5140 §superiore
447 5080 622 5131 iterum
663 5085 890 5132 monetur
923 5103 934 5131 :
977 5083 1044 5132 ἔτι
1085 5083 1186 5133 ἔστι
1215 5085 1266 5132 τὸ
1307 5083 1573 5145 ἐπίγραμμα
1611 5081 1728 5145 μετὰ
1814 5079 2250 5142 ‹10111052-ou1ant
2280 5092 2511 5142 protiven·
2539 5078 2595 5131 Ia
2622 5081 2802 5131 canuc
2832 5079 2921 5132 des
2948 5079 3123 5130 choses
3160 5077 3373 5130 hainao·-
