3829 5747
443 166 561 227 498

445 298 500 347 ἐκ
527 302 612 347 τοῦ
632 298 855 359 γάλακτος
879 302 924 349 οἱ
948 298 1156 362 ποιμένες
1198 298 1492 361 προσέφερον.
1524 329 1582 340 -
1611 304 1667 350 10
1690 300 1786 357 οἶος
1809 302 1860 350 et
1883 301 1999 351 ἀνα-

444 372 686 433 σχώμενος
717 370 897 419 Codex.
926 370 1176 419 Heckerus
1206 389 1227 411 «ι
1258 370 1549 431 conjecturae
1573 374 1738 421 certus
1764 390 1790 413 a»
1811 372 2000 435 reponit

447 444 587 502 μαζὸν
626 444 998 505 ἐπισχόμενος,
1037 441 1204 489 multis
1245 441 1478 504 exemplis
1516 445 1816 492 constantem
1851 456 1997 492 usum

443 510 681 573 probans,
711 510 776 560 de
804 509 1068 559 ”ratribus
1103 509 1300 571 quidem
1334 523 1449 571 quae
1477 510 1627 560 ubera
1668 512 1912 574 praebent;
1948 513 2000 560 at

445 583 689 632 tumulum
715 593 1003 644 aspersurus
1029 583 1195 643 pastor
1235 579 1460 642 papillam
1506 582 1748 645 ἁνέχεται,
1797 582 1963 631 elevat
1981 617 1996 638 ,

417 652 578 714 quod
601 664 688 715 per
719 652 882 715 jocum
935 650 1092 699 facere
1133 649 1302 699 videas
1339 650 1539 699 seminas
1583 652 1880 715 mulgenteS‚
1913 651 1999 700 ubi

445 723 833 786 appropinquant
849 721 1056 770 infantes
1075 724 1166 771 aut
1194 720 1468 771 familiares.
1493 749 1556 757 —
1577 726 1626 771 11
1655 723 1837 786 κρηπῖδ’
1854 722 1996 783 cod„

443 793 598 855 Plan„
619 805 744 841 corr.
768 792 932 853 steph.
956 822 1016 831 —
1041 796 1113 840 12.
1137 794 1242 840 Jac.
1276 792 1468 841 confert
1506 793 1691 841 Horatii
1720 806 1916 842 carmen
1949 792 1999 841 in

442 862 720 925 Archytam,
742 876 791 911 ν.
812 869 870 913 25
891 876 1027 925 seqq.
1049 892 1112 902 —
1135 861 1259 910 Huic
1283 862 1615 925 epigrammati
1637 862 1688 911 in
1705 862 1885 913 codice
1909 862 1996 911 ad·

442 932 596 983 haeret
613 932 826 996 primum
845 930 1088 983 distichon
1107 932 1356 994 sequentis
1383 946 1458 995 ep.

505 1081 764 1129 Dcnvm.
786 1082 986 1129 Lemma
1004 1092 1016 1121 τ
1041 1081 1104 1135 είς
1119 1080 1456 1143 Εὐρυμέδοντος
1474 1079 1616 1137 τάφον
1633 1080 1792 1141 ἀνδρὸς
1805 1079 1998 1140 ἀγαθοῦ,

446 1150 496 1207 ὃς
531 1153 632 1199 υίὸν
667 1152 912 1212 ὁμώνυμον
953 1151 1122 1199 λείπων
1159 1152 1295 1212 ἔτυχε
1333 1156 1416 1199 τοῦ
1442 1151 1585 1200 αὐτοῦ
1621 1150 1783 1210 τάφου.
1823 1168 1846 1189 α
1878 1151 2001 1206 Quae

445 1224 690 1283 postrema
713 1220 862 1270 verba
898 1220 960 1270 ad
999 1234 1208 1283 sequens
1243 1221 1540 1284 epigramma
1576 1220 1848 1284 pertinent3
1879 1233 1937 1269 ac
1959 1220 2001 1269 si

443 1304 558 1341 vere
577 1291 708 1342 dicta
730 1294 868 1353 sunt,
889 1304 1035 1341 versu
1071 1291 1291 1340 seeundo
1310 1296 1405 1353 (ep.
1427 1294 1536 1353 659)
1567 1305 1654 1354 pro
1691 1294 1846 1353 ἔτυχες
1868 1291 1997 1353 lege-

443 1361 590 1412 batur
626 1364 806 1426 ἔτυχεν.
845 1361 924 1411 Sic
961 1364 1236 1425 permutata
1283 1363 1446 1424 ἔλαχεν
1475 1365 1524 1412 et
1570 1363 1730 1423 ἔλαχες
1765 1374 1841 1423 ep.
1879 1369 1997 1419 665ς

443 1430 614 1493 ἐξεῦρεν
635 1433 687 1480 et
709 1432 882 1493 ἐξεῦρες
908 1444 984 1493 ep.
1008 1435 1116 1480 685.
1143 1434 1203 1481 Et
1222 1431 1292 1480 sic
1316 1431 1511 1493 soepius.
1536 1452 1558 1473 ›-
1581 1432 1641 1479 B.
1669 1434 1725 1480 ln
1749 1428 1927 1479 Codice
1946 1432 2002 1479 ut

445 1499 656 1562 primum
673 1498 820 1561 hujus
846 1513 922 1563 ep.
955 1498 1196 1549 distichon
1226 1499 1518 1564 praecedenti
1562 1498 1796 1559 adhaesit,
1821 1498 1892 1548 sic
1927 1500 1997 1548 al-

443 1570 604 1617 terum
627 1582 738 1617 cum
757 1568 982 1631 sequenti
999 1582 1076 1632 ep.
1090 1570 1214 1618 male
1233 1570 1512 1633 copulatum
1528 1571 1616 1618 est.
1633 1571 1738 1617 Hoc
1751 1572 2001 1620 auctorem

442 1637 684 1690 lemmatis
711 1641 758 1689 in
791 1642 1006 1689 errorem
1039 1639 1248 1689 induxit.
1295 1644 1350 1691 ln
1398 1639 1665 1703 appendice
1695 1640 1828 1689 Plan.
1867 1644 2001 1689 recte

443 1710 824 1773 distinguuntur.
852 1713 973 1760 Sunt
999 1712 1127 1759 enim
1155 1710 1347 1760 diversa
1375 1711 1747 1773 epigrammata,
1775 1711 2001 1773 quamvis

444 1782 601 1831 eidem
629 1782 768 1844 cippo
789 1782 1042 1843 insculpta.
1071 1783 1182 1830 Iac.
1214 1780 1355 1831 cons.
1378 1782 1581 1831 Hecker.
1607 1784 1646 1837 1,
1671 1795 1720 1843 p.
1753 1787 1857 1832 101.
1879 1782 1999 1833 Mei·

442 1851 550 1899 nck.
580 1864 627 1913 p.
662 1856 747 1900 153
776 1872 788 1899 :
815 1872 839 1894 «ι
871 1850 1060 1912 Reliqui
1089 1850 1196 1899 haec
1221 1850 1350 1901 inter
1374 1852 1685 1911 Theocritea,
1703 1865 2001 1915 quamquam

443 1921 626 1971 rectius
653 1922 856 1970 sortasse
880 1921 1104 1970 Leonidas
1120 1920 1325 1971 tribuas.
1355 1942 1379 1964 ι»
1401 1951 1457 1962 -
1486 1929 1504 1970 1
1535 1923 1688 1983 νέμοις
1707 1922 1848 1983 cod..
1870 1937 1997 1972 corr.

441 1992 732 2054 Stephanus.
759 1992 818 2041 'li
844 2005 931 2054 pro
959 1994 988 2050 ἢ
1013 1992 1072 2039 εἰ.
1099 2020 1160 2031 -
1189 1998 1215 2041 2
1241 1991 1361 2053 ἔχεις
1388 1991 1636 2041 Theocriti
1655 1990 1779 2041 libri.

503 2148 704 2197 DCLIX.
742 2144 866 2195 vide
885 2145 948 2195 ad
964 2158 1041 2209 ep.
1063 2145 1358 2209 praecedens..
1381 2152 1470 2210 Ap.
1492 2147 1679 2210 steph„
1697 2148 2001 2198 Brunckium

442 2221 494 2269 et
515 2218 563 2267 in
591 2216 878 2277 Theocrito,
903 2230 983 2280 ep.
1015 2216 1216 2266 dubium
1254 2223 1310 2267 19
1338 2216 1416 2267 ed.
1448 2217 1672 2278 Ahrcns.,
1700 2218 1868 2269 dorica
1891 2218 1999 2268 dia-

442 2289 572 2338 lecto
609 2290 914 2351 conceptum.
936 2315 997 2323 —
1022 2292 1042 2336 1
1065 2288 1221 2346 ἠλιιιίη
1242 2287 1362 2337 Cod.
1384 2315 1445 2324 —
1465 2293 1493 2337 3
1513 2289 1589 2337 σοί
1619 2306 1701 2351 μεν
1729 2289 1870 2347 Cod.;
1899 2290 1999 2353 μετ’

443 2360 634 2423 ἀνδράσι
657 2357 822 2421 steph.
846 2384 910 2393 -—
927 2362 957 2407 4
981 2358 1054 2407 sic
1075 2357 1196 2407 Cod.

505 2508 684 2556 Dch.
719 2509 917 2556 Lemma
949 2526 960 2555 ι
998 2508 1063 2559 εἷς
1089 2506 1305 2569 Ὄρθωνα
1323 2507 1402 2555 τὸν
1436 2506 1720 2569 Συρακόσιον
1744 2498 1836 2554 ὑπὸ
1859 2506 1998 2564 μέθης

443 2578 491 2626 ἐν
513 2578 806 2639 δυσχειμέρῳ
848 2577 978 2625 νυκτὶ
1021 2576 1288 2635 τεθνηκότα.
1332 2580 1390 2627 111
1434 2577 1694 2627 Planudeae
1737 2576 2000 2639 appendice

447 2647 715 2697 Theocrito
743 2647 1016 2706 tributum,
1040 2646 1248 2696 sortasse
1270 2646 1335 2696 ob
1363 2648 1662 2711 Συρακόσιον.
1692 2665 1715 2688 «
1743 2646 1867 2696 Vide
1891 2660 2001 2697 mea

440 2717 506 2767 ad
549 2718 752 2767 Theocr.
783 2716 932 2781 epigr.
963 2720 992 2765 8
1018 2717 1133 2767 edit.
1166 2731 1263 2767 sec.
1295 2737 1320 2760 ιι
1353 2720 1412 2766 Β.
1449 2720 1534 2765 Est
1559 2719 1610 2766 et
1638 2716 1688 2764 in
1727 2716 2001 2765 recentibus

443 2786 586 2838 codd.
629 2788 901 2848 Theocriti,
929 2801 1141 2851 quorum
1184 2788 1468 2837 varietatem
1506 2782 1657 2836 hahes
1683 2798 1759 2849 ap.
1796 2785 1999 2836 AhrenS.

442 2873 494 2924 p.
529 2864 630 2910 172.
653 2888 714 2896 —
732 2860 855 2922 21³0:
884 2858 1228 2910 Boissonadius
1259 2871 1371 2909 cum
1391 2858 1635 2908 Schael‘ero
1655 2859 1706 2907 et
1731 2856 1809 2906 ed.
1839 2858 1999 2921 Junt.,

442 2931 494 2978 et
515 2929 688 2992 probat
712 2929 917 2982 Meinek.
939 2943 985 2992 p.
1009 2934 1090 2990 ⁴33
1109 2942 1222 2978 nam
1249 2929 1420 2994 ἐφετμὴ
1439 2929 1543 2988 est,
1569 2939 1663 2976 non
1687 2927 1818 2988 εὐχή.
1849 2928 1999 2989 Lege-

440 2999 589 3049 batur
631 3001 736 3056 ἱοις.
780 3003 838 3050 111
893 2999 1138 3050 Grotianis
1185 2999 1406 3061 sphalma
1453 3010 1562 3048 esse
1615 2996 1814 3046 videtur
1855 3010 1945 3060 pro
1988 3017 1999 3046 ι

447 3093 473 3114 ι
502 3072 574 3119 Ne
598 3083 700 3135 quo
719 3074 877 3121 nocte.
911 3091 934 3114 υ
957 3095 1015 3108 —
1043 3076 1090 3122 3.
1125 3089 1148 3114 κ
1173 3072 1356 3129 Πολλῆς
1379 3083 1475 3118 11011
1507 3070 1630 3132 puto
1654 3067 1772 3116 ferri
1793 3081 1951 3129 posse.
1976 3087 2000 3111 υ

449 3144 610 3192 Mein.
641 3155 690 3204 p.
736 3147 841 3192 130.
887 3141 1081 3192 Jacobs.
1125 3141 1508 3205 amplissimam
1535 3138 1916 3200 interpretatus,
1954 3138 2002 3187 in

445 3212 572 3263 Add.
604 3212 843 3275 probabat
879 3214 1079 3274 πότνης,
1113 3211 1174 3262 ab
1201 3211 1392 3261 Reiskio
1427 3209 1758 3272 propositum3
1797 3207 2002 3257 aliorum

444 3287 650 3334 conatus
696 3282 879 3347 indigni
918 3284 1006 3346 qui
1039 3283 1330 3332 reserantur.
1365 3281 1520 3331 Boiss.
1560 3278 1740 3330 delevit
1781 3278 1916 3342 quod
1954 3278 2005 3328 in

446 3357 662 3404 mentem
687 3355 889 3403 venerat
917 3353 1016 3402 ἀντὶ
1035 3353 1078 3401 δ’
1097 3352 1314 3402 ἐπόλὸου.

509 3503 716 3550 Dchl.
747 3503 946 3550 Lemma
983 3520 996 3549 ι
1025 3502 1090 3556 εἰς
1127 3496 1359 3557 Εὖσθὲνην
1387 3499 1465 3548 τὸν
1497 3499 1866 3560 φυσιογνώμωνα
1895 3498 2002 3560 (sic)
2046 3495 2052 3566 Ι

446 3575 526 3620 nai
551 3572 790 3630 σοφιστήν.
811 3573 916 3621 Hoc
932 3583 1128 3633 quoque
1154 3567 1425 3620 Theocrito
1451 3569 1736 3631 inscriptum
1756 3569 1803 3616 in
1824 3581 2003 3631 appen-

446 3641 555 3690 dice
581 3641 859 3691 Planudeae.
889 3660 913 3683 α
940 3639 1065 3690 Vide
1083 3653 1194 3690 mea
1219 3638 1283 3689 ad
1305 3639 1508 3689 Theocr.
1537 3638 1688 3702 epigr.
1714 3642 1785 3688 11,
1809 3657 1833 3680 22
1862 3639 1924 3685 B.
1952 3667 2001 3679 .-

447 3718 493 3762 2.
530 3731 552 3752 1«
578 3711 676 3762 Ἀπ’
697 3712 953 3773 ὀφθαλμοῦ.
973 3713 1134 3759 Unum
1163 3711 1283 3760 artis
1309 3711 1490 3759 fontem
1515 3712 1654 3770 poeta
1682 3707 1896 3766 indicat,
1924 3720 2002 3755 re·

445 3781 591 3844 liquis
617 3782 808 3832 omissis
837 3802 849 3830 :
879 3795 991 3830 nam
1015 3796 1075 3831 ex
1101 3781 1326 3831 omnibus
1348 3778 1566 3843 corporis
1597 3777 1818 3842 partibus
1846 3776 1914 3826 illi
1942 3775 2006 3825 de

446 3851 656 3902 hominis
681 3856 851 3904 natura
875 3855 922 3902 et
944 3850 1104 3901 indole
1127 3851 1434 3910 statuebant3
1459 3850 1570 3899 vide
1595 3849 1794 3898 Aristot.
1815 3847 1864 3897 in
1885 3852 2006 3898 Ana·
2047 3868 2052 3905 ς

445 3921 609 3984 lyticis
635 3922 779 3985 prior.
805 3924 869 3980 ΙΙ,
893 3924 969 3971 28.
995 3941 1019 3964 ι»
1046 3924 1158 3970 Jac.
1187 3945 1248 3956 -—
1266 3925 1294 3970 3
1321 3923 1488 3984 ἔθαψεν
1523 3918 1665 3977 God.,
1697 3917 2005 3980 superposito

449 4009 498 4041 α.
521 3998 630 4041 -4
659 3994 938 4054 χυμνοθὲτας
984 3992 1139 4046 αὐτοῖς
1184 3991 1435 4054 δαιμονίοις
1469 4007 1516 4050 φ.
1556 3988 1740 4038 Codex.
1779 3986 2007 4036 Nonnulli

445 4062 563 4112 olim
591 4063 894 4125 χύμνοθέτῃς,
921 4061 1052 4124 quod
1078 4061 1150 4111 sic
1185 4061 1452 4124 explicabat
1495 4059 1721 4109 Heinsius
1747 4079 1760 4107 ι
1790 4078 1813 4101 «
1849 4057 2008 4108 Etiam

447 4133 567 4197 ipsis
589 4134 747 4196 poetis
767 4132 834 4182 ibi
861 4137 1008 4183 notus
1038 4135 1142 4182 erat
1180 4135 1232 4182 et
1272 4135 1503 4194 acceptus
1517 4169 1530 4190 ,
1562 4145 1590 4180 a
1615 4130 1795 4192 quibus
1837 4131 2008 4192 postea

448 4204 721 4267 epicedium
771 4203 966 4252 meruit.
991 4223 1015 4245 υ
1047 4205 1102 4252 111
1140 4204 1260 4252 vett.
1299 4201 1410 4251 edd.
1449 4199 1694 4250 Theocriti
1738 4201 2003 4260 δαιμονίως.

447 4275 717 4324 Brunckius
736 4275 1013 4337 χύμνοθὲτῃς
1028 4273 1182 4329 αὐτοῖς
1199 4274 1448 4333 δαιμονίως
1467 4271 1592 4332 φίλος
1606 4270 1688 4330 ἦν,
1703 4271 2006 4332 postremum

448 4345 594 4395 etiam
631 4344 680 4394 in
713 4343 914 4394 novitiis
940 4342 1078 4393 libris
1113 4341 1381 4401 Theocriti,
1412 4341 1498 4402 qui
1537 4355 1625 4404 pro
1669 4341 1796 4400 δαιμ.
1826 4339 2007 4389 habent

447 4417 624 4478 ἀλίμων
643 4419 731 4476 ὡς,
757 4427 918 4465 errore
942 4427 1003 4463 ex
1027 4412 1299 4463 uncialibus
1320 4415 1446 4462 orto.
1474 4411 1628 4461 Boiss.
1653 4409 1895 4459 scribebat
1918 4429 1930 4460 :

573 4557 856 4618 χὺμνρθέτῃς
881 4555 1056 4609 αὐτὸς
1083 4553 1332 4615 δαιμονίως
1356 4553 1483 4614 φίλος
1507 4555 1652 4616 ὢν...,

450 4839 556 4886 tur·
587 4833 832 4883 Heckerus
874 4832 1032 4894 ipsum
1069 4831 1395 4894 inscriptionis
1424 4834 1614 4895 poetam
1641 4829 1902 4880 Leonidam
1932 4831 2004 4878 in-

451 4905 652 4968 telligit,
673 4923 694 4946 a
723 4903 808 4966 qui
825 4901 1086 4952 Eusthenis
1104 4901 1346 4952 sodalium
1367 4901 1618 4951 familiaris
1633 4905 1737 4950 erat
1754 4903 1804 4950 et
1819 4900 2006 4949 amicus

451 4977 546 5042 ipsi
567 4973 818 5028 Eustheni.
844 4975 964 5023 Nam
997 4973 1230 5036 proestare
1257 4972 1449 5022 videtur
1472 4973 1627 5034 αὐτῷ,
1659 4971 1834 5022 collato
1863 4971 2009 5019 Hero-

1551 167 2055 231 ANTIIOLOGIAE
2102 169 2502 232 PALATINAE

2087 301 2203 352 doio
2226 306 2333 364 vll,
2368 310 2458 355 228
2483 324 2495 353 t
2519 304 2573 353 τὸ
2602 304 2653 353 δὲ
2686 309 2771 354 τοῦ
2800 304 2987 367 μάντιος
3019 305 3285 369 Μεγιστίεω
3321 310 3569 369 Σιμωνίδης
3612 316 3645 360 ὁ

2088 374 2392 437 Αεωπρὲπεὸς
2416 376 2514 423 ἐστι
2541 374 2662 422 κατὰ
2688 374 2853 431 ξεινίην
2874 377 2901 425 δ
2918 377 3191 439 ἐπιγράψας.
3216 398 3238 419 ³·
3260 379 3383 427 Cum
3402 380 3645 430 Ahrensio

2087 444 2245 506 recepi
2286 443 2466 494 Reiskii
2513 444 2842 506 coniecturam
2887 446 2934 495 ἐν
2971 452 3067 502 τοῖς
3110 461 3199 511 pro
3234 448 3420 509 αὐτοῖς,
3443 451 3647 499 traditis

2086 510 2311 562 ductibus
2336 516 2515 576 praeter
2536 513 2653 565 alias
2677 515 2964 577 proximam.
2988 542 3048 553 -—
3068 524 3095 567 5
3127 519 3313 566 πάντων
3339 520 3402 567 ὧν
3429 520 3645 571 ἐπέοικεν

2086 582 2183 646 ἔχει
2200 586 2389 641 τεθνεὼς
2415 584 2557 646 cod.,
2587 585 2720 647 quod
2747 587 2935 649 egregie
2960 588 3170 638 correxit
3199 588 3647 655 Α11101131118,ἐχειν

2086 654 2345 719 Briggsius.
2394 655 2662 719 Legebatur
2700 670 2762 707 ex
2807 659 2977 707 Aurati
3034 658 3313 719 conjectura
3352 662 3523 711 πάντων
3571 664 3647 711 ὧν

2087 725 2267 775 ἐπέοικε
2296 726 2448 789 τύχεν·
2474 729 2664 781 τεθνεὼς
2696 732 2723 777 ὁ
2756 745 2922 789 σοφὼ.
2949 729 3042 792 εἶχ’
3061 729 3149 789 ἄρα
3180 732 3311 787 aas..
3348 730 3437 780 hac
3461 732 3647 783 distin-

2086 794 2272 855 ctione,
2298 808 2447 858 quam
2474 797 2621 847 etiam
2650 797 2696 845 in
2724 798 2909 848 ultima:
2946 812 3125 849 manus
3152 801 3373 863 exemplo
3396 806 3523 853 tenet
3548 807 3648 853 Ja-

2086 864 2308 927 cobsiuS,
2350 865 2511 929 priora
2552 882 2682 917 nunc
2728 883 2844 918 cum
2882 871 3118 920 wartono
3162 870 3377 921 scribens
3417 874 3547 922 πάντ’
3574 874 3648 922 ὧν

2088 938 2153 985 ὧν
2173 938 2379 987 ἐπέοικεν
2398 938 2513 1000 ἔχει,
2533 940 2681 1001 atque
2698 939 2767 988 ita
2792 939 3134 991 Boissonadius
3160 955 3383 1004 quoque,
3412 944 3492 992 sed
3528 944 3641 993 dis-

2085 1006 2313 1071 tinguens
2340 1010 2452 1072 post
2476 1010 2716 1073 σοφιστής.
2750 1010 2996 1062 Heclerus
3021 1032 3033 1059 :

2210 1148 2399 1198 πάντων
2421 1149 2463 1199 δ’
2491 1150 2557 1198 ὧν
2579 1151 2753 1201 inlota·
2775 1150 2827 1199 εὖ
2852 1152 2949 1215 ἔχει
2974 1154 3166 1209 τεθνεὼς
3190 1154 3219 1201 ὁ
3243 1155 3491 1215 σοφιστής.

2088 1287 2220 1349 quod
2247 1288 2486 1338 similibus
2522 1291 2727 1341 aliorum
2748 1292 3001 1353 poetarum
3032 1290 3152 1339 locis
3188 1289 3311 1339 bene
3338 1292 3516 1349 tuetur,
3558 1306 3645 1342 se-

2089 1360 2343 1420 quentium
2358 1358 2449 1421 εἶχ’
2465 1362 2556 1423 ἄρα
2574 1373 2771 1424 prorsus
2790 1360 3175 1424 negligens,quae
3190 1359 3285 1409 illis
3297 1372 3389 1409 nec
3402 1361 3651 1424 eleganter

2090 1442 2179 1478 nec
2218 1433 2329 1493 apte
2356 1430 2771 1493 subjiciuntur.—
2798 1440 2845 1481 6.
2882 1452 2904 1474 ‹-
2942 1432 3151 1486 Ἀκικυς.
3182 1430 3317 1492 quod
3358 1430 3647 1494 plerumque

2090 1499 2307 1549 debilem
2335 1501 2602 1564 significat,
2622 1502 2717 1550 hoc
2732 1502 2847 1551 ⁴loeo
2878 1501 2941 1550 de
2965 1501 3159 1551 homine
3196 1496 3372 1563 opibus
3408 1500 3651 1550 destituto

2090 1570 2241 1634 accipi
2282 1570 2443 1621 debet.
2490 1574 2759 1621 memoratu
2794 1571 2995 1633 dignum
3034 1569 3293 1620 videbatur
3326 1572 3507 1633 poetas,
3540 1574 3649 1619 Eu-

2088 1639 2312 1690 sthenem
2336 1640 2642 1704 peregrinum
2666 1644 2717 1690 et
2737 1640 2911 1703 opibus
2936 1640 3083 1689 nullis
3106 1639 3335 1689 habuisse
3354 1639 3536 1688 amicos
3554 1640 3647 1701 qui

2089 1724 2201 1760 eum
2222 1724 2317 1760 non
2336 1724 2478 1761 secus
2499 1725 2556 1760 ac
2574 1710 2897 1761 necessarium
2918 1710 3128 1759 colerent
3150 1725 3165 1760 ε
3189 1712 3325 1758 tanta
3340 1708 3445 1769 ejus
3466 1709 3644 1758 virtus.

2089 1781 2367 1844 Elegantem
2412 1786 2575 1831 tamen
2613 1781 2797 1833 Heinsii
2823 1780 2899 1830 vel
2942 1780 3105 1830 Huetii
3132 1781 3457 1843 conjecturam
3488 1782 3649 1835 ἄοικος

2087 1851 2356 1913 probarunt
2398 1851 2743 1909 Valckenarius
2758 1890 2771 1910 ,
2811 1850 3081 1900 Brunckius
3122 1853 3174 1900 et
3216 1850 3323 1907 alii,
3354 1850 3481 1898 inter
3518 1864 3649 1913 qnos

2088 1922 2304 1985 Toupius
2340 1941 2353 1971 ι
2388 1941 2411 1964 a
2451 1922 2581 1971 Dicit
2623 1921 2887 1985 sophistam
2903 1959 2915 1977 ,
2943 1921 3037 1969 etsi
3064 1934 3159 1969 non
3202 1932 3404 1969 uxorem
3436 1919 3649 1969 habebat

2088 2006 2180 2041 nec
2205 1992 2383 2042 liberos
2404 1995 2491 2043 aut
2508 1992 2829 2057 propinquos,
2852 1991 3081 2041 habuisse
3103 1993 3267 2040 tamen
3282 1990 3367 2053 qui
3388 1990 3650 2052 exsequias

2088 2075 2204 2111 suas
2228 2064 2471 2111 curarent.
2499 2082 2525 2106 ι»
2556 2064 2669 2112 .1αο.
2695 2063 2773 2111 Sic
2806 2062 2954 2111 etiam
2984 2062 3287 2111 Hermannus
3324 2063 3375 2110 et
3400 2062 3600 2109 Becker.
3632 2080 3643 2106 :

2092 2152 2114 2174 n
2144 2131 2341 2183 videtur
2365 2132 2492 2182 enim
2516 2132 2627 2181 exul
2655 2132 2805 2182 fuisse
2832 2132 3121 2181 Eusthenes.
3155 2150 3180 2176 ν
3208 2133 3409 2180 Temere
3447 2130 3489 2179 si
3526 2130 3647 2192 quid

2090 2201 2396 2264 corriguntur
2417 2201 2532 2250 talia
2562 2220 2575 2249 z
2602 2214 2714 2250 nam
2738 2201 2997 2251 manifesto
3026 2201 3281 2264 respicitur
3302 2199 3367 2249 ad
3391 2200 3569 2261 Odyss.
3594 2203 3643 2253 i,

2089 2277 2196 2331 515,
2218 2271 2442 2335 Cyclopis
2468 2284 2529 2321 ex
2552 2272 2753 2333 antiquo
2779 2271 3007 2319 vaticinio
3038 2272 3261 2333 querelas
3288 2270 3351 2320 de
3372 2270 3531 2330 Ulixe,
3558 2270 3643 2333 qui

2088 2355 2185 2390 non
2217 2344 2359 2403 μέγας
2394 2344 2473 2391 καὶ
2507 2342 2675 2402 καλὸς,
2701 2342 2787 2391 sed
2810 2343 2902 2391 ἐὼν
2934 2342 3088 2403 ὀλίγος
3120 2359 3171 2391 τε
3201 2343 3280 2391 καὶ
3302 2342 3537 2397 οὐτιδανὸς
3566 2345 3645 2389 καὶ

2088 2418 2302 2468 ἄκικυς
2330 2410 2597 2475 perdiderit
2628 2412 2805 2475 ipsum.
2834 2410 3213 2461 Accommodate
3238 2410 3429 2460 dictum
3453 2411 3516 2460 ad
3542 2412 3642 2459 Eu-

2088 2484 2277 2536 sthenis
2311 2496 2565 2547 personam
2579 2520 2592 2542 ,
2614 2486 2674 2532 ut
2710 2482 2957 2545 probabile
2992 2483 3070 2531 oet
3083 2518 3097 2540 ,
3134 2482 3309 2545 plausu
3345 2482 3649 2546 excipiebant

2090 2554 2281 2606 sodales
2305 2566 2420 2603 cum
2445 2552 2560 2601 vivo
2582 2552 2789 2609 versatu
2812 2550 2957 2601 hodie
2981 2549 3137 2600 critici
3162 2551 3424 2614 expellunt.

2150 2709 2378 2759 Dchu.
2395 2710 2593 2757 Lemma
2618 2708 2709 2763 ιείς
2732 2707 2875 2756 παῖδα
2900 2708 3179 2768 Περιστὲραν
3202 2704 3487 2765 καλουμένην
3505 2706 3644 2753 ἐπτέ-

2088 2798 2171 2837 την
2219 2780 2261 2840 (-
2282 2780 2373 2840 τιν)
2419 2778 2777 2835 τελευτήσασαν·
2822 2778 2876 2825 τὸ
2918 2777 2969 2824 δὲ
3004 2778 3269 2836 περιστερᾶς
3309 2774 3397 2835 (sic
3434 2776 3645 2833 Paulss.;

2089 2850 2334 2914 περιστὲρα
2359 2861 2523 2912 apogr.
2546 2848 2713 2905 Salm.;
2745 2848 3003 2908 Περιστερὶς
3027 2844 3303 2906 110158.)θῆ
3327 2844 3492 2908 μητρός
3519 2848 3647 2894 ἐστιν

2090 2921 2252 2981 ὄνομα.
2294 2938 2318 2960 α
2348 2916 2617 2966 Theocrito
2638 2915 2812 2966 tribuit
2837 2915 3119 2964 scholiastes
3146 2912 3364 2963 Wechel.
3396 2933 3421 2957 ν
3459 2915 3520 2962 Β.
3550 2916 3644 2962 Le-

2091 2991 2218 3054 gitur
2230 2989 2279 3039 in
2293 2989 2542 3038 codicibus
2554 2987 2751 3036 novitiis
2767 2987 3027 3036 Theocriti.
3043 2988 3099 3035 ln
3110 2985 3322 3049 puellam
3341 2985 3643 3047 septennem,

2044 3075 2051 3122 ι
2092 3061 2254 3110 {ratris
2279 3059 2449 3110 bimuli
2484 3058 2725 3108 desiderio
2750 3057 3056 3107 exstinctam.
3080 3081 3142 3092 --
3170 3061 3196 3104 2
3224 3055 3394 3111 πολλῆς
3434 3052 3559 3103 cod.
3598 3059 3649 3103 et

2092 3149 2162 3192 γρ.
2198 3131 2248 3180 111
2288 3145 2437 3194 marg.
2468 3129 2661 3186 Wech.;
2694 3131 2855 3188 πολιῆς
2888 3129 3039 3187 Plan„
3077 3130 3129 3176 et
3163 3124 3233 3174 sic
3270 3124 3483 3174 Grotius.
3518 3145 3543 3167 α
3580 3128 3648 3174 Ex

2092 3203 2263 3268 graecis
2287 3203 2451 3252 verbis
2478 3202 2556 3250 vix
2583 3200 2766 3250 efficias
2788 3198 2999 3250 Jacobsii
3024 3197 3465 3260 interpretationem
3500 3215 3516 3244 ε
3555 3197 3644 3246 diu

2098 3275 2224 3323 ati-te
2270 3285 2429 3336 quam
2473 3285 2571 3334 per
2603 3273 2809 3320 nalurcc
2860 3271 3000 3332 loyes
3035 3271 3082 3318 ei
3125 3264 3459 3316 moriendum
3498 3269 3643 3315 esset.

2093 3343 2380 3406 suspicabar
2420 3343 2578 3402 πολλῷ
2621 3341 2667 3402 γ’
2706 3341 2886 3399 ἡλικίης
2926 3341 3121 3402 προτέρη
3138 3375 3151 3397 ,
3186 3336 3281 3386 diu
3320 3337 3443 3386 ante
3480 3349 3645 3399 quam

2096 3415 2424 3463 adolevisset.
2445 3413 2497 3461 Si
2524 3425 2641 3462 sana
2664 3413 2741 3461 est
2765 3409 2959 3459 Codicis
2980 3409 3149 3467 lectio,
3179 3419 3384 3459 sensum,
3400 3419 3505 3455 esse
3536 3419 3641 3455 cre-

2094 3484 2302 3534 diderim
2326 3487 2510 3533 πολλῶν
2532 3483 2706 3538 ἠλίκων
2734 3482 2950 3543 προτέρη.
2976 3499 2999 3523 υ
3023 3478 3240 3527 Mei-neh.
3282 3489 3330 3539 p.
3372 3477 3473 3526 136.
3500 3476 3646 3532 Quod

2094 3569 2265 3605 rerum
2291 3555 2509 3605 videtur.
2542 3553 2790 3604 Heckerus
2814 3551 2937 3612 conj.
2960 3551 3083 3610 πρώ
3098 3563 3197 3608 της
3214 3547 3395 3606 ἡλικίης
3416 3549 3613 3608 προτέρη
3630 3583 3643 3603 .

2094 3626 2203 3676 coll.
2230 3625 2369 3675 Pind.
2394 3628 2529 3675 Nem.
2562 3626 2647 3682 lx,
2672 3628 2749 3674 41.
2772 3622 2975 3673 Ahrens.
2996 3619 3151 3671 edidit
3177 3637 3249 3668 πο
3270 3622 3334 3668 λλ
3348 3624 3439 3675 οῖς
3463 3619 3645 3674 ἡλικίης

2047 3727 2051 3741 .
2094 3697 2307 3760 προτέρη.
2334 3700 2458 3746 -4,
2491 3715 2514 3738 α
2542 3693 2817 3756 Ἁστόργου,
2846 3693 3014 3742 confer
3040 3691 3338 3753 Meleagrum
3381 3701 3527 3752 supra
3566 3701 3641 3751 ep.

2094 3770 2202 3828 4⁴38.
2230 3770 2258 3816 7
2282 3787 2295 3815 ι

2526 3904 2607 3953 Ἰὼ
2624 3903 2939 3965 κακοπάρθενε
2969 3903 3121 3964 Μοῖρα
3134 3935 3150 3962 ,

2220 3979 2380 4036 arsisti
2402 3977 2542 4034 γονᾶς
2561 3971 2763 4034 στοργὰν
2790 3973 2991 4026 ἔπτυσας
3021 3971 3085 4026 εἷς
3107 3969 3315 4032 ἀνέμους.
3336 3987 3360 4010 ιι

2096 4119 2250 4170 Beck.
2286 4145 2347 4154 -
2367 4125 2394 4168 5
2426 4118 2669 4180 περιστερὴ
2691 4115 2811 4165 Cod.
2839 4117 2890 4164 et
2920 4113 3027 4162 Aldi
3046 4111 3245 4174 quidam
3274 4109 3399 4159 liber
3420 4107 3638 4170 planud.;

2094 4190 2324 4251 περιστερὶ
2348 4188 2503 4245 Plan„
2541 4187 2676 4250 quod
2704 4185 2893 4240 editum
2918 4182 3005 4232 sed
3034 4181 3155 4230 illud
3188 4179 3489 4229 reduxerunt
3514 4178 3639 4224 liec-

2098 4263 2198 4310 Ler.
2240 4261 2291 4309 et
2329 4258 2555 4316 Abrens„
2604 4257 2683 4306 hic
2716 4257 2928 4306 retracto
2971 4255 3197 4302 accentu.
3240 4249 3400 4300 schol.
3446 4246 3637 4296 Wech.:

2095 4333 2316 4395 γράφεται
2344 4330 2433 4390 (ὡς
2451 4329 2570 4388 λέγει
2588 4329 2681 4382 τις)
2702 4327 2781 4375 καὶ
2801 4326 2864 4373 αἳ
2893 4324 2952 4372 αἳ
2973 4321 3205 4382 ἑλεεινὲ,
3230 4319 3327 4368 ἀνθ’
3346 4319 3411 4366 ὢν
3430 4318 3563 4371 ἄλλος
3589 4317 3639 4396 ἂν

2096 4406 2219 4462 λέγοι
2263 4403 2320 4448 αἳ
2362 4399 2599 4448 ἐλεεινὰ
2624 4399 2704 4446 καὶ
2741 4398 2863 4452 ἑξῆς.
2916 4397 3044 4454 Hoc,
3089 4390 3177 4442 sed
3219 4389 3399 4453 duplici
3428 4387 3495 4447 ut,
3522 4386 3635 4436 libri

2095 4471 2364 4530 Theocriti,
2394 4470 2535 4533 cujus
2563 4466 2700 4517 editt.
2738 4467 2843 4514 αἰαῖ
2887 4465 3037 4514 ἐλεινὰ
3068 4463 3178 4512 vtae.
3226 4489 3286 4502 —
3313 4467 3343 4510 6
3374 4458 3638 4520 ἀνθρωποὺς

2098 4543 2223 4604 (sic)
2256 4541 2397 4599 Cod.;
2447 4539 2699 4601 ἀνθρώποις
2742 4537 2871 4586 Plan.
2906 4533 2983 4584 Ad
3020 4533 3248 4582 ultimam
3286 4541 3455 4578 vocem
3486 4527 3633 4576 schol.

2047 4619 2053 4684 l
2096 4615 2290 4665 Wecli.:
2318 4614 2537 4676 γράφεται
2561 4613 2641 4658 καὶ
2664 4607 3018 4671 λυγρότατα.
3048 4604 3129 4653 sic
3154 4601 3263 4652 libri
3286 4599 3491 4648 Theocr.

442 4693 647 4758 vperiisse
672 4691 914 4742 distichon
940 4691 1030 4742 sibi
1057 4661 1218 4740 videri·
1247 4690 1521 4754 significans
1546 4689 1764 4754 1111110118,
1795 4689 1835 4740 si
1874 4692 2007 4739 recte
2047 4693 2053 4752 ξ

439 4764 678 4826 intelligo.
711 4761 950 4812 Meinelxio
975 4775 1025 4824 p.
1063 4765 1148 4810 136
1177 4761 1460 4824 χύμνοθὲτης
1489 4763 1776 4823 corruptum
1805 4759 2004 4809 videba-
2046 4761 2053 4838 Ι

2164 4757 2411 4806 ΟΒΒΧΠῙ.
2453 4756 2653 4803 Lemma
2688 4771 2700 4798 ι
2728 4755 2813 4799 τοῦ
2853 4750 2997 4797 αὐτοῦ
3028 4743 3189 4808 (quod
3214 4741 3351 4791 abest
3377 4739 3428 4789 in
3458 4753 3634 4802 praece-

2100 4827 2233 4878 deuti
2257 4824 2515 4886 lemmate)
2549 4823 2783 4873 Λεωνίδου
2803 4823 2864 4876 εἰς
2886 4818 3109 4881 Θράσσαν
3130 4814 3230 4862 τινὰ
3245 4816 3462 4874 γυναῖκα·
3482 4812 3556 4888 ἐπὶ
3578 4815 3635 4862 ἐν·

2102 4897 2432 4960 δεκασυλλάὸῳ
2460 4895 2513 4944 τὸ
2534 4897 2617 4956 μιᾷ
2639 4893 2845 4954 συλλαὸῇ
2867 4889 3126 4944 πλεονάζων
3159 4883 3437 4943 (πλεονάζον
3452 4883 3634 4934 Beiss.)

2103 4973 2185 5019 τοῦ
2199 4968 2355 5032 ἡρώου
2382 4964 2702 5030 τετράμετρον.
2728 4983 2749 5005 «ι
2774 4964 2877 5011 Hoc
2899 4960 3051 5018 male3
3084 4969 3197 5006 nam
3220 4952 3309 5017 qui
3330 4951 3631 5016 hendecasyl-
