3829 5747
485 83 603 141 262

589 209 671 264 Qui
693 211 886 254 mullum
909 223 1070 269 puero·
1091 213 1204 258 toris
1221 215 1489 271 etsum'bm
1511 216 1610 260 udis

589 278 876 322 Exhorlalus.

479 420 540 430 -
561 400 588 444 3
608 394 765 453 κίρκον
792 393 834 441 τ’
851 394 1047 442 εὐόλπαν
1066 394 1185 443 Cod.
1207 397 1258 443 et
1275 394 1431 454 Suid..
1460 415 1482 436 a
1506 396 1636 458 quod
1651 410 1745 446 non
1761 396 1981 460 expedio.
2006 419 2030 442 υ

414 492 420 500 -
481 463 629 514 Roth.
671 466 836 526 Neque
873 465 967 513 alii.
1011 465 1234 515 Reiskius
1277 465 1517 528 cogitabat
1558 465 1619 514 de
1667 485 1690 507 «ι
1730 467 1910 515 annulo
1953 469 2031 516 vel

481 535 639 597 amplo
674 535 904 584 toramine
921 575 934 594 ‚
981 549 1068 598 per
1114 535 1246 598 quod
1280 536 1410 584 suuis
1449 535 1720 584 traheretur
1769 550 1867 598 quo
1911 537 2033 586 ludi·

481 606 706 669 inagister
727 611 1040 656 contumaces
1070 620 1251 669 pueros
1276 607 1508 669 alligaret.
1543 627 1566 648 ν
1588 606 1779 656 Jacobs.
1804 607 2027 668 conjicie-

479 677 562 726 bat
585 679 773 725 εῡολκον
795 679 811 736 (
836 680 1204 727 attrectat-ium
1231 682 1242 728 )
1268 677 1344 726 vel
1364 679 1574 738 εὔογκον.
1609 696 1632 720 ιι
1662 677 1836 739 Scripsi
1873 679 2032 739 κίρκον

479 748 522 792 τ’
539 749 744 795 εὐι).ικὸν
759 746 896 810 [sic]‚
918 761 978 797 ne
1003 749 1158 798 lector
1180 746 1380 795 nimium
1397 745 1618 796 hoereret.
1641 747 1732 796 Sed
1753 745 1884 796 aliud
1903 761 2033 809 quae-

481 816 696 865 rendum.
725 817 846 874 Quis
883 819 1030 868 fuerit
1057 818 1222 866 annuli
1250 831 1374 866 usus
1389 817 1656 879 ignoratur.
1691 819 1805 880 Ejus
1825 818 2032 880 cognitio

477 885 538 933 nd
564 886 741 936 bonam
775 886 974 950 epitheti
993 887 1376 938 emendationem
1411 887 1592 936 ducere
1611 889 1802 950 poterit.
1829 887 1933 950 [De
1956 905 2027 950 φι-

475 957 718 1016 >exaltata
737 955 848 1004 wide
870 957 1070 1006 Meinek.
1101 956 1161 1007 all
1189 956 1334 1019 epigr.
1364 961 1482 1015 301,
1503 961 1548 1006 7.
1572 957 1590 1018 ]
1619 987 1677 997 -
1697 961 1742 1006 4.
1771 957 1953 1006 Suidas
1980 958 2031 1006 in

475 1029 678 1090 Συγχίδι
713 1041 912 1076 versum
950 1029 1123 1078 recitat
1149 1031 1200 1076 et
1229 1027 1365 1077 addit
1393 1047 1404 1074 ι
1436 1030 1498 1082 ὡς
1527 1028 1668 1085 ἔοικε,
1708 1029 1846 1076 κτὲνα
1887 1029 2025 1088 λέγει.

473 1098 576 1145 Non
605 1097 763 1160 potuit
789 1097 858 1146 sic
882 1099 1124 1160 explicare
1153 1111 1330 1147 nomon
1356 1099 1574 1160 ουγχίδει,
1610 1098 1688 1146 vel
1712 1097 1917 1160 συκχίδα.
1951 1111 2033 1160 po-

472 1166 599 1224 tius,
630 1167 763 1229 quod
805 1168 954 1217 calcei
994 1182 1148 1230 genus
1187 1166 1432 1229 quoddam
1471 1181 1580 1216 esse
1626 1167 1836 1217 videtur.
1870 1168 2030 1231 [Vide

471 1236 616 1287 Thes.
647 1251 696 1285 v.
719 1239 916 1298 Συκχάς.
937 1239 956 1301 ]
985 1243 1059 1288 An
1081 1239 1280 1298 στεγὰνη
1311 1237 1404 1298 ipsi
1428 1237 1522 1286 suit
1549 1238 1671 1293 κτείς
1687 1243 1709 1286 ?
1735 1237 2029 1300 Signiticatio

471 1306 678 1356 nominis
707 1311 783 1356 cst
801 1306 966 1368 dubia,
989 1322 1046 1357 ac
1065 1307 1269 1356 dubium
1299 1321 1473 1356 nomen
1502 1308 1676 1369 ipsum.
1713 1311 1892 1370 Apogr.
1922 1310 2025 1357 Par.

469 1378 678 1438 τεγανὰν.
706 1398 728 1420 »ι
761 1381 818 1426 13.
844 1377 965 1426 cod.
988 1377 1228 1438 στεγανάν.
1257 1377 1485 1426 ΒθὶεΙιίυε
1514 1379 1756 1438 mayel-mv,
1789 1377 1822 1427 i.
1852 1391 1902 1441 q.
1928 1379 2032 1427 στέ-

468 1462 574 1506 φην,
613 1448 854 1508 κάλυμμα,
884 1448 940 1495 ut
975 1444 1151 1494 dicitur
1193 1447 1414 1505 στεφάνη,
1453 1446 1585 1508 quod
1614 1446 1797 1509 recepit
1826 1449 1935 1496 Jac.
1967 1475 2028 1483 —

469 1523 498 1564 ὁ
527 1520 552 1542 '
581 1517 761 1564 κάλλων
782 1516 923 1574 cod.;
961 1516 1147 1578 ἀγωγῆς
1184 1515 1319 1565 Suid.
1359 1541 1417 1551 —
1438 1524 1467 1564 Β
1499 1517 1709 1564 παιδειοῦ
1739 1516 1880 1574 Cod.;
1913 1517 2030 1566 alte·

468 1599 580 1635 rum
605 1586 796 1646 SuidaS,
812 1585 897 1650 qui
918 1599 930 1628 τ
959 1587 1186 1646 παίδειος,
1207 1601 1432 1648 μετουσια
1445 1586 1620 1634 στικὸν·
1645 1587 1670 1633 ὁ
1690 1591 1768 1644 τῆς
1796 1587 2025 1642 παιδείπς.

528 1727 753 1774 CCXCV.
785 1723 1029 1774 Ascondas
1061 1724 1218 1774 scriba
1244 1724 1471 1774 librarius
1490 1760 1503 1782 ,
1528 1737 1687 1787 quum
1719 1723 1844 1773 inter
1867 1725 2023 1774 vecti·

467 1796 648 1860 galium
688 1799 937 1846 coactores
971 1799 1201 1858 receptus
1231 1798 1379 1854 esset,
1421 1795 1590 1857 prioris
1630 1794 1919 1844 conditionis
1950 1795 2026 1844 in·

467 1870 738 1916 strumenta
771 1866 926 1914 Musis
961 1865 1203 1928 appendit.
1234 1895 1297 1908 -
1324 1871 1342 1914 1
1383 1867 1554 1928 σμῖλαν
1597 1867 1905 1922 Ἀκεστώνδας
1939 1869 2027 1915 Co-

465 1938 554 1987 det
584 1943 633 1988 et
667 1939 800 1998 edd.;
844 1937 1057 1988 correxit
1099 1938 1379 1996 nocherus,
1403 1950 1562 1999 quum
1599 1937 1768 1998 σμίλαν
1800 1936 2023 1986 ultimam

463 2011 717 2072 producat.
747 2037 808 2047 —-
837 2017 866 2059 2
892 2011 1106 2072 ψαίστορ·
1128 2010 1220 2058 ἀπὸ
1247 2009 1431 2056 κνιδίων
1465 2005 1626 2056 Codex
1662 2010 1712 2055 et
1736 2005 1854 2055 Suid
1880 2043 1894 2065 ‚
1938 2020 2025 2069 per

465 2079 788 2144 allastropben
833 2093 920 2143 pro
969 2080 1313 2141 ἀποψαὶστορα.
1352 2075 1623 2126 Brunckius
1664 2075 1895 2137 ψαίστοροι
1932 2081 2023 2122 τῶν

467 2153 684 2204 Κνιδίων,
703 2150 836 2212 quod
857 2149 1006 2199 Boiss.
1022 2153 1072 2199 et
1093 2150 1291 2198 liet-ker.
1314 2149 1618 2209 receperunt.
1634 2148 1736 2195 Jac.
1755 2147 2025 2206 conjecerat

463 2221 680 2283 ψαίστορ’
720 2221 828 2274 ἁλὸς
859 2220 1071 2276 Κνιδίων,
1102 2218 1211 2266 coll.
1233 2229 1307 2279 ep.
1341 2225 1422 2274 66,
1446 2219 1472 2265 7
1513 2229 1524 2257 =
1553 2216 1758 2276 σπόγγον
1787 2215 1894 2269 ἁλὸς
1920 2215 2025 2276 βλά·

464 2308 636 2351 στημα.
667 2289 852 2338 Calami
875 2290 1208 2352 probatiores
1238 2285 1411 2336 Cnidii
1443 2288 1492 2335 et
1527 2287 1614 2348 qui
1643 2287 1700 2333 tn
1723 2288 1848 2334 Asta
1875 2287 2017 2334 circa

465 2362 772 2410 Anattl'cum
804 2360 982 2410 lacum
1019 2360 1330 2418 nascuntur,
1356 2356 1476 2406 i’lin.
1501 2357 1561 2404 Η.
1603 2357 1660 2403 Ν.
1695 2356 1826 2416 xvl,
1851 2359 1908 2404 64
1928 2391 1942 2414 ‚
1972 2357 2021 2403 et

467 2433 657 2482 Cnidia
687 2431 895 2481 arundo
918 2445 998 2495 ap.
1029 2429 1317 2479 Ausonium.
1348 2455 1406 2464 —
1435 2432 1480 2477 3.
1514 2445 1538 2468 κ
1561 2425 1686 2474 Hinc
1702 2424 1917 2474 suidas:
1948 2441 2022 2474 σε·

462 2504 556 2561 λὶς,
592 2504 646 2552 τὸ
685 2504 826 2564 μέσον
853 2509 946 2551 τῶν
975 2503 1056 2551 δύο
1093 2501 1372 2549 καταὸατῶν
1413 2499 1614 2560 ἄγραφον
1647 2498 1892 2560 τυγχάνον.
1934 2501 2023 2546 Est

463 2577 584 2629 022²<
620 2586 784 2636 margo
813 2573 1096 2636 paginarum
1122 2570 1339 2621 interior.
1381 2570 1626 2618 Vocantur
1653 2569 1838 2633 pagium
1883 2585 2024 2617 κατα-

462 2645 582 2694 ὅκτὰ
599 2682 612 2702 ,
635 2644 769 2706 quod
807 2644 1037 2693 deorsum
1069 2655 1246 2691 versus
1272 2641 1515 2703 leguntur.
1541 2657 1564 2680 ι·
1589 2638 1650 2684 Β.
1683 2637 1866 2686 Deinde
1895 2636 2015 2686 Cod.

462 2717 608 2775 5³³!ssss
629 2717 828 2776 τελείας,
859 2735 882 2758 e<
911 2714 1048 2776 quod
1074 2713 1142 2762 ila
1164 2709 1488 2760 dirimendum
1508 2746 1522 2769 ‚
1546 2706 1695 2770 ἕργμα
1715 2724 1764 2756 τε
1787 2706 1909 2762 λείαις
1940 2725 2021 2764 ση-

463 2788 675 2844 μοθετου,
715 2789 772 2834 ut
812 2785 1111 2848 significetur
1156 2782 1279 2844 lapis
1315 2780 1566 2842 oblongus,
1605 2791 1704 2840 quo
1742 2776 2019 2826 etiamnunc

462 2854 636 2903 scribta
671 2854 739 2905 uti
771 2855 928 2905 solent
954 2853 1130 2918 partim
1157 2852 1220 2903 ad
1252 2849 1614 2913 deprimendam
1633 2847 1852 2897 chartam
1869 2859 2018 2908 quam

459 2925 759 2986 describunt,
791 2926 964 2988 partim
989 2925 1052 2973 ad
1073 2922 1426 2986 designandum
1468 2933 1683 2979 versum,
1719 2932 1781 2967 ne
1813 2918 1890 2966 vel
1913 2932 2020 2966 sur-

463 3008 574 3043 sum
597 2994 822 3044 aberrent
839 2996 914 3043 vel
938 2994 1186 3043 deorsum.
1219 3014 1241 3035 n
1261 2990 1470 3042 Lobeck.
1490 2990 1694 3051 l’aralip.
1717 3002 1765 3051 p.
1795 2992 1905 3037 313.
1928 2990 2019 3036 He-

461 3064 618 3125 s)‹·ll.:
646 3066 856 3126 ἔργμασι·
907 3067 1183 3125 κωλύμασι,
1215 3063 1576 3125 περιεράγμασι.
1602 3089 1662 3100 -
1697 3064 1723 3109 4
1756 3059 2017 3119 σαμοῦέτωι

462 3138 514 3182 ct
549 3134 772 3195 εὑμέλανο
813 3134 1006 3195 &my-&32
1041 3132 1182 3191 eod„
1221 3144 1343 3181 corr.
1393 3131 1594 3179 Salmas.
1628 3129 1879 3178 Hecllerus
1922 3142 2019 3177 una

461 3216 581 3251 voce
607 3203 690 3251 τᾶν
707 3203 1141 3265 εὺμελανοὸροχίδα.
1169 3202 1348 3263 Βροχίς,
1378 3200 1490 3249 alibi
1521 3213 1549 3247 a
1575 3200 1739 3261 βροχός
1757 3237 1768 3258 ,
1797 3198 1877 3247 hic
1901 3212 2016 3248 cum

463 3272 756 3321 Schneider-o
775 3286 803 3321 a
825 3272 980 3334 βρὲχω
1005 3271 1286 3320 ducendum
1310 3273 1360 3320 et
1386 3272 1838 3320 atramentarium
1866 3268 2015 3331 signi-

463 3344 610 3391 ticarc
637 3341 849 3391 videtur.
880 3367 940 3377 —-
965 3350 1012 3391 5.
1043 3362 1064 3383 u
1100 3340 1306 3389 Videtur
1331 3340 1525 3403 κάρκινει
1553 3338 1766 3388 vicinum
1795 3352 1904 3388 csse
1932 3352 2015 3387 no·

461 3426 572 3462 meu
607 3412 762 3461 forma
793 3415 844 3461 et
883 3411 1228 3475 significatione
1260 3410 1395 3459 latini
1419 3412 1662 3459 circinus.
1703 3428 1727 3453 ν
1755 3413 1840 3469 B„
1869 3408 2011 3468 cuius

462 3488 573 3532 sunt
604 3483 764 3532 latina.
785 3483 1048 3531 Salmasius
1064 3486 1143 3531 τὸν
1164 3482 1402 3542 δικὸἠτην,
1434 3480 1482 3529 le
1502 3493 1732 3543 compat,
1755 3479 2019 3543 significari

462 3555 733 3610 existiman
773 3553 1010 3613 Reiskius,
1037 3552 1100 3601 ob
1133 3551 1359 3613 llesycbii
1377 3550 1588 3614 glossam
1624 3552 1909 3613 εκαρκίνας·
1952 3550 2022 3599 δε-

461 3644 576 3687 cna:
605 3642 690 3682 τις,
736 3624 884 3672 verba
923 3625 1120 3685 κάρκινα
1161 3629 1421 3687 σπειροῦχα
1461 3622 1871 3684 interpretabatur
1899 3641 1923 3665 a
1954 3620 2019 3672 de

463 3693 792 3744 voluminibus
827 3694 1148 3754 membranae,
1189 3706 1320 3756 quae,
1363 3693 1524 3742 taeniis
1568 3693 1864 3742 decussatim
1911 3704 2019 3742 sese

461 3764 757 3821 s‹·‹·autibuS‚
779 3764 1000 3827 colligata
1023 3768 1198 3815 essent.
1227 3784 1250 3807 ι»
1277 3790 1334 3799 -
1355 3770 1400 3812 ῦ.
1426 3782 1448 3805 σι
1469 3763 1691 3813 inmotae
1707 3762 2017 3811 schwartius

461 3838 802 3899 interpretatur
839 3834 901 3883 de
939 3836 1217 3898 conspicillo
1255 3848 1284 3885 e
1320 3835 1450 3886 vitro
1495 3834 1652 3895 viridi,
1680 3833 1813 3897 quali
1847 3832 2019 3883 scribas

459 3908 640 3957 nostris
673 3920 872 3969 quoquc
911 3898 1213 3969 temporibus
1251 3904 1314 3955 ad
1344 3905 1555 3956 tuendos
1585 3905 1754 3954 oculos
1794 3906 2016 3964 utuntur,

461 3979 664 4027 tortasse
691 3990 720 4025 a
739 3976 894 4023 forma
912 3975 1154 4038 quadrata
1177 3977 1386 4024 πλινθίόκ
1406 3974 1502 4023 dici
1521 3974 1832 4031 existimans3
1863 3976 2021 4037 Guye·

460 4051 543 4098 tus
578 4051 742 4096 autem
772 4046 1090 4095 laterculum
1125 4046 1227 4095 sive
1262 4048 1426 4095 cotem
1469 4048 1640 4094 Veneti
1667 4044 1856 4094 coloris
1887 4045 2022 4095 intel·

459 4118 582 4180 ligii,
629 4116 758 4165 illam
790 4120 846 4165 ut
879 4116 1076 4166 videtur
1108 4120 1270 4166 cotem
1313 4130 1413 4179 qua
1457 4115 1743 4178 scalpellum
1781 4116 2020 4165 obtusum

461 4187 704 4235 acuebant
736 4187 924 4237 scribto.
955 4208 978 4230 υ
1009 4188 1123 4236 Jac.
1146 4212 1207 4223 —
1241 4192 1268 4235 7
1297 4187 1550 4249 φιλολίχνω
1573 4200 1680 4235 esse
1707 4186 2019 4236 scribendum

461 4261 549 4306 aut
571 4258 826 4321 φιλόὶιχνος
845 4257 1072 4307 observat
1093 4258 1294 4307 Hecker.
1316 4284 1375 4293 —
1406 4266 1434 4305 s
1462 4256 1618 4319 ἅρμεν·
1651 4256 1770 4306 Cod.

523 4396 774 4444 ccxcvl.
821 4396 1052 4458 Sosippus
1101 4400 1320 4457 venator,
1359 4410 1502 4446 senex
1555 4397 1741 4458 sactus,
1782 4396 2020 4446 Mercurio

464 4464 582 4513 artis
607 4464 926 4514 instrumenta
952 4464 1161 4514 dedicat.
1183 4492 1242 4501 —
1267 4472 1308 4515 1.
1329 4486 1351 4506 «ι
1373 4467 1498 4515 Hinc
1525 4465 1699 4515 suidas
1723 4485 1736 4514 ι
1758 4466 2020 4527 ἀστεμφέα·

463 4536 810 4594 ἀμετακίνητον.
845 4538 908 4583 Ex
942 4550 990 4585 v.
1029 4541 1058 4585 3
1087 4539 1436 4599 ιτετρανῡὲντα·
1462 4540 1760 4600 τρυπηθὲντα.
1790 4538 1862 4585 Ex
1885 4550 1936 4586 v.
1963 4546 2019 4589 οι

465 4604 656 4653 &duvia
670 4622 681 4633 ·
702 4606 928 4667 ἄδυνκμίσ
941 4643 954 4666 ,
971 4608 1194 4655 ἀσθένεια.
1217 4626 1240 4649 υ
1262 4610 1318 4656 B.
1346 4610 1400 4656 ln
1421 4606 1516 4655 fine
1535 4606 1696 4655 Codex
1713 4607 2019 4669 ἀντυκτῆρας,

465 4672 637 4723 suidas
672 4676 968 4737 ἀντειτῆρ-ις,
1000 4676 1140 4736 cujus
1177 4677 1284 4726 cod.
1325 4676 1457 4727 Leid.
1481 4680 1530 4725 et
1565 4676 1692 4725 alius
1725 4678 2021 4738 ἀντικτῆρας,

464 4744 599 4808 quod
622 4746 800 4808 optimc
825 4746 1030 4795 correxit
1053 4745 1260 4795 Lobcck.
1285 4745 1474 4795 Patbol.
1498 4746 1618 4808 prol.
1639 4760 1687 4809 p.
1712 4752 1801 4796 296
1825 4766 1838 4793 :
1863 4766 1884 4785 e·
1907 4748 2025 4794 άνδι-

467 4822 626 4873 κτῆνες
641 4818 752 4863 eunt
779 4814 1078 4872 tendicula-‚-
1104 4816 1332 4873 ἀνδίκτης,
1357 4816 1473 4870 εἶδος
1491 4815 1703 4875 παγίδος,
1727 4818 1884 4876 Etym.
1911 4816 1975 4862 M.
1998 4834 2021 4857 υ

471 4902 496 4929 e
521 4885 856 4951 Bernhardyus
887 4886 946 4935 ad
981 4885 1113 4935 suid.
1152 4886 1463 4948 ἁμπυκτῆρας.
1501 4884 1701 4933 Salmas.
1732 4888 1782 4934 et
1813 4884 2018 4933 Brunck.

1589 83 2096 150 ANTHOLOGIAE
2138 90 2545 152 PALATINAE

2122 223 2391 286 αἱθυκτῆρας
2426 221 2507 286 [de
2547 221 2765 285 sagittis3
2800 221 2933 285 qucd
2960 223 3141 285 recepit
3170 223 3349 288 nuiss]
3365 261 3379 283 ‚
3407 225 3643 288 ἀνθεκτῆρσς

2120 292 2341 342 Reiskius
2354 329 2368 352 ,
2393 292 2528 355 quod
2555 293 2862 356 aptissimum
2896 299 2973 343 est
3006 293 3251 357 epitheton
3284 296 3557 346 arundinum
3588 313 3633 348 ca

2120 366 2227 425 ptas
2261 365 2475 414 aviculas
2512 364 2714 414 tirmiter
2735 365 3148 427 amplectentium.
3180 387 3205 409 ι
3238 367 3449 417 Meinek.
3480 382 3526 432 p.
3559 378 3643 422 115.
3694 422 3701 429 ,

2120 435 2364 484 flecken-us
2390 437 2439 495 l,
2480 447 2526 498 p.
2570 440 2654 485 145
2698 435 2993 497 ἀγρευτῆρας.
3020 435 3215 486 Jacobs.
3260 435 3313 485 in
3360 441 3475 488 nott.
3504 454 3605 492 mss.
3630 457 3643 486 ε

2122 523 2145 544 «
2172 505 2299 554 Fort.
2326 505 2500 567 ἄρμενα
2523 506 2677 566 Θήρας.
2697 523 2722 548 ²·
2740 530 2801 539 —
2815 509 2844 553 3
2860 505 3039 554 ἰοδόκον
3060 505 3193 556 Suid.
3208 507 3411 556 Becker.
3440 511 3629 568 κίοὸόιῃν

2119 572 2194 621 Ad
2238 575 2491 637 sequentia
2529 576 2637 624 Jac.
2676 595 2688 623 :
2728 594 2751 616 α
2794 574 2955 624 Etiam
2984 574 3127 626 bodie
3152 589 3373 640 aucupes
3409 582 3647 631 coturnices

2117 643 2233 692 tibia
2247 681 2260 702 ‚
2276 659 2373 706 qua
2386 659 2555 694 earum
2575 658 2744 694 vocem
2761 644 3033 706 imitantur,
3052 647 3102 694 in
3120 649 3225 696 rete
3244 647 3435 697 allicere
3456 651 3607 699 solent.
3626 674 3643 694 ι.

2118 714 2319 763 Bothius
2346 715 2511 778 posuit
2534 716 2831 778 τετρανθέντι.
2852 741 2914 750 -
2932 719 2978 765 4.
3008 735 3031 756 α
3055 717 3235 772 Βοῆνο,
3257 719 3451 766 πλωτῶν
3470 733 3497 768 a
3516 723 3643 781 πὶὼς,

2118 785 2316 844 πλῶτες,
2343 785 2573 848 mnqe'les.
2610 784 2735 834 Vide
2774 784 2951 835 Athen.
2987 787 3095 844 vn,
3127 800 3177 849 p.
3216 791 3327 844 307,
3352 791 3413 837 B.
3450 807 3473 831 ι·
3508 792 3642 844 Boiss.

2117 855 2263 904 Recte
2307 853 2430 904 vidit
2466 854 2767 913 Lobeckius,
2804 857 2917 918 post
2954 856 3137 918 ὄρτυγι,
3172 857 3357 912 πλωτὰς
3414 857 3505 906 dici
3544 873 3646 909 ares

2120 927 2395 986 aquaticas
2409 960 2423 982 ‚
2451 944 2475 966 «ι
2497 937 2619 987 quas
2637 924 2919 986 Apollonius
2939 927 3153 981 πλωάὃας
3176 928 3339 974 vocat.
3360 945 3387 968 ι
3410 927 3475 975 Ut
3500 941 3583 976 non
3596 930 3648 979 sit

2118 993 2391 1043 necessaria
2418 994 2625 1044 Heckeri
2650 996 2887 1045 correctio
2914 1003 3116 1054 πτηνῶν.
3137 1021 3201 1034 —-·
3218 1004 3263 1046 5.
3288 1017 3311 1039 κ
3336 999 3428 1046 Pro
3456 1001 3506 1048 τὸ
3532 1004 3646 1050 alsat

2118 1062 2249 1125 [cum
2264 1064 2522 1128 Brunckio]
2540 1065 2701 1130 recepi
2723 1065 2895 1128 Toupii
2920 1067 3249 1130 conjecturam
3273 1068 3355 1116 τὸν
3376 1069 3527 1118 πλοῦν.
3548 1073 3645 1120 Nam

2116 1133 2202 1195 qui
2224 1147 2453 1184 ernensus
2479 1135 2544 1185 sit
2580 1138 2811 1198 majorem
2851 1139 3040 1199 partem
3058 1173 3073 1196 ,
3092 1139 3147 1186 τὸ
3184 1139 3343 1199 πλεῦν,
3372 1138 3643 1200 juventule,

2116 1217 2211 1251 nou
2238 1208 2488 1255 senectute
2512 1206 2737 1257 vincitur.
2764 1227 2787 1249 »ι
2815 1209 2877 1256 B.
2900 1207 3007 1255 lmo
3043 1207 3356 1256 extenuando
3383 1208 3572 1265 dictum.
3600 1215 3645 1258 ut

2110 1278 2310 1325 nostros
2335 1289 2475 1326 senes
2494 1276 2723 1325 audimus
2754 1297 2765 1326 ι
2787 1277 2849 1338 je
2866 1291 2932 1326 ne
2956 1279 3064 1326 suls
3080 1278 3209 1340 plus
3236 1277 3305 1328 de
3332 1281 3389 1330 la
3416 1282 3648 1343 premiere

2109 1344 2366 1405 jeuuesse.
2387 1347 2448 1396 Et
2465 1345 2576 1409 quis
2593 1345 2718 1397 dixit
2745 1360 2959 1409 unquam
2986 1350 3130 1396 πλοῦν
3148 1350 3508 1412 παρανήχομιιῖ

2176 1531 2443 1580 CCXCVII.
2492 1530 2709 1581 Alcimus
2752 1536 3040 1595 rostquam‚
3080 1537 3225 1583 terrae
3260 1534 3473 1584 calend-‘e
3512 1535 3645 1586 labore

2116 1599 2213 1648 sere
2241 1602 2515 1662 confectus,
2534 1599 2820 1651 thesaurum
2850 1602 3126 1664 invenerat,
3147 1603 3333 1654 rustica
3356 1603 3646 1656 iustrumenta

2114 1666 2305 1718 dedicat
2322 1669 2567 1719 Minervae.
2587 1697 2648 1706 —-
2672 1677 2685 1719 1
2713 1671 2951 1734 ἀγρείρναν
2970 1685 2999 1722 a
3014 1686 3088 1735 pr.
3104 1687 3191 1732 ιιι,
3216 1673 3303 1722 sed
3318 1674 3457 1724 litera
3470 1693 3496 1722 ν
3512 1678 3606 1738 past
3622 1693 3645 1734 ς.

2114 1750 2253 1788 erasa
2278 1740 2496 1803 ἀγρείφαν
2530 1741 2707 1790 Codex.
2730 1747 2800 1790 Ac
2822 1746 3011 1792 veteres
3028 1745 3327 1806 grammatici
3360 1759 3503 1794 unam
3524 1759 3644 1806 agno·

2112 1811 2257 1857 scunt
2276 1809 2479 1858 sormam
2501 1810 2685 1872 ἀγρίφη.
2718 1831 2739 1852 κ
2764 1811 2887 1860 ilinc
2907 1812 3080 1861 suidas
3110 1832 3123 1860 ι
3153 1815 3373 1875 ἀγρεῐφνα
3390 1850 3405 1872 ,
3428 1831 3645 1874 ῃωογικον

2112 1877 2340 1937 ἐργαλεῖον
2362 1880 2675 1942 πολύγομφον,
2706 1880 2765 1929 δι’
2788 1879 2844 1930 οὗ
2870 1883 3123 1940 συνάγουσι
3147 1885 3227 1932 τὸν
3258 1884 3446 1944 χόρτον.
3472 1883 3539 1931 Ob
3570 1885 3648 1946 epi·

2111 1946 2281 1997 theton
2325 1950 2618 1998 κενοδὸντιόα
2648 1950 2757 2014 [sic]
2785 1951 3057 2013 putaverim
3089 1965 3196 2001 esse
3236 1952 3403 2014 potius
3441 1954 3645 2002 furcillam

2112 2031 2259 2079 quam
2284 2021 2495 2068 rastrum
2513 2056 2526 2078 ‚
2557 2018 2773 2072 rom-che
2796 2022 2874 2070 vel
2898 2019 3189 2084 four-chelle
3218 2023 3383 2084 potius
3406 2037 3543 2084 quam
3569 2022 3641 2072 τά·

2112 2090 2254 2136 teau.
2282 2091 2433 2137 Nemo
2466 2089 2652 2151 ignorat
2676 2104 2903 2154 magnum
2932 2105 3039 2140 esse
3069 2091 3221 2141 surcae
3253 2106 3401 2141 usum
3439 2093 3485 2140 in
3510 2091 3645 2142 herbis

2112 2157 2414 2220 pratensibus
2457 2159 2760 2222 colligendis,
2792 2160 3099 2220 ventilandiS,
3120 2161 3169 2208 in
3208 2164 3365 2211 metas
3408 2163 3643 2211 struendis,

2111 2228 2365 2290 Epitheton
2396 2229 2684 2278 κενοδόντιδα
2722 2230 2849 2280 male
2882 2231 3077 2280 omnino
3102 2230 3327 2280 Reisllius
3354 2231 3574 2280 intellexit
3595 2233 3645 2280 de

2109 2297 2339 2348 dentibus
2360 2298 2667 2348 distantibus.
2689 2321 2712 2342 υ
2733 2303 2790 2349 B.
2814 2303 2900 2350 Est
2916 2315 3030 2363 quas
3053 2300 3223 2351 dentes
3246 2300 3432 2363 aliquot
3450 2303 3643 2364 [allidit.

2110 2373 2167 2418 ut
2202 2369 2251 2417 in
2286 2369 2507 2430 sequenti
2535 2383 2681 2418 versu
2714 2371 3023 2421 manubrium
3065 2371 3178 2435 ligo.
3214 2371 3409 2428 Quibus
3450 2373 3645 2420 addimus

2108 2438 2217 2488 haec
2256 2438 2480 2488 Lobeckii
2511 2439 2695 2488 l‘atbol.
2718 2441 2839 2502 prol.
2862 2454 2912 2504 p.
2934 2446 3061 2491 295:
3090 2461 3113 2484 κ
3144 2443 3292 2490 Recte
3328 2441 3525 2503 suidas,
3556 2456 3645 2504 per-

2109 2507 2274 2569 spicue
2299 2506 2573 2570 significans
2598 2509 2717 2558 illud
2744 2507 2878 2570 quod
2908 2512 3149 2558 nostrates
3180 2507 3389 2558 Rechen
3420 2515 3580 2558 vocant
3604 2515 3645 2557 ct

2110 2577 2287 2626 Harlce
2327 2591 2383 2626 ac
2427 2577 2647 2627 similiter
2679 2579 2855 2628 mediae
2908 2579 3067 2628 aetatis
3110 2579 3374 2641 scriptores
3414 2579 3638 2627 lacn-ciam.
3739 2573 3740 2594 ¹

2108 2644 2269 2704 liuius
2290 2648 2455 2694 autem
2472 2645 2663 2696 diversa
2680 2649 2797 2695 sunt
2812 2660 2983 2708 genera
3010 2665 3021 2694 ι
3048 2659 3199 2694 unum
3221 2644 3508 2694 latissimum
3525 2683 3538 2704 ‚
3563 2659 3645 2707 quo

2109 2714 2351 2764 sci-nisecae
2392 2719 2444 2766 et
2480 2729 2723 2765 messores
2762 2719 2995 2776 utuntur;
3044 2715 3251 2765 alterum
3294 2728 3400 2777 quo
3430 2715 3644 2764 hortulani

2106 2782 2269 2844 glebas
2308 2783 2593 2847 lapillosque
2630 2798 2715 2847 per
2752 2797 2891 2834 areas
2930 2797 3125 2846 sparsos
3151 2787 3465 2833 converrunt.
3493 2787 3557 2832 De
3578 2784 3645 2831 illo

2108 2853 2323 2915 loquitur
2348 2853 2555 2904 Ovidius
2584 2853 2780 2904 Remcd.
2802 2860 2908 2903 Am.
2938 2859 3015 2905 191
3045 2876 3056 2905 2
3082 2855 3307 2904 maneus
3326 2857 3441 2916 post
3460 2867 3643 2903 messem

2104 2922 2330 2973 desectas
2347 2924 2556 2986 celliqat
2582 2923 2771 2974 herbas
2788 2928 2855 2974 Et
2881 2928 3078 2974 tonsam
3101 2936 3229 2973 raro
3262 2927 3475 2987 pectine
3506 2926 3643 2973 verrit

2105 2992 2359 3061 humum5
2392 2994 2597 3043 alterius
2626 3008 2801 3044 nomen
2845 2996 2923 3045 est
2956 2994 3134 3057 κράρα,
3176 2994 3218 3056 ᾧ
3255 2997 3299 3043 oi
3327 2996 3544 3055 κηπουροὶ
3576 3012 3643 3047 τις

2106 3067 2281 3127 βώλους
2302 3065 2552 3126 ἀπάγουσι,
2581 3063 2811 3127 Hesych„
2834 3064 2915 3113 cui
2940 3064 3104 3126 ἁγρὶρη
3122 3102 3135 3124 ,
3164 3067 3214 3113 et
3240 3066 3519 3126 Γριςᾶτθειι,
3548 3082 3641 3111 ew-

2104 3135 2267 3194 ἑλκειν,
2284 3135 2487 3196 cognata
2512 3131 3065 3182 vide11tur.Alte=-utram
3092 3132 3301 3194 speciem
3321 3132 3645 3182 Phaniasinl'ra

2105 3203 2344 3265 appellare
2385 3202 2582 3252 videtur
2613 3204 2772 3258 κτένας
2798 3204 3063 3265 ἑλκητῆρας.
3089 3220 3112 3243 υ
3136 3204 3188 3251 ln
3220 3202 3317 3250 fine
3344 3201 3505 3250 Codex
3526 3204 3547 3225 ⁶
3580 3218 3641 3261 ez-

2104 3275 2334 3332 λοδαποῡ,
2378 3272 2464 3321 sed
2504 3272 2677 3321 Suidas
2718 3272 2793 3322 bis
2832 3274 3124 3334 φιλῡδούιτου.
3162 3298 3224 3308 —·
3258 3279 3286 3321 2
3316 3274 3420 3333 ἅμα
3462 3274 3499 3321 Γ
3498 3271 3572 3319 od.
3604 3274 3647 3319 et

2106 3346 2279 3395 Suidas
2292 3383 2305 3405 ,
2327 3344 2408 3393 cui
2428 3346 2524 3404 ἀμη
2544 3346 2619 3392 est
2636 3343 2876 3404 ὀρυκτικόν
2898 3343 3145 3404 ἐργαλεῖον,
3166 3344 3215 3389 et
3233 3342 3407 3403 ςὰρσος
3420 3354 3431 3365 ·
3452 3343 3645 3399 κλάσμα,

2104 3418 2280 3478 τρύφος.
2305 3416 2437 3464 Cous.
2460 3428 2536 3477 ep.
2563 3420 2670 3469 299,
2697 3419 2714 3462 1
2740 3415 2790 3461 ct
2825 3419 2869 3462 2.
2904 3416 3037 3460 Corr.
3079 3410 3311 3475 Toupius.
3344 3410 3469 3461 ibid.
3496 3410 3645 3461 Codex

2107 3488 2131 3512 *
2148 3488 2247 3534 στε)
2256 3502 2353 3543 sou,
2373 3484 2476 3533 sine
2492 3498 2592 3533 aec.
2614 3514 2671 3525 -
2687 3489 2715 3533 3
2732 3484 3008 3546 &popoaet'dzv
3025 3481 3143 3530 cod.
3166 3484 3217 3530 et
3234 3479 3397 3539 Suid.·,
3418 3482 3647 3543 ἂρθοπέδαν

2104 3568 2269 3617 apogr.
2294 3557 2424 3611 Pam
2450 3554 2626 3616 στήμον
2653 3570 2704 3602 τε
2744 3551 2886 3607 θοάς
2914 3552 3101 3614 στεῖμόν
3126 3568 3176 3599 τε
3204 3550 3367 3599 Suidae
3398 3554 3496 3599 tres
3520 3549 3643 3597 ccdd.

2104 3624 2300 3688 optimi,
2332 3630 2489 3673 στεῖαν
2528 3622 2627 3672 duo
2648 3622 2756 3680 alii3
2788 3636 2818 3671 e
2848 3622 3073 3673 Leidensi
3100 3624 3151 3671 et
3176 3626 3359 3683 στεῖραν
3404 3625 3454 3670 et
3486 3621 3646 3669 στεῑὸον

2105 3699 2371 3745 enotatum.
2400 3694 2668 3743 Brunckius
2692 3692 2879 3757 στερεά-ι
2896 3710 2963 3741 τε.
2989 3692 3185 3740 Salmas.
3222 3690 3445 3740 tentabat
3466 3694 3645 3749 στεῖραν,

2105 3766 2315 3829 στεῤῥάν.
2348 3767 2563 3827 σκληρὰν.
2604 3783 2627 3805 α
2661 3764 2807 3812 Varie
2842 3765 3059 3813 tentatus
3084 3760 3249 3819 locus,
3270 3772 3359 3808 nec
3396 3758 3529 3807 imm.
3554 3760 3647 3819 lpse

2104 3834 2235 3898 quod
2262 3834 2459 3897 scripsi,
2485 3834 2739 3897 ὀρθοπόδαν
2760 3834 2935 3893 στῦμόν
2954 3848 3027 3893 τε,
3050 3844 3138 3879 nec
3154 3830 3361 3879 multum
3386 3828 3555 3877 tuebor
3572 3840 3647 3873 nec

2104 3920 2304 3970 possum
2332 3905 2589 3953 illustrare.
2620 3923 2642 3945 »a
2666 3906 2726 3952 B.
2760 3903 2919 3953 Vertit
2951 3902 3268 3965 pedibusque
3292 3902 3445 3948 rectis
3476 3900 3645 3973 ιιιζτιιιη

2107 3978 2368 4025 truncum.
2396 3972 2713 4022 Lobeckiusl.
2736 3986 2779 4020 c.
2808 3985 2856 4034 p.
2878 3978 2968 4022 296
3013 3992 3024 4020 ι
3064 3990 3089 4014 σι
3115 3969 3248 4027 Quid
3290 3968 3500 4018 Phanias
3540 3978 3643 4012 scn-

2107 4046 2278 4109 pserit‚
2296 4057 2467 4093 vereor
2490 4047 2544 4092 ut
2569 4043 2888 4091 demonstrari
2914 4042 3090 4105 poss-523
3108 4040 3170 4091 ad
3190 4042 3519 4103 conjecturam
3542 4034 3647 4084 nibil

2107 4116 2304 4179 propius
2328 4118 2403 4163 est
2421 4128 2569 4176 quam
2599 4114 2851 4175 ἁρπεδὸναν
2874 4114 3115 4173 στρεπτάν.
3141 4110 3275 4174 quod
3306 4110 3355 4159 in
3379 4123 3454 4169 ep.
3490 4114 3567 4156 loo
3584 4108 3649 4153 est

2109 4185 2244 4234 iilum
2286 4184 2409 4233 lanas
2452 4183 2583 4246 quod
2614 4196 2641 4231 e
2670 4183 2779 4231 colu
2816 4182 3030 4240 ducitur,
3060 4180 3155 4230 boc
3193 4184 3354 4229 autem
3396 4178 3504 4227 loco
3536 4176 3649 4225 linea

2106 4268 2207 4317 qua
2252 4252 2493 4303 hortulani
2536 4266 2677 4303 areas
2714 4252 3059 4311 demetiuntur,
3080 4250 3130 4299 id
3154 4248 3288 4313 quod
3332 4262 3385 4297 ex
3424 4248 3645 4311 agrimen-

2109 4339 2275 4374 sorum
2332 4325 2522 4373 nomine
2584 4325 2923 4388 &paternam-az
2972 4322 3126 4385 colligi
3186 4324 3373 4384 potcst3
3438 4314 3648 4366 Germani

2110 4393 2442 4445 Messschnur
2478 4394 2744 4457 appellant,
2772 4407 2870 4455 qua
2905 4393 3019 4442 olim
3050 4391 3309 4441 utebantur
3344 4403 3433 4453 pro
3466 4387 3645 4435 delem-

2109 4464 2259 4529 peda‚
2282 4464 2559 4514 Messkette.
2594 4484 2619 4507 ν
2645 4466 2892 4513 Heckcrus
2914 4463 3121 4525 denique
3148 4466 3190 4522 l,
3222 4475 3272 4525 p.
3309 4466 3381 4517 11,
3402 4458 3574 4521 cogitat
3595 4454 3651 4502 de

2109 4532 2389 4583 cultoribus
2410 4536 2664 4583 catenatis
2692 4538 2739 4583 et
2764 4532 3012 4597 compede
3042 4536 3257 4588 vinctis.
3285 4544 3415 4593 quos
3442 4542 3501 4576 ex
3522 4524 3652 4575 Floro

2111 4608 2201 4666 Ill,
2235 4612 2307 4666 19,
2328 4606 2357 4669 §
2383 4610 2411 4655 :3
2441 4608 2491 4654 et
2514 4605 2688 4654 ovidio
2705 4606 2881 4654 excitat
2912 4608 2983 4654 De
3003 4608 3156 4654 Ponto
3180 4605 3221 4659 l.
3248 4603 3310 4651 el.
3332 4611 3378 4660 6,
3400 4606 3479 4655 31.
3500 4598 3559 4647 ab
3584 4596 3653 4645 Al-

2110 4675 2237 4723 cimo
2274 4673 2471 4736 quidem
2506 4674 2643 4738 longe
2676 4675 3007 4724 alienissimos.
3043 4694 3066 4715 α
3109 4673 3233 4724 lllud
3270 4673 3429 4735 ipsum
3468 4666 3650 4729 (inquil)

2108 4744 2241 4807 quod
2269 4744 2316 4793 in
2346 4744 2523 4793 Codice
2557 4744 2731 4807 legitur
2755 4744 2961 4793 Phanias
2988 4744 3207 4805 scripsit,
3248 4740 3381 4803 quod
3418 4739 3481 4787 ab
3510 4739 3649 4815 inter·

2110 4814 2328 4877 pretibus
2346 4829 2439 4863 non
2460 4815 2753 4864 intellectum
2782 4814 2968 4876 explica
2986 4828 3013 4863 e
3038 4812 3195 4863 Pbolii
3214 4813 3369 4876 glossa
3390 4810 3437 4857 in
3457 4812 3649 4883 Lenos:

2111 4890 2305 4945 στῆμον,
2339 4886 2416 4941 ὀξὺ
2458 4888 2487 4943 ἢ
2528 4886 2699 4948 τραχύ,
2727 4884 2858 4947 quod
2898 4884 3199 4947 aptissimum
3230 4878 3517 4943 comfcdum
3554 4887 3645 4937 cpl-
