3829 5747
471 165 590 223 456

469 291 552 333 τοῦ
573 287 794 335 Παλλαδᾶ
813 288 1156 349 ἐπιγράμμασιν
1177 290 1334 350 εὑρέθη
1361 288 1570 349 κείμενον
1587 302 1598 313 ·
1621 290 1798 350 μήποτε
1821 290 1872 338 δὲ
1889 293 2017 341 Δου-

470 360 633 405 κιανοῦ
657 358 799 405 ἐστίν.
839 360 900 406 Et
933 358 1180 407 planudea
1201 358 1431 420 Stephani
1463 380 1475 407 ι
1505 360 1702 415 ἄδηλον.
1729 362 1773 408 οῑ
1804 360 1854 408 δὲ
1887 360 2013 408 [laz-

467 426 586 474 1.αδᾶ
627 446 648 469 ιι
671 426 914 489 Adseripsi
932 440 1102 477 secure
1121 428 1359 477 Pallada?
1375 442 1568 488 nomen,
1592 443 1746 491 quum
1769 431 2017 491 repertum

471 497 620 546 tuerit
656 497 951 560 epigramma
981 498 1107 547 inter
1150 498 1389 548 Palladea.
1437 520 1460 541 υ
1498 502 1559 548 B.
1593 500 1752 550 Minus
1780 512 2018 549 securum

466 566 732 618 dimisisset
765 567 970 617 Beckeri
999 567 1267 631 disputatio
1286 571 1307 619 1
1329 604 1343 628 ‚
1370 581 1414 631 p.
1444 576 1536 619 26:
1571 588 1595 612 «ι
1625 567 1927 632 Weigandus
1954 582 2017 617 ex

465 638 548 687 illo
576 640 802 689 lemmate
829 638 1068 689 efficiebat
1090 640 1496 704 epigrammatum
1519 640 1759 701 Palladae,
1787 640 1872 703 qui
1899 652 2017 689 vero

465 708 658 757 nomine
684 710 790 759 erat
817 708 1062 759 Palladius
1083 712 1100 769 (
1115 714 1198 766 ix,
1223 724 1300 774 ep.
1326 717 1436 774 380,
1455 716 1549 772 3),
1581 711 1838 775 separatim
1866 711 2018 761 edito-

465 791 574 826 rum
603 779 832 829 volumen
855 780 1171 831 Constantino
1191 781 1418 845 Cephalae
1441 784 1492 832 iu
1511 782 1808 832 conficienda
1825 782 2013 832 Antho-

463 851 586 913 logia
611 850 674 899 ad
702 864 876 900 manus
901 850 1070 901 fuisse.
1098 852 1196 901 Sed
1223 852 1292 902 ita
1315 866 1491 916 parum
1517 853 1802 917 intelligitur
1832 853 2015 915 quibus

461 920 655 969 tandem
677 920 942 971 rationibus
969 920 1151 971 ductus
1175 922 1415 985 Cephalus
1441 923 1504 974 de
1534 924 1767 987 scriptore
1789 923 2014 973 carminis

459 991 590 1052 quod
620 1006 712 1042 suo
733 993 841 1041 loco
859 991 984 1041 inter
1012 993 1208 1043 Palladii
1247 995 1587 1057 epigrammata
1610 996 1846 1057 scriptum
1873 994 2008 1043 inve-

460 1064 598 1111 nerat
615 1099 628 1122 ,
656 1060 881 1111 dubitare
908 1064 1141 1125 potuerit.
1174 1066 1592 1128 Interpretandum
1625 1064 1789 1128 potius
1818 1067 1876 1114 in
1899 1067 2009 1127 epi·

457 1134 772 1191 wemmam
803 1146 838 1181 a
862 1132 1114 1182 Palladio
1143 1135 1400 1196 collectis,
1433 1139 1493 1187 in
1522 1136 1762 1188 Palladio·
1799 1137 2014 1186 Florile-

456 1202 569 1261 ffl'o,
600 1200 648 1249 iu
677 1214 778 1263 quo
809 1201 915 1265 ipso
941 1202 1146 1252 sortasse
1176 1204 1508 1267 epigrammati
1535 1205 1833 1269 adscriptum
1867 1209 2007 1256 erat:

457 1274 659 1331 ἄδηλον,
688 1274 868 1331 μήποτε
890 1273 940 1321 δὲ
961 1276 1242 1323 Λουκιανοῦ.
1273 1276 1544 1326 Palladium
1576 1280 1768 1338 autem,
1797 1277 1884 1339 qui
1913 1276 2007 1325 im-

455 1344 656 1403 perante
679 1339 884 1391 Arcadio
911 1342 1063 1403 vixit,
1096 1344 1434 1409 anthologiam
1465 1346 1740 1397 condidisse
1768 1344 2006 1409 epigram-

456 1416 646 1462 matum
666 1412 924 1462 maximam
941 1416 1128 1476 partem
1147 1422 1430 1465 σκωπτικῶν
1444 1418 1592 1465 etiam
1613 1416 1708 1466 hoe
1723 1420 2011 1481 argumento

455 1486 530 1531 est
547 1520 559 1539 ‚
593 1481 725 1543 quod
753 1482 890 1543 eius,
932 1482 1072 1545 plane
1101 1485 1156 1532 ut
1187 1484 1441 1549 Meleagri,
1480 1486 1711 1550 Philippi,
1745 1488 2007 1549 Stratonis,

455 1551 702 1615 Agathino,
732 1552 817 1615 qui
843 1551 1021 1615 singuli
1049 1552 1358 1619 anthologias
1393 1555 1740 1617 condiderunt,
1767 1557 2005 1621 epigram-

453 1628 584 1673 mata
623 1636 824 1673 numero
861 1622 1066 1686 plurima
1104 1623 1168 1673 ad
1210 1638 1298 1673 nos
1337 1630 1682 1689 pervenerunt,
1717 1628 1782 1678 ad
1810 1632 2007 1679 eentum

453 1692 815 1755 quinquaginta.
857 1693 985 1741 111110
1028 1692 1329 1756 anthologia:
1371 1695 1578 1757 plurima
1617 1696 1834 1747 cannina
1889 1710 1919 1747 a
1952 1711 2007 1747 se

453 1763 562 1825 scri;
582 1768 630 1813 ta
649 1764 908 1813 inseruisse
929 1762 1138 1812 videtur.
1167 1765 1397 1814 Ceterum
1416 1765 1589 1829 insigni
1613 1779 1778 1816 errore
1806 1766 2003 1830 Cepha-

453 1835 548 1883 lam
586 1839 808 1885 nostrum
849 1836 1144 1898 epigramma
1187 1834 1315 1885 inter
1357 1836 1650 1899 sepulcralia
1693 1836 2006 1886 collocavisse

452 1905 586 1967 111101
610 1918 666 1954 ex
689 1905 862 1955 ultimo
889 1903 1125 1963 disticho,
1155 1904 1242 1954 ubi
1257 1908 1399 1968 poeta
1424 1904 1639 1955 sodalem
1672 1908 1809 1969 rogat
1833 1910 1888 1955 ut
1916 1906 2004 1955 sibi

453 1975 620 2023 vinum
647 1974 1008 2025 subministret.
1039 1977 1091 2024 et
1113 1975 1292 2025 futuris
1314 1974 1576 2025 verborum
1601 1976 1651 2025 in
1681 1988 1728 2025 v.
1757 1983 1786 2025 4
1816 1979 1866 2025 et
1895 1984 1941 2027 5.
1978 1998 2001 2020 υ

451 2045 610 2093 Etiam
636 2043 892 2095 Jacobsius
925 2057 1121 2094 carmen
1147 2064 1170 2087 «ι
1201 2043 1469 2110 elegantius
1497 2044 1615 2096 dicit
1639 2059 1786 2108 quam
1810 2050 1870 2097 ut
1900 2046 2006 2096 Pal·

451 2113 576 2163 ladoe
606 2128 716 2165 esse
746 2112 986 2164 videatur.
1021 2134 1044 2158 υ
1081 2115 1281 2179 Margini
1305 2114 1499 2165 Codicis
1532 2114 1782 2179 appictum
1819 2116 1953 2181 siglis
1988 2137 2001 2165 ι

450 2185 714 2245 σημείωσαι
755 2186 806 2234 et
837 2188 1024 2247 ὡραῖον.
1062 2215 1125 2227 -
1151 2191 1178 2234 2
1217 2186 1352 2243 ἀΐδην
1383 2186 1691 2248 superposito
1713 2204 1745 2233 α
1777 2187 1898 2236 cod.
1940 2212 2002 2222 -

449 2260 479 2303 3
501 2261 672 2315 γενεῶν
690 2256 848 2317 Plan„
869 2255 1012 2305 male.
1033 2282 1095 2291 -
1113 2262 1141 2305 5
1159 2256 1363 2318 γενόμαν
1381 2256 1502 2305 Coti.
1526 2255 1662 2306 Idem
1681 2256 1922 2306 distichon
1952 2257 2001 2307 in

447 2338 524 2388 ep.
550 2325 722 2375 incerti
752 2328 810 2385 Χ,
841 2331 944 2387 118,
969 2329 1077 2386 ami.
1105 2326 1193 2388 qui
1223 2325 1411 2389 pergit:

569 2439 683 2489 Ἀλλ’
707 2439 794 2501 ἂγε
811 2456 892 2501 μοι
922 2439 1130 2502 Βάκχοιο
1157 2441 1401 2503 φιλήδονον
1429 2440 1557 2490 ἔντυε
1589 2446 1715 2505 νᾶμα
1731 2454 1742 2464 ·

629 2514 766 2559 τοῦτο
795 2512 882 2573 γάρ
905 2511 1003 2559 ἐστι
1034 2514 1194 2559 κακῶν
1222 2512 1462 2575 φάρμακον
1489 2512 1740 2561 ἀντίδοτον.

444 2658 505 2669 -
524 2636 548 2682 7
569 2632 663 2683 ἀπὸ
690 2632 890 2681 στίλόων
915 2632 1038 2683 Cod.
1061 2650 1084 2674 «
1107 2631 1518 2683 Mitseherliehius
1543 2633 1608 2683 ad
1637 2636 1803 2684 Horat.
1830 2636 1993 2684 Carm.

443 2704 506 2764 11,
535 2701 614 2752 od.
647 2704 762 2761 vll,
805 2707 860 2753 19
887 2702 1082 2763 exponit
1116 2721 1129 2750 ι
1164 2702 1255 2766 sac
1289 2704 1352 2752 ιιε
1382 2702 1600 2763 ardeat,
1636 2705 1995 2767 resplendeat,

442 2772 735 2836 impleatur
753 2771 866 2822 vino
881 2809 894 2831 ‚
915 2772 1014 2821 sere
1041 2774 1098 2821 nt
1123 2773 1342 2821 Setinum
1371 2773 1418 2823 in
1437 2786 1586 2823 aureo
1607 2777 1780 2838 poculo
1805 2777 1996 2826 ardere

441 2842 623 2892 dicitur
649 2855 726 2907 ap.
747 2842 970 2893 Juvenal.
987 2844 1048 2903 Χ,
1073 2846 1152 2892 27.
1182 2844 1269 2891 Est
1293 2842 1459 2906 potius
1487 2844 1705 2895 στιλπνὸν
1734 2848 1788 2895 τὸ
1819 2846 1989 2896 κύπελ-

441 2915 518 2962 λον
545 2915 788 2976 πρόσφερε.
811 2933 834 2954 »2
855 2917 972 2963 Jac.
990 2938 1052 2948 -
1075 2919 1104 2963 8
1128 2913 1200 2962 sic
1231 2913 1372 2963 cod.:
1393 2934 1416 2958 α
1452 2917 1531 2964 καὶ
1551 2917 1696 2974 λύπης
1722 2919 1864 2974 λήθην
1894 2917 1994 2967 Pla·

439 2983 615 3042 nudes,
648 2986 787 3043 λήθην
819 2983 982 3040 ὀδύνης
1018 2983 1290 3034 Bruuekius
1315 2984 1617 3047 seripserunt
1644 2999 1672 3035 0
1696 2986 1989 3047 conjectura.

439 3053 618 3115 Scripsi
635 3056 687 3103 et
713 3066 774 3103 ex
793 3065 902 3102 mea
923 3066 1012 3116 ego
1032 3056 1113 3102 καὶ
1135 3055 1238 3102 λύο
1255 3070 1278 3103 ε
1296 3072 1348 3101 ιν
1372 3055 1554 3112 ὀδύνην.
1579 3058 1706 3106 Sunt
1726 3058 1988 3119 λυσίπονος,

439 3125 715 3184 λυσιπήμων
751 3119 964 3185 epitheta
993 3123 1187 3172 Bromii.
1225 3144 1249 3167 11
1294 3128 1356 3174 B.
1389 3124 1644 3174 Jacobsius
1679 3124 1729 3174 in
1768 3124 1896 3175 Add.
1940 3130 1993 3176 ot

437 3197 559 3244 nott.
589 3207 706 3244 mss.
734 3214 746 3243 ι
770 3215 792 3238 «ι
826 3194 1039 3244 Dubitari
1063 3198 1224 3258 potest
1250 3201 1415 3245 utrum
1441 3195 1616 3246 borum
1642 3197 1990 3248 vocabulorum

437 3259 615 3313 vitium
654 3263 862 3314 traxerit
899 3284 912 3312 ι
949 3265 1092 3322 λύπης
1132 3265 1320 3316 tuearis
1354 3267 1461 3316 loco
1500 3266 1860 3329 Astydamantis
1907 3281 1987 3331 ap.

437 3333 614 3384 Athen.
642 3336 706 3390 ΙΙ,
727 3347 775 3398 p.
797 3337 878 3391 40,
916 3335 954 3384 Β
982 3354 995 3384 :
1028 3337 1231 3392 θνητοῖσι
1274 3337 1358 3394 τήν
1385 3337 1640 3398 ἀκεσφόρον
1669 3338 1856 3395 λύπης
1885 3338 1991 3398 ἔφη·

436 3405 814 3465 νεν...ᾶμπελον·
837 3406 888 3453 ot
914 3404 1078 3467 Eurip.
1109 3403 1283 3454 Bacch.
1308 3409 1396 3455 771
1432 3425 1445 3454 z
1471 3411 1554 3465 τήν
1575 3410 1868 3458 παυσίλυπον
1895 3409 1989 3470 ἄμ·

433 3475 587 3524 πελον.
613 3477 796 3525 Tamen
821 3488 917 3524 non
947 3473 1328 3539 improbabiliter
1350 3475 1472 3526 mihi
1499 3477 1764 3528 correxisse
1782 3476 1953 3527 videor
1974 3488 1985 3526 ἰ

557 3597 704 3660 κᾶμμι
727 3599 880 3658 λυπήρ’
907 3597 1070 3655 ὀδύνης
1087 3595 1167 3646 τὸν
1196 3597 1396 3662 Βρόμιον
1418 3598 1612 3663 πάρεχε.

434 3717 514 3768 Sie
530 3717 797 3781 Sophocles
823 3733 902 3783 ap.
935 3718 1106 3769 Athen.
1139 3719 1171 3769 1.
1207 3733 1251 3767 c.
1290 3721 1376 3768 ετὸ
1407 3721 1588 3782 μεθύειν
1609 3727 1820 3784 πημονῆς
1842 3723 1983 3781 λυτή-

429 3805 544 3852 ριον.
569 3790 776 3840 Pluralis
796 3789 1092 3854 pronominis
1121 3789 1346 3851 sequitur
1377 3791 1669 3854 singularem
1687 3829 1700 3853 ‚
1727 3795 1784 3842 ut
1815 3793 1874 3852 V,
1904 3805 1981 3855 ep.

1589 156 2093 217 ANTHOLOGIAE
2134 155 2534 218 PALATINAE

2106 289 2336 349 Ἀπόληξις
2376 304 2454 355 ep.
2490 292 2867 343 Demosthenem
2901 296 2955 342 111
2990 292 3155 356 Steph.
3187 296 3231 354 1,
3264 297 3303 344 t.
3338 295 3416 354 iv,
3447 308 3492 357 p.
3518 304 3643 348 228:

2104 360 2363 424 Ἀρχέπολις
2406 364 2457 412 et
2500 362 2677 424 Μᾶτρις
2720 374 2797 425 ap.
2834 362 3094 423 Chione1n3
3138 367 3317 419 Γνῶσις
3360 364 3408 412 in
3448 379 3649 413 nummu

2106 431 2252 490 (vide
2278 433 2453 495 θοι-εγ.
2489 434 2670 483 Ἀτάκτ.
2697 436 2737 482 t.
2783 435 2873 493 1¹1,
2902 448 2948 497 p.
2996 440 3149 495 191);
3190 436 3405 485 Alcestis
3434 438 3653 499 tragicus

2103 516 2180 565 ap.
2210 503 2369 553 Valet.
2398 506 2661 555 Maximum
2688 507 2778 565 ΙΙΙ,
2808 510 2855 559 7.
2878 510 2972 555 ext.
3001 512 3039 555 1.
3074 526 3097 549 υ
3120 509 3182 556 B.
3208 506 3305 555 Sed
3326 506 3373 555 in
3402 509 3649 557 Nudam·-

2102 575 2375 636 Μαράθωνις
2398 574 2511 637 quis
2534 588 2631 624 non
2654 573 2780 624 bane
2818 576 2981 638 potius
3006 588 3157 637 quam
3190 576 3441 625 Νικόπολιν
3462 589 3546 638 pru
3572 582 3651 625 se-

2100 643 2231 692 mina
2271 644 2501 695 habebit?
2546 648 2602 695 ut
2642 658 2769 695 uxor
2803 645 3032 696 maritum
3080 646 3362 709 sepelivisse
3405 647 3649 704 videatur,

2100 714 2231 777 quod
2258 717 2426 763 eontra
2460 716 2553 764 oet.
2592 716 2753 773 Quare
2794 715 2994 765 Beckeri
3042 716 3281 766 correctio
3308 716 3445 765 nobis
3483 719 3655 767 certis·

2100 783 2221 833 sima
2252 786 2360 834 visa
2402 788 2495 835 est.
2532 812 2597 822 -—
2628 792 2654 835 2
2700 786 2925 848 ὀμόρίσας
2968 786 3103 836 Plan.
3148 806 3174 830 κ
3208 785 3475 849 Ὀμῦρὴσας
3519 792 3653 839 male

2098 855 2344 903 tentatum
2366 858 2536 904 tuetur
2556 858 2755 904 Nonnus
2784 855 2923 905 Dion.
2946 858 3011 916 11,
3032 860 3122 916 32;
3146 858 3362 917 XXXVI,
3395 862 3491 908 119.
3522 860 3655 909 Vide

2098 923 2304 973 Lobeck.
2335 923 2397 973 ad
2424 923 2555 985 Aiae.
2577 928 2659 983 40,
2679 938 2727 987 p.
2748 931 2809 974 90
2827 938 2928 987 seq.
2953 950 3013 961 —-
3034 929 3080 975 3.
3108 926 3382 975 Verborum
3402 928 3497 975 ἀλλ’
3514 932 3653 978 οὐδὲν

2098 994 2237 1043 πλέον
2270 993 2383 1057 ἔσχε
2404 1008 2576 1044 seusus
2594 998 2669 1044 est
2699 1015 2712 1043 ·.
2740 994 2859 1045 nihil
2887 994 2999 1044 inde
3016 994 3230 1059 praesidii
3249 996 3435 1047 lucrive
3458 1000 3647 1048 retulit.

2097 1065 2443 1129 Corrigendum
2462 1068 2560 1116 ἀλλ’
2580 1067 2711 1116 οὐδέν
2724 1103 2739 1128 ,
2758 1068 2793 1116 i.
2818 1080 2862 1116 e.
2884 1065 3001 1115 nihil
3025 1067 3070 1116 ei
3089 1067 3243 1131 magis
3260 1068 3395 1117 cordi
3418 1081 3651 1133 cur-«eque

2098 1138 2229 1195 erat,
2268 1135 2363 1185 hoe
2389 1149 2541 1185 uuum
2581 1135 2769 1200 agebat.
2813 1156 2837 1180 υ
2870 1137 3084 1187 Hecker.
3111 1137 3210 1195 Qui
3248 1141 3383 1187 reete
3418 1138 3532 1197 ἀλλ’,
3556 1142 3651 1191 sed

2096 1220 2373 1269 perperam,
2419 1206 2468 1255 ni
2500 1207 2653 1267 fallor,
2698 1205 3061 1270 interpretatus,
3097 1208 3247 1258 Οὐδὲν
3270 1209 3389 1257 ἄλλο
3432 1209 3653 1261 lucratus

2096 1278 2272 1340 praeter
2283 1277 2427 1338 flere.
2447 1303 2507 1313 —
2527 1281 2573 1327 4.
2605 1298 2629 1321 κ
2658 1278 2861 1341 Μούνῳ,
2881 1278 2993 1329 vide
3020 1277 3213 1329 Boeckh.
3240 1280 3487 1343 Inscriptt.
3514 1284 3552 1330 t.
3574 1284 3649 1343 11,

2094 1359 2142 1409 p.
2162 1350 2269 1397 447.
2294 1367 2318 1390 υ
2340 1348 2503 1396 Boiss.

2156 1486 2398 1535 cccxm.
2427 1487 2625 1536 Lemma
2650 1506 2663 1536 ι
2696 1489 2759 1543 εἰς
2795 1488 3005 1549 Πρόκλον
3037 1490 3119 1537 καὶ
3148 1490 3370 1551 Συριανὸν
3395 1490 3498 1545 τοὺς
3525 1492 3651 1549 φιλο-

2096 1557 2281 1617 σόφους.
2310 1576 2333 1599 α
2366 1560 2454 1607 Est
2478 1570 2774 1619 anonymum
2806 1558 2857 1607 in
2885 1558 3079 1609 codiee.
3115 1559 3291 1623 Recepi
3328 1574 3501 1610 nomen
3537 1562 3653 1625 ejus

2095 1627 2179 1689 qui
2206 1626 2423 1689 scripsit,
2454 1629 2635 1688 Procli,
2658 1642 2715 1678 ex
2742 1628 2927 1679 Marino
2952 1630 3067 1678 Vita
3096 1644 3141 1679 0.
3168 1635 3228 1679 36
3246 1668 3259 1690 ,
3280 1644 3330 1693 p.
3348 1636 3426 1681 29.
3452 1651 3475 1673 ‚-
3498 1634 3559 1681 B.
3582 1658 3653 1667 --

2104 1710 2115 1748 1
2154 1702 2283 1761 γένος
2302 1713 2400 1749 om.
2434 1699 2620 1761 Codex,
2648 1700 2931 1763 suppletum
2960 1714 3021 1751 ex
3050 1701 3263 1761 Marino,
3284 1702 3373 1752 ubi
3402 1704 3493 1763 ἐγὼ
3520 1704 3653 1765 γινό-

2095 1788 2185 1831 μην
2214 1773 2386 1825 Λύκιος
2426 1772 2570 1832 γένος.
2602 1797 2662 1807 -
2698 1778 2746 1821 2.
2784 1772 2995 1835 Ἀμοιὸὸς
3023 1770 3111 1834 qui
3143 1772 3287 1834 vulgo
3322 1774 3550 1837 διάδοχος.
3582 1802 3653 1813 -

2091 1846 2115 1891 4
2157 1842 2233 1900 ἕης
2279 1840 2418 1891 codd.
2468 1841 2647 1891 Marini.
2680 1842 2811 1899 Ἐεις
2850 1856 2937 1907 pro
2973 1842 3039 1897 εἷς
3083 1855 3161 1905 ap.
3216 1842 3415 1893 Hesiod.
3460 1843 3649 1908 Theog.

2097 1916 2199 1974 145,
2230 1912 2293 1961 al.

2153 2054 2419 2104 cccxul.
2447 2055 2643 2103 Lemma
2668 2067 2681 2101 :
2710 2054 2953 2116 ἀνώνυμον
2972 2054 3264 2115 ἑπιτύμῧιον.
3291 2081 3355 2091 -
3382 2058 3399 2102 1
3428 2056 3638 2117 Προῦλα-

2088 2124 2169 2173 &ov
2196 2125 2246 2174 in
2272 2123 2382 2173 Aldi
2415 2124 2631 2187 quodam
2672 2124 2855 2174 codiee.
2893 2124 3077 2173 Deinde
3114 2127 3263 2185 μένεις
3302 2124 3437 2173 Plan.
3476 2128 3558 2185 et,
3588 2132 3649 2173 ut

2088 2194 2297 2256 videtur,
2319 2207 2483 2258 apogr.
2504 2197 2636 2254 Par.,
2656 2197 2705 2244 in
2727 2208 2829 2257 quo
2842 2196 2922 2245 καὶ
2942 2194 3193 2245 omissum.
3218 2214 3243 2237 ιι
3266 2195 3519 2245 Sententia
3544 2197 3649 2244 sere

2086 2280 2201 2329 quae
2223 2279 2303 2331 ap.
2336 2268 2501 2317 llorat.
2521 2269 2606 2329 Ep.
2641 2268 2710 2328 11,
2731 2273 2779 2328 2,
2814 2271 2898 2317 175
2927 2287 2939 2315 ε
2963 2268 3119 2315 Heres

2192 2398 2403 2444 heredem
2418 2397 2603 2442 alterius
2640 2397 2764 2443 velut
2790 2396 2913 2443 unda
2929 2398 3191 2454 supervenit
3206 2397 3395 2442 undam.
3430 2414 3449 2437 ι

2084 2524 2201 2571 Jac.
2227 2522 2381 2572 Boiss.
2412 2520 2517 2571 haec
2539 2519 2793 2571 reserenda
2818 2519 3011 2583 putarit
3036 2532 3051 2563 t
3096 2538 3121 2563 κ
3143 2519 3224 2576 El:
3252 2520 3401 2576 Ἀΐδης
3434 2520 3643 2582 δέχεται.

2084 2592 2245 2641 501101.
2274 2591 2447 2641 Weeh.
2475 2591 2644 2641 ττοῦτό
2658 2607 2797 2650 φησιν
2811 2592 2887 2639 ἐπὶ
2918 2591 2999 2639 τὸν
3017 2594 3087 2653 τῷ
3114 2589 3329 2651 γεγηθότι
3346 2589 3467 2653 (imo
3483 2592 3642 2645 τεθνη-

2083 2664 2215 2723 κότι)
2248 2664 2502 2723 γεγηθότα·
2538 2662 2602 2722 μὴ
2628 2665 2787 2723 χαῖρε,
2810 2662 2922 2721 φησὶ
2938 2694 2954 2721 ,
2974 2664 3043 2721 τῷ
3078 2660 3263 2721 θανάτῳ
3288 2675 3383 2722 μου
3400 2672 3413 2682 ·
3444 2661 3526 2707 καὶ
3554 2660 3645 2720 γὰρ

2084 2736 2143 2783 σὺ
2182 2732 2279 2796 μετ’
2304 2733 2461 2794 ὀλίγον
2500 2733 2635 2792 θνήξῃ
2670 2732 2751 2779 καὶ
2784 2736 2959 2785 πάντας
2988 2732 3111 2790 ἡμᾶς
3142 2730 3250 2786 τοὺς
3276 2730 3549 2791 ἀνθρώπους
3578 2730 3645 2784 εἱς

2082 2805 2207 2853 ἐστιν
2234 2806 2261 2853 ό
2296 2803 2540 2866 δεχόμενος
2559 2840 2572 2861 ,
2604 2804 2632 2850 ό
2648 2802 2791 2864 ᾍδης
2818 2800 3046 2854 δηλονότι.
3071 2800 3245 2849 Ἰστὲον
3264 2800 3337 2847 ὅτι
3364 2800 3393 2848 ὁ
3423 2800 3539 2861 ᾅδης
3564 2800 3642 2847 λέ-

2082 2892 2211 2936 γεται
2234 2877 2262 2924 ό
2284 2875 2423 2929 τόπος
2451 2873 2621 2938 κυρίως
2638 2879 2733 2930 τοῖς
2762 2870 3084 2933 καταχθονίοις
3103 2872 3465 2934 κατοικούμενος
3483 2883 3497 2898 ·
3518 2875 3639 2931 λαμ-

2082 2944 2268 2993 &iverat
2294 2945 2344 2992 δὲ
2374 2945 2453 2992 καὶ
2486 2944 2589 2991 ἀντὶ
2613 2949 2698 2992 τοῦ
2724 2943 2997 2997 Πλούτωνος
3014 2977 3028 3001 ,
3052 2943 3115 2996 ὡς
3144 2939 3313 3002 (pind.
3334 2942 3413 2991 ol.
3436 2945 3515 2998 lx.
3538 2943 3640 3000 50)·

2086 3030 2110 3054 «ε
2133 3014 2230 3061 οὐδ’
2258 3012 2407 3069 Ἀΐδης
2442 3011 2670 3068 ἀκινήτως
2706 3013 2819 3073 ἔσχε
2838 3011 3005 3075 ῥίιὸδον
3038 3010 3207 3073 βρότεα
3232 3011 3417 3073 σώμαθ’
3436 3011 3470 3059 ἃ
3498 3011 3643 3061 κατά-

2087 3101 2111 3122 a
2138 3098 2211 3143 γει
2242 3082 2404 3130 κοίλαν
2438 3083 2552 3145 πρὸς
2581 3082 2747 3139 ἀγυιὰν
2778 3080 3075 3140 θνησκόντων
3094 3099 3139 3130 n.

2142 3225 2435 3275 cccxmu.
2475 3226 2673 3274 Lemma
2703 3245 2717 3274 ι
2758 3226 2822 3280 εἰς
2856 3226 3083 3287 Πατὲριον
3111 3227 3214 3275 υἱὸν
3256 3225 3517 3276 Μιλτιάδου
3556 3227 3639 3275 καὶ

2078 3295 2279 3353 Ἀττικῆς
2308 3295 2416 3358 (sic)
2444 3294 2691 3352 Ἀθηναῖον.
2728 3314 2751 3337 «ι
2785 3295 3006 3346 Reiskius
3042 3295 3237 3358 scripsit
3268 3297 3331 3351 εἰς
3366 3297 3631 3356 Παθὲριον,

2079 3364 2214 3425 quod
2238 3377 2415 3414 nomen
2441 3364 2571 3415 idem
2593 3377 2702 3416 esse
2722 3379 2834 3414 eum
2860 3365 3055 3415 nomine
3084 3364 3357 3416 paschatis
3377 3365 3547 3415 docuit
3576 3380 3637 3415 ex

2082 3435 2317 3500 Ducangii
2352 3437 2512 3487 Gloss.
2542 3439 2647 3487 Lat.
2686 3451 2736 3488 ν.
2781 3436 2935 3488 Thia.
2984 3456 3007 3480 υ
3060 3438 3177 3486 Jac.
3216 3463 3271 3473 —
3330 3445 3349 3486 1
3388 3439 3639 3498 λιγύμυοον

2078 3506 2377 3566 Bruuclrius3
2411 3506 2570 3556 Codex
2614 3508 2891 3570 λιγύθυμον,
2939 3507 3072 3569 quod
3112 3506 3317 3556 Botliius
3352 3519 3441 3568 pro
3480 3506 3639 3568 sphal-

2077 3579 2207 3626 mate
2232 3579 2335 3640 typ.
2360 3576 2585 3626 habebat.
2612 3605 2672 3615 —-
2703 3583 2732 3627 4
2760 3579 2859 3641 ἅμα
2884 3580 3041 3634 πάσης
3078 3577 3329 3633 1101511105,
3362 3597 3384 3616 ει
3412 3575 3499 3625 sed
3524 3577 3635 3624 ἀνά·

2076 3663 2165 3702 ποις
2191 3645 2319 3695 idem
2352 3649 2428 3696 est
2452 3647 2584 3709 quod
2608 3647 2810 3707 σύμπας.
2844 3673 2907 3684 --
2938 3655 2984 3697 5.
3021 3651 3179 3700 0111110
3209 3645 3349 3710 quod
3380 3649 3453 3695 cst
3482 3645 3637 3696 110110-

2074 3721 2233 3776 stum,
2264 3716 2320 3766 id
2349 3720 2604 3781 quattuor
2626 3721 2867 3781 partium
2893 3719 3071 3768 orum·
3101 3731 3168 3766 ex
3190 3717 3406 3780 aliqua,
3439 3719 3489 3765 et
3518 3730 3635 3778 (111εο

2076 3789 2349 3848 sequuntur
2374 3800 2452 3851 ap.
2496 3787 2598 3837 Cic.
2641 3788 2788 3836 Ollio.
2816 3789 2855 3848 1,
2893 3795 2937 3838 5.
2971 3791 3101 3844 Quas
3126 3791 3381 3852 mianum·
3408 3789 3635 3836 virlutes·

433 3869 544 3923 ⁸293,
573 3870 633 3920 ὃς
672 3861 798 3912 intra
828 3874 904 3926 ep.
936 3865 1061 3920 4¹33
1097 3859 1240 3910 ovid.
1271 3859 1466 3912 lieroid.
1507 3865 1636 3924 ΧΧΙ,
1673 3867 1732 3912 37
1771 3864 1922 3913 0140.
1956 3883 1981 3907 υ
2020 3863 2027 3912 3
2076 3858 2229 3907 strion-
2253 3860 2375 3906 aetas
2406 3856 2714 3906 cardinales
2750 3856 2990 3920 appellare
3018 3857 3231 3914 50101101,
3258 3857 3401 3919 cujus
3427 3857 3633 3920 appella-

429 3935 680 3984 nectet-us
704 3934 790 3990 κᾶς
824 3935 940 3995 (pro
964 3933 1044 3981 καὶ
1062 3932 1158 3992 εἷς)
1183 3933 1330 3991 λύπης
1357 3932 1551 3995 ὀδύνην,
1587 3951 1610 3974 «
1641 3931 1714 3982 da
1745 3933 1877 3984 mihi
1907 3939 1981 3985 vi·

427 4019 557 4054 mcm-
582 4007 770 4056 coutra
800 4006 1026 4055 {risle'lc'ae
1057 4003 1320 4065 dolorem,-
1343 4004 1406 4054 de
1435 4017 1534 4067 qua
1559 4003 1715 4067 signif.
1746 4005 1982 4069 1111011051-

425 4075 573 4128 tionis
607 4079 670 4125 εἰς
697 4089 746 4124 v.
773 4077 998 4126 valcheri.
1025 4075 1088 4124 ad
1114 4074 1281 4124 Plura.
1307 4079 1386 4126 79.
1409 4095 1432 4118 »ι
1453 4074 1597 4133 Quod
1615 4077 1784 4138 postea
1809 4075 1982 4139 impro-

425 4145 566 4196 basse
593 4145 806 4196 videtur.
845 4145 1126 4195 Mirabiliter
1154 4147 1244 4206 (ut
1283 4146 1376 4196 alia
1404 4159 1516 4208 quoe
1551 4143 1701 4204 sileo)
1729 4144 1935 4194 Botbius
1964 4159 1977 4187 ι

428 4235 451 4256 «ι
487 4218 566 4264 καὶ
607 4216 756 4274 λύπης
789 4215 1045 4276 ἀκόνην,
1082 4215 1314 4279 poculum
1339 4229 1438 4278 quo
1461 4215 1629 4264 luctus
1665 4213 1800 4263 velut
1827 4213 1981 4264 hebes

423 4287 632 4336 1101111111.
661 4305 684 4329 1»

484 4419 703 4467 cccxl..
736 4421 932 4468 Lemma
957 4439 970 4467 :
991 4421 1054 4475 ei:
1085 4420 1338 4469 Νικόπολιν
1373 4425 1574 4479 γυναῖκα
1607 4421 1786 4482 Μαρκθ.
1811 4421 1977 4482 (com-

2074 3927 2217 3978 tionis
2248 3928 2431 3978 fontem
2462 3928 2694 3978 indicavit
2720 3929 2921 3978 Salmas.
2948 3931 3119 3978 Exere.
3156 3929 3275 3978 Plin.
3300 3942 3348 3991 p.
3378 3933 3489 3988 882,
3516 3932 3577 3977 A.
3608 3949 3631 3971 »ι

2072 4000 2185 4048 lac.
2206 4024 2268 4035 —
2290 4003 2317 4048 7
2348 3999 2431 4048 οἷά
2447 4015 2491 4048 τι
2519 4001 2623 4062 ἀγλ.
2652 3998 2869 4050 Bothius.
2902 4028 2963 4039 -
2982 4005 3011 4051 8
3030 3999 3103 4049 sic
3129 3999 3355 4058 Brunck.;
3384 3999 3534 4047 εἴκοσι
3548 4000 3630 4046 καὶ

2071 4071 2285 4131 τέτρατον
2307 4069 2428 4120 eod.

2137 4213 2192 4258 In
2212 4210 2434 4260 inferiore
2456 4211 2671 4274 rnargine
2686 4211 2872 4274 pagium
2902 4209 3098 4260 Codicis
3131 4208 3366 4272 seriptum
3389 4221 3463 4271 cp.
3496 4206 3631 4257 Dios

2070 4281 2253 4330 coridis
2286 4281 2420 4343 quod
2444 4281 2569 4330 infra
2597 4281 2776 4344 legitur
2797 4295 2847 4329 n.
2874 4285 2968 4331 450
2985 4318 2999 4338 ‚
3024 4294 3139 4329 curn
3160 4279 3253 4328 hae
3278 4283 3393 4328 nota
3424 4279 3629 4338 ενομίζω

2074 4353 2149 4400 ὅτι
2168 4353 2342 4407 δισσῶς
2374 4357 2525 4400 κεῖται
2552 4353 2605 4400 τὸ
2638 4352 2937 4413 ἐπίγραμμα,
2956 4353 3077 4409 πλὴν
3100 4351 3147 4398 ἑν
3178 4355 3237 4412 τῇ
3263 4349 3385 4405 τάξει
3412 4353 3504 4396 τῶν
3532 4349 3629 4396 ἐπι-

2067 4421 2350 4484 γραμμάτων
2368 4426 2451 4470 τοῦ
2485 4423 2626 4486 κύρου
2655 4423 2847 4484 Memfi>-
2862 4423 3009 4478 οὕτως
3028 4426 3177 4470 κεῖται
3207 4421 3496 4480 συνημμένον
3511 4425 3629 4479 μετὰ

419 4487 622 4550 11011ᾱίος
661 4493 942 4551 Μαραθῶνος
985 4504 1150 4552 apogr.
1201 4492 1348 4540 Paris.
1367 4491 1413 4552 )·
1454 4493 1613 4552 εὑρέθη
1647 4492 1693 4538 ἐν
1739 4492 1976 4540 Θεσσαλο·
2071 4497 2155 4539 τοῦ
2185 4491 2405 4551 ἰαμὸικοῦ
2440 4493 2547 4553 (ep.
2580 4495 2688 4548 345,
2710 4491 2791 4539 ubi
2824 4489 2984 4551 vide).
3004 4493 3144 4539 —ln
3170 4489 3419 4552 sequentis
3446 4489 3629 4552 Qinau

419 4557 542 4616 νίκῃ.
580 4577 604 4600 «ι
639 4559 796 4608 Mariti
833 4559 882 4608 in
919 4561 1202 4623 conjuge-¹113
1233 4558 1480 4609 tenerrimi
1515 4561 1727 4608 aflectus
1776 4559 1973 4621 plenum
2073 4561 2321 4624 superiore
2350 4561 2564 4625 margine
2587 4560 2830 4610 habentur
2852 4560 2953 4610 duo
2979 4561 3329 4627 epigrammata
3351 4561 3550 4621 Tymnae
3578 4563 3625 4609 vt

421 4627 729 4690 epigramma.
763 4651 786 4673 11
819 4632 931 4681 Joc.
959 4657 1022 4667 —-
1067 4637 1084 4679 1
1117 4631 1365 4686 Νικόπολις
1393 4631 1670 4694 Μαράθωνιν
1693 4628 1968 4686 liotzkeru83

420 4699 674 4748 Νικόπολιν
713 4700 988 4764 Μαράθωνις
1028 4700 1171 4758 Cod.;
1213 4703 1465 4750 Νικόπολιν
1493 4703 1778 4762 Μαραθῶνος
1813 4701 1968 4762 Plan„

421 4765 502 4814 ubi
524 4767 802 4829 subjectum
826 4768 992 4827 ‹leest3
1021 4783 1173 4832 quare
1197 4773 1300 4819 Jos.
1321 4771 1531 4834 Scaliger
1553 4771 1788 4834 Μαραθὼν
1820 4773 1977 4828 ἐσεθή-

2072 4634 2281 4695 Anytus,
2303 4632 2432 4681 iufra
2458 4647 2507 4681 n.
2536 4636 2628 4682 477
2656 4635 2707 4682 et
2736 4636 2847 4682 1280.

2134 4774 2357 4822 ccchl
2370 4776 2423 4822 V.
2445 4773 2643 4822 Lemma
2665 4787 2675 4815 ε
2702 4773 2979 4832 Σιμωνίδου,
2998 4773 3063 4827 εἰς
3084 4771 3262 4820 Λέοντα
3278 4770 3382 4818 τινὰ
3402 4769 3455 4818 ὅν
3473 4767 3622 4830 ἐφρού-

421 4851 538 4884 aare
557 4873 570 4896 ,
610 4835 927 4889 Ruhnkenius
959 4843 1193 4903 Μαραθὼν
1226 4843 1507 4900 eveham-ro,
1543 4841 1664 4891 illud
1691 4842 1883 4891 Jacobs.
1926 4842 1973 4892 in
2071 4859 2137 4904 ρει
2164 4845 2287 4891 λέων
2320 4843 2619 4906 μαρμάρινος.
2658 4841 2890 4905 Sequitur
2930 4839 3173 4891 distichon
3213 4839 3362 4902 prius.
3405 4838 3621 4888 Alterum

423 4906 624 4956 Deleetu
649 4919 682 4970 p
729 4913 820 4959 293
840 4913 892 4959 et
917 4911 965 4959 in
991 4912 1113 4960 nott.
1141 4925 1260 4962 mss.
1297 4932 1319 4954 ιι
1355 4914 1630 4974 Μαράθωνις
1659 4925 1753 4960 11011
1778 4911 1975 4963 ridetur
2066 4914 2114 4962 in
2138 4912 2310 4962 ultima
2345 4914 2515 4978 pagina
2558 4912 2741 4973 1110101,
2780 4915 2894 4976 post
2930 4924 3005 4975 ep.
3037 4915 3148 4969 350,
3181 4923 3297 4959 011111
3339 4909 3563 4958 lemmate
3602 4927 3613 4955 ε

420 4976 790 5028 suuieitandum.
839 4979 1157 5031 Inveniuntur
1198 4982 1323 5032 talia
1365 4982 1580 5034 virorum
1621 4982 1832 5042 nomina.
1883 4986 1970 5034 Est

2074 4983 2379 5048 Καλλιμάχου
2416 4984 2480 5040 εἰς
2522 4985 2701 5033 Λέοντα
2739 4983 2841 5032 τινὰ
2884 4983 2937 5030 ὃν
2974 4982 3090 5030 λέων
3109 4979 3202 5030 ,tat
3236 4985 3320 5029 τοῦ
3361 4975 3516 5040 (cons.
3557 4975 3615 5029 ad
