3829 5747
1289 225 1365 285 IN
1394 225 1646 285 CAPUT
1677 226 1776 287 Vll
1821 226 2277 287 ΑΝΝΟΤΑΤΙΟ.

177 368 397 430 scriptum
432 364 538 414 erat
559 362 610 411 in
638 360 820 411 Codice
849 360 981 423 βαιὸν
1011 360 1106 410 ἀπὸ
1131 360 1323 423 ψυχρῶν
1361 359 1645 409 λείπεται
1674 360 1722 415 ἐξ

175 442 334 495 ὑετῶν,
349 436 366 497 (
379 446 582 497 maguus
601 434 654 481 et
677 431 807 482 altus
827 430 974 491 olim)
994 432 1183 479 Laertoe
1201 429 1424 479 tumulus
1441 442 1572 479 nunc
1591 431 1724 491 βαιὸς

178 508 477 562 ἀπολείπεται,
495 515 682 567 parvus
699 504 752 551 et
769 501 966 551 humilis
987 498 1290 563 relinquitur,
1312 502 1463 549 restat
1477 513 1504 548 a
1528 498 1720 563 pluviis„

177 576 274 627 Nisi
296 572 574 623 ἀπολείὸεται
604 570 866 621 insolenter
897 568 1114 632 positum
1131 582 1220 632 pro
1245 569 1488 627 ἐκτήκεται
1519 604 1534 628 ,
1556 568 1723 631 lique-

178 650 296 705 scit,
317 642 525 706 diffluit,
551 643 609 690 ut
626 640 869 691 habentur
891 641 1024 699 τήκω
1047 640 1126 688 καὶ
1149 639 1289 689 λείὸω
1302 638 1488 701 juncta.
1508 664 1568 675 —
1589 646 1615 689 5
1643 640 1724 699 μὲν

180 716 316 777 cod„
339 714 542 764 alterum
569 712 706 762 Plan.
743 712 918 767 Ἀοιδὰς
943 709 1168 769 Homeri,
1200 708 1383 770 quibus
1420 710 1606 757 Laertae
1637 722 1726 757 no-

179 797 282 833 men
309 786 354 832 et
372 780 482 829 laus
508 779 802 830 celebratur.
831 806 894 815 —
910 786 956 829 ο.
997 778 1277 839 Ἆμὸλύνειν,
1298 775 1432 838 quod
1451 775 1563 825 alibi
1581 777 1728 837 ἀμαυ-

181 861 300 917 ροῦν,
329 849 607 901 imminuere
625 850 831 913 alicujus
853 848 925 898 rei
949 846 1049 897 vim
1069 848 1122 897 et
1139 845 1459 909 splendorem.

236 989 476 1040 ccxxvl.
502 989 705 1039 Lemma
726 989 820 1043 ιείς
838 987 1075 1050 Ἀγάθωνα
1095 988 1383 1051 στρατιώτην
1406 988 1452 1035 ἐν
1476 987 1724 1051 Ἀὃδήροις.

183 1091 238 1101 -
267 1066 306 1109 l.
336 1080 358 1101 α
389 1058 514 1108 Hinc
554 1056 730 1108 Suidas
760 1080 770 1108 :
824 1058 1045 1115 αῐνοὸίας·
1091 1056 1358 1119 πολεμικός.
1403 1057 1471 1104 Ex
1511 1068 1658 1105 versu
1697 1059 1725 1106 4

184 1132 305 1181 idem
331 1150 344 1179 :
379 1130 613 1194 ἠνάρισεν·
642 1128 904 1191 ἐφόνευσεν,
931 1128 1224 1178 ἐσκύλευσεν.
1255 1129 1317 1177 Et
1351 1140 1414 1177 ex
1438 1126 1611 1175 eodem
1635 1124 1730 1175 hoc

185 1214 322 1251 versu
345 1200 509 1251 forsan
525 1198 749 1249 dativum
773 1198 1070 1263 στροφάλιγγι
1087 1234 1103 1257 ,
1119 1204 1178 1261 τῇ
1196 1204 1436 1261 συστροφῇ
1450 1234 1465 1257 ,
1497 1197 1731 1247 excitavit

185 1273 228 1319 in
253 1270 518 1333 στροφάλιγξ
531 1307 546 1331 ,
565 1274 596 1328 ἡ
615 1270 872 1333 συστροφὴ.
900 1268 1059 1318 Aliam
1077 1267 1146 1318 illi
1165 1268 1330 1317 Suidae
1353 1268 1460 1317 loco
1492 1268 1726 1329 originem

184 1341 449 1405 quaerebam
465 1340 531 1390 ad
553 1340 725 1392 marin.
745 1353 793 1405 p.
821 1346 936 1399 1223
971 1338 1134 1387 forsan
1151 1341 1203 1387 et
1217 1337 1300 1387 hle
1319 1338 1473 1388 falsus
1499 1342 1549 1387 et
1571 1338 1682 1387 illic.
1705 1357 1728 1379 n

193 1414 248 1461 B.
267 1443 321 1454 -
349 1418 394 1461 2.
421 1411 527 1461 Ἐπὶ
547 1408 928 1474 πυριαῖῆς,ι1ιιιιι
953 1408 1259 1459 cremabatur
1283 1422 1490 1471 corpus,
1518 1410 1565 1458 in
1596 1422 1730 1471 rogo,

189 1484 248 1533 ad
272 1496 454 1546 rogum.
502 1481 755 1531 Beckerus
790 1481 898 1530 haec
930 1502 944 1530 ι
978 1500 1002 1523 α
1031 1477 1104 1528 Ad
1145 1478 1436 1529 sententiam
1477 1482 1588 1541 apte
1613 1490 1730 1526 con-

187 1554 290 1603 ferri
306 1554 506 1615 possunt
535 1550 751 1615 Append.
779 1563 854 1613 ep.
877 1554 986 1611 275,
1020 1556 1048 1599 2
1072 1570 1084 1599 2
1117 1551 1231 1610 ἀμφὶ
1259 1551 1300 1597 ὀ·
1321 1552 1434 1611 ἐμῆς
1466 1550 1624 1611 μοίρης
1639 1552 1732 1602 πᾶς

188 1623 528 1686 εδάκρυσελεῶς·
542 1634 619 1685 ep.
641 1625 791 1681 4015}
811 1635 824 1662 2
848 1622 964 1683 ἀμφὶ
983 1621 1123 1681 δέμοι
1142 1621 1222 1669 καὶ
1242 1622 1384 1681 δῆμος
1401 1620 1522 1673 ἅπας
1540 1619 1730 1680 sciapo-

188 1711 273 1743 σιν.
299 1692 390 1743 Sed
413 1691 483 1741 ita
511 1690 636 1740 mihi
657 1690 810 1740 verba
831 1692 908 1739 ἐπὶ
926 1690 1156 1753 nup-min:
1188 1700 1550 1752 supervacanea
1569 1686 1733 1735 viden·

189 1768 262 1812 tur
272 1766 321 1813 et
339 1761 536 1812 omnino
553 1760 734 1820 aliena3
755 1760 1072 1823 quamobrem
1091 1762 1286 1823 poetam
1304 1758 1562 1821 scripsisse
1581 1760 1731 1820 puto:

189 1834 294 1882 aedc’
315 1833 390 1882 ἐπὶ
407 1832 636 1896 πυρκαῐης
652 1832 727 1889 ἠδ’
754 1832 850 1881 ἑπὲ
864 1832 975 1888 ὄησ
988 1846 1012 1879 ε
1049 1828 1210 1889 πόλις,
1233 1827 1286 1876 id
1307 1830 1383 1877 est

190 1908 254 1965 ψε.
283 1923 306 1945 n
331 1902 419 1951 Vir
445 1901 496 1951 d.
523 1914 604 1965 ap.
628 1903 734 1950 Jac.
760 1903 811 1950 et
833 1897 1234 1948 Schneidewinus
1260 1897 1312 1946 in
1331 1897 1535 1946 Delectu
1567 1910 1613 1959 p.
1646 1900 1732 1947 371

189 1972 476 2035 corrigebant
491 1972 681 2034 ὶγὸησε,
701 1969 788 2019 sed
805 1968 1168 2031 integerrimum
1187 1970 1264 2017 est
1282 1969 1466 2025 ἐδόησε.
1494 1993 1556 2003 -
1577 1974 1606 2016 4
1631 1966 1740 2027 ἠνά-

197 2059 284 2104 ριστ
307 2042 443 2092 Plan.
467 2041 748 2105 Στροφάλιγξ
771 2040 964 2103 proprie
979 2038 1158 2089 dicitur
1180 2036 1244 2087 dc
1259 2038 1476 2100 pulveris
1502 2036 1712 2087 turbine.

241 2186 446 2235 GCXXV
451 2186 516 2235 11.
531 2184 732 2234 Lemma
755 2197 768 2226 t
795 2184 860 2239 εἰς
884 2182 1172 2246 Κριναγὸρην
1195 2180 1483 2242 στρατιώτην
1501 2180 1580 2227 τὸν
1595 2181 1741 2239 Ampi-

193 2256 314 2304 σαιὲα
345 2254 492 2315 (sic).
525 2253 622 2311 Qui
652 2252 717 2302 de
755 2254 962 2302 Larissa
994 2250 1152 2313 patria
1193 2249 1369 2298 rescire
1409 2262 1505 2297 non
1535 2250 1740 2312 poterat,

191 2326 270 2375 nisi
301 2339 370 2374 ex
395 2326 586 2387 integro
613 2322 778 2381 titulo,
807 2321 890 2371 cui
920 2320 1138 2384 subjecta
1165 2317 1390 2368 disticha.
1415 2344 1476 2355 —
1495 2325 1522 2367 2
1565 2336 1589 2361 α
1615 2320 1743 2367 Con-

195 2398 256 2445 fer
277 2394 561 2445 callimach.
601 2396 719 2443 Lav.
749 2393 870 2443 Pan.
896 2396 954 2441 44
985 2410 998 2440 ι
1029 2391 1248 2440 Minerva
1271 2391 1428 2437 ἳππων
1460 2391 1538 2437 καὶ
1561 2394 1744 2440 σακέων

193 2466 382 2527 «impin
409 2464 627 2527 πατάγῳ.
654 2490 716 2501 -
757 2470 803 2515 3.
841 2464 1078 2524 Κάλυμμα
1102 2460 1184 2510 hle
1214 2459 1378 2523 accipe
1429 2460 1491 2509 de
1521 2462 1743 2524 tumulo,

195 2534 268 2597 qui
289 2546 470 2597 parvus
493 2536 602 2583 erat
623 2534 676 2584 in
695 2532 890 2597 regione
916 2535 1122 2595 angusta
1137 2570 1152 2593 ,
1177 2531 1268 2581 sed
1299 2530 1500 2581 t'ortium
1522 2530 1740 2580 vinorum

199 2604 340 2655 feraci.
375 2623 400 2646 υ
427 2605 538 2653 Iac.
1023 2626 1036 2639 ·

248 2744 501 2795 ccxvm.
530 2744 735 2793 Lemma
771 2763 782 2791 ι
812 2745 875 2799 εἰς
914 2745 992 2792 τὸν
1028 2744 1172 2805 τάφον
1202 2742 1511 2805 Ἀνδροτίωνος
1545 2745 1628 2789 καὶ
1665 2748 1746 2799 τῆς

201 2814 324 2863 αὑτοῦ
352 2812 586 2877 γυναικὸς.
629 2830 653 2856 α
684 2811 868 2862 Gallice
887 2812 1037 2862 vertit
1053 2810 1282 2862 Larcher.
1311 2812 1375 2861 ad
1399 2810 1590 2861 charit.
1617 2813 1654 2860 t.
1677 2814 1744 2871 ll,

201 2899 240 2947 p.
275 2891 370 2936 171.
409 2907 432 2929 n
461 2887 524 2934 B.
561 2884 850 2947 Sepulcrum
884 2897 915 2933 a
945 2883 1072 2932 vivis
1099 2884 1192 2933 sibi
1233 2886 1478 2934 structum
1511 2883 1742 2944 loquitur.

201 2984 254 2994 —
273 2964 299 3005 2
319 2955 416 3006 οὐδ’
453 2957 553 3012 ἐνὸς
596 2953 740 3014 cod„
783 2953 918 3016 quod
941 2955 1144 3017 praesert
1179 2953 1380 3004 Dorvill.
1403 2980 1464 2989 —
1491 2959 1535 3002 4.
1581 2955 1749 3002 Extre-

203 3027 280 3074 mis
302 3026 476 3076 similia
501 3025 550 3075 in
585 3027 782 3088 Gregor.
809 3027 920 3074 Naz.
951 3024 1102 3088 epigr.
1129 3030 1189 3075 85
1223 3027 1355 3087 (cap.
1391 3025 1534 3085 Vlll)
1561 3023 1748 3073 indica-

203 3097 262 3145 vit
291 3099 400 3146 Jac.
432 3123 494 3136 -
529 3095 703 3146 Latine
729 3095 880 3145 vertit
903 3094 1152 3145 Ausonius
1179 3095 1305 3158 Epit.
1327 3098 1384 3144 37
1411 3109 1426 3138 ·.

291 3211 358 3254 ne
375 3208 456 3262 sibi
476 3209 524 3253 ct
540 3207 672 3252 uxori
699 3209 746 3251 et
761 3208 878 3252 natis
895 3218 1137 3253 commune
1150 3208 1408 3264 sepulcrum

340 3269 584 3314 constituit
601 3281 718 3315 seras
735 3273 874 3314 Carus
894 3270 952 3314 ad
968 3269 1210 3325 exsequias.

295 3335 482 3388 Jamque
509 3331 590 3376 diu
603 3335 901 3376 monumenta
921 3335 1085 3376 vacant
1114 3346 1126 3372 ι
1155 3331 1304 3386 sitque
1331 3332 1416 3375 ista
1436 3335 1617 3387 quercla

346 3395 624 3448 honglon-..et
648 3394 798 3438 veniat
815 3393 975 3437 ordine
994 3395 1182 3450 quisque
1199 3404 1298 3446 τοο,

295 3455 514 3500 nascendi
530 3454 610 3510 qui
631 3454 728 3510 lege
745 3453 876 3499 datus
894 3470 908 3506 ς
927 3454 1244 3512 placidumuuc
1265 3467 1347 3512 per
1375 3467 1523 3499 aevum

346 3517 596 3572 condatur,
615 3519 728 3562 natu
745 3516 824 3572 qui
843 3517 984 3572 prior,
1005 3515 1082 3560 ille
1100 3513 1245 3570 prior.

259 3649 500 3698 ccxxut.
535 3649 736 3697 Lemma
768 3667 782 3696 ι
819 3648 883 3701 εἰς
911 3647 1240 3709 Θρασὺὃουλον
1271 3649 1349 3695 τὸν
1381 3648 1751 3708 Λακεδαιμόνιον

212 3721 312 3767 ἑπτα
327 3720 508 3780 πληγὰς
533 3718 611 3768 ἐπὶ
629 3721 713 3766 τοῦ
729 3717 926 3775 cracov:
945 3717 1204 3780 δεξάμενον.
1228 3719 1411 3767 lterum
1431 3717 1607 3780 legitur
1627 3717 1756 3766 infra

211 3791 308 3850 post
327 3789 474 3852 epigr.
500 3791 613 3848 721,
643 3799 757 3838 cum
781 3787 1010 3837 lemmate
1039 3801 1050 3830 ι
1073 3789 1138 3844 εἰς
1160 3788 1489 3852 Θρασύὸουὶον
1517 3789 1619 3836 υἱὸν
1640 3790 1754 3838 Τυν-

212 3857 326 3921 νίχου
349 3861 429 3908 τὸν
471 3857 862 3920 Λακεδαιμόνιον.
913 3875 936 3898 «
955 3858 1044 3904 Est
1075 3856 1224 3906 etiam
1261 3855 1310 3904 in
1351 3856 1538 3905 Arsenii
1567 3857 1757 3907 Violeto

213 3940 254 3988 p.
291 3932 393 3979 454.
447 3947 470 3972 υ
509 3927 574 3976 Β.
611 3927 788 3976 Narrat
827 3924 1122 3975 Plutarchus
1164 3923 1520 3988 Apophthegm.
1575 3927 1752 3976 Lacon.

213 4011 252 4060 p.
281 4004 386 4060 235,
412 4003 454 4047 A
479 4011 492 4041 τ
513 3999 758 4060 Τύννιχος,
776 3997 1109 4060 Θρασυὸούλου
1124 4001 1210 4046 τοῦ
1223 3999 1388 4052 παιδὸς
1415 3996 1724 4052 ἀποθανόντος
1742 4034 1756 4056 ,

215 4069 436 4132 εὐρώστως
472 4069 654 4131 ἤνεγκε·
701 4069 783 4116 καὶ
819 4066 1091 4129 ἐπίγραμμα
1125 4068 1190 4123 εἰς
1231 4067 1372 4115 αὐτὸν
1409 4067 1607 4127 ἐγένετο·
1639 4069 1758 4117 'rav

217 4141 457 4189 Πιτάναν
481 4141 608 4196 κτλ..
636 4151 750 4203 quie
785 4141 862 4189 est
897 4138 1015 4188 urbs
1043 4137 1106 4188 ad
1135 4141 1367 4188 Eurotam
1400 4139 1510 4187 sita.
1530 4163 1595 4174 -·
1630 4144 1649 4188 1
1680 4143 1756 4187 τᾰι

217 4212 382 4260 πιτάναι
433 4208 554 4260 cod.
587 4207 672 4258 hic
696 4211 748 4259 et
785 4208 942 4270 Plan„
971 4209 1275 4264 οὖκεπιτανας
1317 4208 1377 4268 (η
1412 4207 1576 4270 posito
1608 4220 1760 4270 super

219 4278 357 4340 priore
381 4280 448 4342 α)
476 4279 598 4330 Cod.
630 4277 783 4329 altero
807 4279 942 4338 1000,
977 4279 1006 4327 i.
1037 4292 1082 4328 e.
1104 4281 1192 4328 οὐκ
1219 4279 1439 4341 Πιτάνας,
1462 4276 1595 4341 quod
1624 4277 1764 4328 dedit

220 4350 352 4402 Boiss.
379 4350 730 4402 Accusativum
774 4361 837 4398 ex
880 4348 1012 4398 Plut.
1046 4347 1228 4411 recepit
1262 4349 1493 4408 Brunck„
1523 4351 1675 4408 recte,
1706 4350 1764 4399 ut

221 4421 324 4470 mihi
343 4420 564 4481 videtum
587 4419 810 4470 dativum
822 4432 912 4482 pro
931 4420 997 4475 εἰς
1014 4418 1221 4468 Πιτάναν
1236 4418 1462 4468 servabat
1478 4418 1622 4468 etiam
1635 4419 1757 4470 Mei-

221 4491 314 4540 nek.
330 4506 379 4556 p.
406 4499 484 4542 86.
514 4517 578 4529 -—
606 4495 635 4541 3
669 4490 806 4539 ἀντία
826 4488 956 4540 Plut.
996 4493 1048 4538 et
1074 4489 1205 4538 Cod-
1244 4490 1396 4540 altcro
1414 4489 1523 4538 loco
1547 4491 1760 4552 (ἅντια);

222 4557 412 4610 hlcmm
429 4561 564 4612 Plan.
590 4560 808 4622 πρόσθια.
834 4585 898 4596 -
919 4563 950 4609 4
975 4559 1048 4608 sic
1064 4557 1183 4608 cod.
1211 4557 1322 4614 Μῦς
1354 4564 1580 4622 πυρκαϊῆς
1603 4559 1763 4620 Plan.·,

221 4635 431 4693 πυρκαϊὴν
447 4631 548 4681 εἶπε
565 4633 716 4696 φέρων
742 4629 864 4680 cod.
895 4630 1050 4681 altero
1075 4627 1213 4686 loco;
1246 4628 1337 4684 θεὶς
1355 4629 1430 4678 ἐπὶ
1454 4635 1684 4690 πυρκαϊῆς
1703 4630 1760 4677 Τ.

225 4701 309 4751 εἷπε
323 4703 428 4752 τάδε
459 4702 589 4753 Plut.
618 4731 682 4744 —
717 4709 763 4752 n.
785 4700 948 4763 Ἐμὸν,
969 4713 1038 4749 sc.
1085 4699 1202 4762 ἐμοῦ
1223 4699 1366 4755 ἄξιον.
1391 4697 1537 4749 llaud
1564 4697 1767 4748 feliciter

225 4773 352 4826 Vertit
375 4774 544 4826 Latine
561 4773 808 4823 Ausonius
826 4771 954 4834 Epit.
986 4775 1062 4821 24.

3248 240 3364 299 4-ίὸ

1809 360 2005 423 Τρέσας,
2025 360 2124 408 ἀντὶ
2142 366 2224 409 τοῦ
2244 360 2417 421 φυγὼν,
2436 358 2663 419 φοὸηθεὶς,
2692 358 2939 415 δειλιάσας.
2974 378 2997 401 τι
3018 361 3367 424 Spartanorum

1809 428 2041 491 loquendi
2074 442 2219 483 usum
2254 426 2472 477 servavit
2516 430 2658 489 pocta
2700 427 2753 477 in
2798 426 2891 478 hac
2936 442 3073 479 voce.
3118 429 3368 481 Plutarch.

1809 504 1956 561 AgeS.
1976 512 2020 547 c.
2052 503 2113 547 30
2135 514 2147 541 ²
2176 505 2271 553 τοῖς
2289 498 2337 547 ἐν
2354 503 2413 560 τῇ
2438 497 2566 560 μάχῃ
2590 498 2992 561 ἀποδειλιάσασιν,
3017 501 3098 555 οὓς
3122 500 3255 550 αὐτοὶ
3278 504 3375 563 τρέ-

1813 586 1985 625 σαντας
2011 569 2306 631 ὀνομάζουσι.
2342 594 2403 603 -
2440 574 2487 617 2.
2513 568 2773 616 Ὀπλιστάν
2811 568 3011 631 κόσμον,
3042 582 3113 619 sc.
3144 572 3205 620 τὰ
3231 572 3373 631 ὅπλα,

1813 642 2011 689 scutum
2044 638 2291 702 inprimis,
2312 637 2446 701 quod
2482 640 2733 687 servatum
2760 638 2935 699 decus,
2958 638 3205 700 abiectum
3244 642 3375 690 infa-

1813 708 1964 759 miam
1985 708 2286 759 conciliabat.
2311 733 2373 745 —-
2392 714 2439 759 3.
2468 707 2689 767 matum,
2724 710 2983 771 Δαμάτριε,
3007 710 3193 771 αὐτίκα,
3221 724 3376 775 pausa

1814 782 2040 830 excusat.
2068 800 2091 822 n
2115 782 2251 841 dac„
2270 779 2365 828 alia
2378 778 2596 841 exempla
2612 779 2837 828 afferens,
2862 806 2925 816 —
2942 782 3000 830 ln
3016 780 3231 844 margine
3248 782 3369 830 cod.

1813 848 1994 912 legitur
2020 848 2171 912 epigr.
2198 848 2407 910 Juliani,
2430 846 2567 911 quod
2593 848 2645 897 in
2670 847 2793 899 serie
2814 848 2943 899 infra
2970 852 3055 912 lx,
3076 854 3188 900 447.

1877 992 2121 1040 ccxxx1.
2144 992 2365 1041 Lemma:
2381 993 2445 1047 εἰς
2459 991 2790 1054 Ἀρισταγόραν
2810 992 3169 1054 Ἀμὸραιιιιὶνι-ην.
3189 996 3373 1043 lterum

1817 1061 1996 1125 legitur
2020 1062 2147 1111 infra
2173 1064 2285 1124 post
2306 1061 2456 1124 epigr.
2486 1066 2597 1111 438.
2620 1080 2643 1104 «ι
2668 1062 2761 1110 Ubi
2778 1061 2954 1111 lemma
2987 1083 2999 1111 ι
3028 1065 3091 1118 εἰς
3112 1064 3375 1125 Ἀριημὲνην

1815 1138 1916 1183 υἱὸν
1946 1132 2233 1195 θεοπὸμπου
2277 1132 2359 1181 τὸν
2390 1131 2590 1195 Δωριέα·
2628 1132 2816 1182 scilicet
2852 1134 3051 1195 propter
3084 1133 3377 1195 scripturam

1816 1218 1994 1253 versus
2021 1203 2223 1253 secundi
2260 1204 2310 1252 in
2342 1203 2495 1253 altero
2519 1203 2631 1253 loeo
2661 1217 2673 1245 ι

1944 1316 2177 1379 Τεθνάμεν
2197 1319 2225 1375 ἢ
2245 1318 2299 1367 τὸ
2319 1322 2474 1380 φυγεῖν
2500 1316 2635 1365 εἵλετ’
2658 1316 2939 1377 Ἀρηῖμένης,

1819 1430 1877 1477 ut
1904 1428 2245 1492 corrigendum
2274 1432 2353 1479 est
2378 1431 2643 1494 Ἀριημένης
2667 1428 2919 1492 scriptum.
2946 1455 3008 1465 —
3039 1434 3082 1478 1.
3110 1429 3233 1477 Hinc
3267 1430 3377 1478 Sui-

1819 1496 1911 1547 das
1942 1512 1955 1541 t
1988 1502 2265 1564 βοαδρὸμος,
2299 1503 2327 1549 ὁ
2364 1502 2550 1563 βοηθός.
2582 1520 2604 1543 υ
2648 1502 2713 1549 Β.
2742 1499 2862 1549 cod.
2892 1498 2977 1549 hle
3002 1500 3265 1563 ἀμὸρακίας
3295 1512 3381 1547 su·

1777 1577 1782 1620 l
1819 1574 2066 1633 per-posito
2100 1589 2171 1628 ης.
2214 1592 2237 1614 ιι
2276 1571 2575 1620 Schneidero
2612 1570 2781 1634 judice
2828 1570 3124 1633 epigramma
3164 1569 3227 1619 ad
3263 1570 3385 1619 illud

1819 1642 2019 1703 tempus
2046 1642 2271 1704 pertinet,
2301 1654 2401 1703 quo
2422 1640 2679 1703 Philippus
2708 1639 2943 1689 Demetrii
2966 1640 3095 1689 filius
3120 1654 3233 1691 eum
3265 1640 3377 1702 Epi-

1821 1710 1943 1760 rotis
1964 1710 2139 1761 urbem
2170 1710 2477 1761 Ambraciam
2500 1710 2551 1759 vi
2588 1710 2895 1774 expugnavit,
2920 1716 3147 1763 narrante
3188 1713 3385 1776 Polybio

1825 1788 1912 1848 lv,
1942 1792 2019 1835 61.
2059 1788 2129 1834 Ex
2158 1785 2429 1848 antiquiore
2455 1788 2618 1835 autem
2637 1785 2680 1835 si
2696 1786 2841 1848 poeta
2859 1798 3150 1849 expressum
3180 1791 3273 1848 est,
3298 1802 3383 1851 pu-

1408 1827 1612 1890 δημθσῑᾳ
1638 1828 1739 1875 ἔθα·
1822 1857 2007 1907 taveris
2051 1857 2289 1920 scriptum
2318 1870 2427 1906 esse
2454 1856 2505 1905 in
2530 1856 2955 1907 Lacedaemonium
2993 1857 3205 1920 aliquem
3236 1872 3298 1908 ex
3326 1859 3386 1909 iis

1825 1928 1911 1990 qui
1938 1940 2066 1977 anno
2092 1927 2300 1991 septimo
2321 1927 2435 1976 belli
2464 1926 2883 1990 Peloponnesiaci,
2918 1927 2983 1977 ol.
3006 1934 3085 1989 88,
3112 1934 3161 1991 4,
3187 1926 3251 1979 ab
3277 1934 3388 1980 Am·-

1825 1996 2005 2046 braciae
2033 1998 2225 2049 civibus
2252 1996 2469 2061 praesidii
2503 2010 2655 2047 causa
2680 1997 2903 2047 arcessiti
2942 1998 3135 2049 fuerant
3152 2035 3167 2059 ,
3212 2004 3267 2049 ut
3306 2004 3385 2051 est

1827 2080 1905 2130 ap.
1936 2067 2133 2118 Diodor.
2154 2070 2257 2129 ΧΠ,
2290 2072 2369 2118 63.
2398 2088 2423 2111 2»
2464 2070 2582 2118 Jac.
2618 2094 2681 2104 —
2717 2074 2745 2117 2
2774 2068 2844 2117 sic
2878 2068 3013 2119 Plan.
3050 2072 3101 2119 et
3125 2068 3246 2119 cod.
3282 2070 3381 2131 hle,

1827 2136 1923 2187 nisi
1947 2138 2083 2199 quod
2102 2137 2418 2201 ἀριστογὸρας.
2455 2136 2591 2186 Suid.
2620 2139 2651 2196 ἢ
2675 2139 2854 2198 φεύγειν
2882 2139 3061 2201 ἤθελεν,
3082 2140 3263 2189 omisso
3290 2140 3379 2203 Ἄρ.

1827 2210 1902 2257 De
1930 2209 2083 2258 altera
2103 2209 2217 2259 leet.
2248 2220 2399 2271 snpra
2416 2206 2570 2257 Boiss.
2604 2234 2659 2248 -
2681 2212 2711 2258 3
2738 2208 2810 2257 sic
2828 2208 2950 2258 cod.
2972 2208 3124 2258 altero
3148 2210 3279 2269 10003
3308 2212 3384 2261 hic

1828 2278 1927 2335 υἱὸς
1949 2278 2239 2341 domin-stou,
2262 2279 2397 2328 Plan.
2430 2278 2530 2335 υἱὸς
2558 2281 2639 2339 6.,
2660 2277 2765 2328 sine
2787 2280 2880 2328 art.
2903 2304 2964 2317 -
2990 2284 3020 2329 4
3041 2281 3096 2329 οὐ
3118 2286 3236 2339 ζωᾶς
3262 2283 3381 2333 eod.

1831 2348 1912 2398 hic
1940 2353 1990 2399 et
2018 2349 2175 2409 Plau.·,
2201 2349 2355 2399 altero
2376 2350 2486 2399 loco
2512 2349 2601 2409 οὐχ
2626 2350 2759 2409 ἦὸας,
2784 2369 2807 2390 «ι
2828 2349 2963 2411 quod
2989 2351 3183 2414 proetuli
3208 2355 3265 2402 ut
3298 2354 3386 2403 ele-

1829 2420 2053 2481 gantium
2072 2420 2209 2469 cons.
2234 2431 2312 2482 ep.
2336 2423 2423 2469 254
2446 2422 2495 2469 et
2514 2425 2625 2470 258.
2650 2440 2673 2462 υ
2689 2422 2803 2470 Iac.
2832 2418 2929 2469 Sed
2954 2421 3131 2471 Boiss.:
3164 2442 3187 2463 a
3209 2426 3386 2486 Apogr.

1829 2490 1943 2538 Par.
1974 2488 2154 2609 ἰὴὶιᾱοΰχ
2182 2492 2333 2551 ἡμᾶς,
2359 2488 2546 2539 scilicet
2576 2490 2710 2547 ἦὸἄς.
2738 2487 2859 2538 Mihi
2882 2492 2939 2540 οὐ
2962 2496 3083 2547 ζωᾶς
3112 2489 3289 2541 fortius
3310 2494 3385 2541 ‹li-

1831 2561 1969 2608 ctum
1994 2559 2040 2608 v'
2076 2562 2203 2609 etur.
2236 2580 2261 2603 »

1893 2699 2170 2748 ccxxxu.
2222 2700 2457 2747 Lemma:
2507 2700 2571 2753 εἰς
2604 2698 2853 2760 Ἀμύντορα
2896 2698 2996 2747 υἱὸν
3032 2699 3287 2749 Φιλίππου.
3334 2704 3389 2750 In

1831 2767 1969 2817 Plan.
1990 2771 2168 2830 Anylsc
2192 2767 2490 2828 inscribitur,
2514 2787 2537 2809 «ι
2565 2781 2627 2817 ex
2654 2767 2968 2831 compendiiS,
2998 2768 3124 2817 ἁνυτ.
3146 2773 3196 2819 et
3214 2772 3389 2830 ἀντιπ.,

1831 2842 1941 2889 orto
1962 2852 2125 2889 errore
2151 2837 2232 2888 hic
2267 2842 2318 2889 et
2358 2851 2469 2888 mox
2501 2851 2576 2904 ep.
2612 2843 2719 2889 236.
2743 2860 2765 2882 υ
2791 2841 2907 2890 Jac.
2938 2866 2998 2876 -—
3025 2845 3053 2890 2
3084 2839 3236 2903 μάχης
3272 2838 3393 2890 cod.

1832 2912 2141 2975 superposito
2159 2929 2205 2959 α.
2240 2940 2299 2950 -
2334 2915 2363 2960 3
2382 2912 2566 2960 rectius
2596 2913 2760 2973 ἤγαγε.
2782 2938 2845 2946 -
2868 2915 2897 2961 4
2929 2912 3097 2974 ἐτάρωι
3118 2911 3260 2970 Cod.;
3288 2912 3397 2962 ἐτά-

1833 2999 1926 3044 ρων
1952 2983 2081 3032 Plan.
2114 2986 2163 3031 et
2182 2981 2319 3031 Suid.
2348 2994 2396 3030 v.
2433 2983 2573 3044 Ἴτυς,
2594 2985 2855 3048 περιφέρεια
2868 2984 3035 3044 ὅπλου,
3061 2981 3148 3032 ubi
3180 2983 3395 3046 plerique

1832 3053 1974 3102 codd.
2006 3055 2143 3116 ἔχων.

1897 3196 2201 3246 ccxxxlu.
2249 3195 2449 3244 Lemma
2479 3215 2491 3242 ι
2532 3195 2596 3249 εἰς
2632 3194 2790 3243 Αἴλιον
2824 3194 3063 3256 Ῥωμαῖον
3106 3196 3395 3256 στρατιώτην

1835 3268 2002 3315 ἑαυτὸν
2022 3265 2357 3327 ἀναιρὴσαντα.
2388 3291 2449 3301 -
2488 3269 2508 3315 1
2532 3271 2750 3328 στρατιῆς
2778 3263 2923 3324 cod„
2946 3277 3043 3312 non
3072 3263 3311 3325 στρατίης,
3338 3267 3397 3312 ut

1837 3336 1975 3386 Plan.
2002 3338 2058 3385 et
2080 3334 2193 3385 edd.
2216 3361 2279 3372 -
2299 3341 2327 3384 2
2345 3334 2579 3397 τωρεὺσας
2598 3334 2719 3384 Cod.
2752 3348 2781 3384 a
2798 3348 2871 3398 pr.
2890 3347 2980 3394 m.,
3009 3352 3040 3382 σ
3060 3347 3091 3382 a
3113 3337 3397 3383 correctore.

1840 3425 1862 3448 «ι
1895 3408 2146 3469 Στέμματα
2164 3405 2229 3456 de
2252 3405 2523 3468 torquibus
2546 3405 2875 3469 intelligenda,
2888 3408 2947 3455 ut
2968 3403 3207 3455 intellexit
3225 3403 3402 3466 Philip-

1837 3489 1933 3540 pus
1954 3476 2003 3526 in
2026 3476 2249 3539 sequenti
2277 3475 2625 3540 epigrammate
2651 3473 2985 3538 Apollonidam
3012 3473 3233 3522 imitatus
3256 3492 3269 3520 ε
3302 3475 3397 3534 ψε-

1838 3547 1948 3596 λιώ
1965 3564 2079 3602 σας
2123 3547 2298 3609 αὐχένα
2342 3547 2599 3608 στεφάνοις.
2644 3547 2717 3593 De
2760 3543 3018 3606 torquibus
3061 3543 3145 3605 qui
3204 3541 3401 3591 honoris

1841 3629 1991 3666 causa
2021 3615 2137 3665 viris
2180 3614 2392 3666 sortibus
2432 3614 2755 3675 donabantur,
2796 3627 2846 3664 v,
2895 3615 3045 3664 Tacit.
3082 3619 3207 3662 Anu.
3244 3615 3307 3674 ΙΙ,
3348 3621 3396 3674 9,

1841 3685 2045 3744 Quintil.
2076 3689 2157 3745 vl,
2188 3690 2237 3746 3,
2266 3679 2458 3746 79‚'Sil.
2486 3685 2595 3735 ltal.
2630 3687 2733 3744 xv,
2772 3683 2963 3746 255,a1.
2998 3705 3023 3728 2.
3057 3686 3175 3734 Jac.
3204 3710 3254 3719 —
3286 3690 3314 3734 3
3339 3688 3403 3743 εἰς

1840 3757 2021 3815 ὑπάτην
2048 3755 2194 3814 Cod.,
2226 3755 2382 3815 Plan.‚
2412 3759 2462 3804 et
2478 3757 2689 3804 testatur
2721 3753 2857 3804 Suid.
2886 3767 2925 3803 s.
2942 3767 2994 3804 v,
3020 3773 3043 3796 «ι
3075 3753 3173 3803 Sed
3203 3753 3402 3816 quinam

1841 3825 2043 3876 morbus
2069 3826 2135 3875 sit
2176 3824 2331 3882 ὑπάτη
2368 3825 2524 3884 νόσος,
2568 3837 2666 3872 non
2709 3823 2922 3887 intelligo
2938 3860 2953 3884 ,
2978 3835 3137 3884 neque
3166 3819 3405 3885 adjectivo

1841 3899 2020 3952 ὕπατος
2074 3895 2226 3946 tribui
2264 3897 2429 3956 potest
2485 3893 2563 3942 vis
2616 3893 2957 3954 insanabilis,
2999 3893 3191 3944 letalis.
3240 3897 3403 3951 Quare

1843 3966 2004 4016 scribo
2042 3969 2105 4022 εἰς
2126 3964 2375 4028 πυμάτη
2393 3983 2431 4013 ν.
2454 3966 2601 4014 Recte
2628 3965 2796 4012 autem
2830 3962 3019 4013 dictum
3055 3963 3308 4012 ὠλίσθανεν
3339 3965 3403 4018 εἰς

1842 4038 1991 4101 τέρμα
2019 4039 2239 4100 ἄφυκτον,
2264 4035 2297 4084 i.
2328 4047 2372 4084 e.
2403 4038 2467 4092 εἰς
2489 4035 2647 4098 ᾍδου,
2674 4036 2732 4084 ut
2756 4036 2834 4083 est
2862 4032 3079 4097 Append.
3112 4047 3189 4097 ep.
3218 4039 3329 4093 238,
3360 4040 3401 4082 1.

1847 4109 1979 4158 lnsra
2004 4121 2083 4171 ep.
2117 4111 2227 4167 273,
2254 4110 2285 4156 3
2310 4118 2323 4147 =
2352 4105 2617 4154 ἀπώλισθον
2643 4105 2695 4154 δὲ
2721 4105 2862 4168 βίοιο.
2896 4123 2920 4147 ι»
2959 4103 3177 4155 Ilecker.
3219 4103 3403 4154 Certis-

1846 4178 1970 4228 sima
1994 4177 2286 4229 emendatio.
2308 4205 2371 4218 -
2392 4181 2419 4226 4
2453 4177 2498 4232 ἐς
2522 4177 2583 4225 ἰδ.
2610 4174 2756 4236 Cod.‚
2794 4174 3026 4237 idemque
3053 4189 3169 4224 cum
3196 4175 3327 4224 l’lan.
3356 4177 3408 4222 et

1845 4249 1982 4299 Suid.
2018 4250 2243 4312 ἐμφανὲς,
2278 4245 2414 4310 quod
2444 4244 2659 4296 correxit
2696 4245 2979 4304 Heckerus,
3022 4245 3132 4295 coll.
3174 4259 3224 4293 ν.
3271 4249 3301 4294 4
3336 4259 3407 4294 se-

1845 4319 2045 4381 quentis
2061 4332 2156 4382 ep.,
2177 4319 2325 4381 ἰργων
2343 4331 2529 4378 μαρτυ
2546 4314 2687 4377 ρίην.
2718 4333 2741 4356 α
2771 4315 2907 4364 Εἲδεν
2926 4315 3069 4374 εἰς...,
3092 4315 3155 4364 ad
3176 4314 3407 4365 virtutem

1849 4403 1990 4440 suam
2020 4389 2229 4438 recurrit
2254 4392 2304 4439 et
2321 4387 2383 4437 ab
2414 4385 2509 4435 hac
2535 4385 2744 4435 salutem
2772 4385 2960 4449 petivit.
2986 4387 3067 4436 Sic
3096 4385 3275 4436 dicitur
3298 4388 3403 4449 βλέ·

1849 4475 1971 4519 πειν,
1989 4460 2098 4521 ὀρᾷν
2122 4459 2186 4514 εἷς
2208 4474 2271 4506 τι.
2298 4477 2322 4500 ν
2343 4458 2459 4506 Iac.
2483 4455 2580 4513 Qui
2603 4456 2797 4518 ἐμφανὲς
2814 4455 2865 4504 in
2890 4456 3093 4506 Delectu
3115 4469 3165 4520 p.
3194 4459 3285 4506 423
3323 4469 3403 4506 ac-

1847 4527 2059 4592 cipiebat
2083 4540 2173 4590 pro
2209 4526 2441 4591 ἀμφαδὸν,
2485 4524 2802 4589 manisesw5
2834 4525 2883 4575 in
2927 4525 3056 4576 notis
3092 4539 3211 4577 mss.
3244 4529 3407 4578 autem

1848 4597 2026 4649 Reiskii
2050 4598 2383 4660 conjecturam
2408 4595 2667 4660 ainplexus
2691 4595 2857 4659 posuit

1977 4719 2149 4763 νοῦσον
2177 4712 2245 4760 ὅτ’
2266 4714 2329 4767 εἷς
2347 4711 2528 4770 ὑπάτην
2560 4712 2811 4767 ὠλίσθανε,
2837 4711 2988 4774 τέρμα
3011 4711 3053 4760 τ’
3071 4712 3275 4775 ἄφυκτον

2043 4786 2161 4834 εἶδεν
2177 4819 2191 4845 ,
2212 4784 2450 4848 ἀριστείην
2470 4783 2532 4845 ξφ
2545 4785 2571 4831 θ
2586 4799 2617 4831 α
2632 4799 2665 4832 σ
2677 4798 2698 4831 ε
2709 4801 2735 4831 ν
2761 4783 2827 4839 εἰς
2854 4782 2997 4845 ἰδίην,

279 4913 488 4963 CCXXX.
517 4915 720 4964 Lemma
746 4927 756 4954 τ
781 4915 845 4971 εἰς
871 4913 1132 4974 Δημήτριον
1169 4913 1542 4973 Λακεδαιμόνιον
1568 4911 1662 4960 ὑπὸ
1682 4917 1764 4969 τῆς
1811 4938 1816 4983 Ι
1853 4909 2127 4960 secundum
2155 4907 2263 4958 haec
2288 4907 2495 4971 Philippi
2528 4924 2543 4966 ς
2589 4907 2808 4970 δράμεν
2836 4908 2882 4963 ἐς
2911 4907 3136 4971 προτέρην
3164 4905 3309 4970 ἔργων
3338 4907 3415 4968 ἄρ-

230 4981 329 5040 ἰῦίας
361 4986 526 5066 μητρὸς
562 4984 869 5064 ἀναιρεθέντα.
903 4987 1202 5066 Ερρῐεξειιπι
1229 4995 1258 5032 e
1296 4984 1496 5044 ‘l’ymnae
1524 4981 1761 5062 epigram·
1811 4988 1818 5073 Ι
1855 4997 1971 5030 σενα
2017 4978 2282 5042 μαρτυρίην.
2326 5003 2388 5014 —-
2422 4984 2451 5027 5
2493 4977 2569 5025 ἑὸν
2612 4977 2749 5040 ἔγχος
2793 4975 2957 5026 Suidoe
3003 4973 3114 5026 libri
3152 4974 3412 5032 meliorem

229 5056 342 5106 mate
369 5055 489 5105 infra
503 5059 612 5106 433.
638 5079 699 5092 -—
725 5061 746 5104 1
768 5053 844 5104 bis
859 5053 1039 5119 legitur
1061 5066 1116 5103 nn
1141 5051 1282 5116 cod„
1305 5056 1356 5103 ct
1375 5067 1450 5117 ap.
1490 5051 1688 5102 suidam
1716 5065 1766 5102 v.
1813 5091 1820 5112 ,
1859 5051 2071 5100 θνάσκων
2090 5047 2211 5100 cod.
2241 5075 2303 5086 —
2328 5056 2359 5100 6
2379 5049 2479 5112 ἔχοι
2509 5047 2644 5098 Plan.
