3829 5747
449 250 528 292 XX

1870 231 1902 290 J
1911 231 2203 292 ACOBSII

449 367 748 438 cessisset,
774 366 983 426 sactum
1007 380 1095 426 est
1125 377 1221 437 ut,
1253 364 1620 424 Constantini
1654 363 2000 440 Anthologia
2092 377 2359 445 suscepta
2389 379 2478 426 est
2506 387 2636 445 quae
2666 367 2727 426 in
2772 386 3006 426 censum
3046 367 3251 426 venire
3281 367 3485 444 possit.
3528 365 3652 424 Sed

447 477 522 514 ex
568 455 858 528 tenebris,
915 453 1130 533 quibus
1175 472 1282 532 per
1329 453 1499 529 plura
1546 453 1754 511 saecula
1796 451 2003 510 obruta

453 545 662 614 suerat,
714 543 773 601 in
818 543 1004 601 lucem
1065 554 1396 619 protracta,
1445 539 1728 598 Planudis
1787 559 1999 618 opera,

449 633 617 711 cnjus
654 632 803 690 ratio
831 644 889 689 et
941 631 1146 688 modus
1197 644 1314 687 tum
1353 630 1582 688 demum
1628 630 1900 705 cognosci
1945 642 2003 687 et

449 721 696 796 intelligi
735 731 992 796 poterat,
1033 737 1066 776 a
1110 718 1471 776 doctissimis
1512 717 1852 776 hominibus
1880 737 1999 776 non

447 811 575 867 sine
595 825 795 878 causa,
821 807 956 878 sed,
981 819 1046 864 ut
1065 806 1211 864 mihi
1241 807 1474 884 quidem
1497 805 1750 878 videtur,
1779 804 2003 884 majore

447 914 621 973 quam
663 913 773 971 par
815 905 938 952 erat
974 893 1286 952 acerbitate
1335 893 1896 971 reprehensionibus
1945 905 2003 954 et

447 983 733 1042 conviciis
761 981 1258 1061 proscinderetur.

526 1070 690 1130 Sicut
711 1083 929 1141 autem,
957 1070 1112 1147 quod
1143 1069 1437 1141 diximus,
1469 1068 1838 1128 Constantini
1863 1069 1998 1127 Flo—

445 1160 653 1235 rilegio
697 1158 1058 1236 antiquiores
1093 1158 1186 1216 illi
1229 1157 1475 1237 στέφανοι
1504 1176 1621 1215 una
1660 1178 1792 1216 cum
1821 1156 2001 1237 κύκλῳ

444 1246 702 1322 Agathiae
729 1245 1000 1304 manibus
1027 1245 1330 1302 hominum
1361 1245 1588 1302 excussi
1623 1245 1886 1317 fuerunt,
1920 1247 2003 1304 ita

443 1337 636 1414 ipsum
667 1334 1033 1393 Constantini
1071 1346 1374 1410 syntagma
1413 1331 1696 1391 Planudis
1733 1353 1909 1412 opere
1938 1335 2000 1392 in

442 1423 802 1481 oblivionem
858 1423 1168 1479 adductum
1226 1433 1331 1480 est.
1385 1419 1530 1477 Nam
1589 1433 1720 1498 post
1773 1434 2001 1480 renatas

443 1511 656 1570 saeculo
684 1510 908 1568 decimo
936 1508 1145 1585 quinto
1190 1507 1388 1566 literas
1426 1505 1708 1566 Planudis
1757 1507 2000 1567 Florile-

445 1600 642 1674 gium,
682 1610 810 1676 post
849 1598 1095 1676 primam
1144 1595 1458 1654 editionem
1491 1613 1526 1652 a
1567 1594 1715 1653 Jmo
1759 1595 2000 1654 Lascnu

442 1686 761 1762 Byzantino
816 1684 1122 1744 Florentiae
1197 1685 1401 1742 factam
1461 1685 1534 1759 (⁴)
1558 1727 1575 1754 ,
1629 1683 1834 1743 crebro
1896 1706 2001 1762 per

441 1775 592 1832 alios
620 1793 750 1831 cum
779 1773 842 1832 in
873 1773 1070 1832 eadem
1110 1771 1258 1831 urbe
1277 1814 1294 1843 ,
1329 1784 1448 1829 tum
1477 1771 1732 1831 Venetiis
1760 1785 1817 1830 et
1857 1773 1997 1833 alibi

443 1863 600 1940 typis
629 1860 931 1940 repetitum
973 1859 1112 1940 (⁴4),
1137 1860 1568 1918 commentariis
1594 1861 1764 1917 etiam
1797 1880 1830 1918 a
1857 1862 2001 1921 duo-

445 1952 557 2010 bus
583 1949 1018 2008 Franco-Gallis
1037 1993 1055 2023 ,
1078 1948 1302 2006 JOANNE
1337 1947 1583 2005 Baonaeo
1602 1991 1618 2018 ,
1641 1947 1692 2005 T
1697 1949 1998 2026 monensi,

444 2053 504 2098 et
528 2039 848 2097 vinem-no
874 2038 1162 2097 Orsoroso
1196 2037 1340 2115 (⁴⁸¹⁵)
1380 2037 1732 2096 illustratum
1777 2050 1882 2094 est.
1932 2036 1998 2095 ln

448 2127 664 2206 quibus
692 2126 1052 2186 editionibus
1082 2139 1255 2204 atque
1284 2124 1718 2185 commentariis
1757 2123 1898 2200 quid
1927 2127 1997 2184 ad

443 2215 858 2274 emendandam
901 2213 1420 2290 illustrandamque
1473 2212 1873 2290 Anthologiam
1924 2217 1999 2271 sit

440 2302 762 2380 praestitum
783 2344 800 2373 ,
832 2319 1128 2378 exponere
1167 2302 1358 2357 conati
1389 2319 1590 2356 sumus
1621 2299 1682 2357 in
1720 2299 1998 2374 Prolego-

439 2389 628 2448 menis
649 2390 842 2467 primo
874 2387 1459 2446 Animadversionum
1491 2399 1818 2445 nostrarum
1847 2407 1997 2464 prse-

437 2479 572 2536 fixis
599 2478 915 2548 volumini3
946 2476 1099 2534 unde
1135 2488 1332 2554 petant
1369 2495 1618 2554 quorum
1648 2476 1772 2534 haec
1820 2496 1992 2535 nosse

441 2565 702 2625 interest.
735 2565 824 2623 Ad
855 2577 1114 2622 nostrum
1147 2564 1455 2622 consilium
1489 2563 1708 2622 sufficit
1740 2551 1996 2623 comme-

439 2673 697 2712 morasse
730 2653 976 2711 Hmvmcx
1003 2651 1286 2709 Sumam
1319 2672 1555 2730 operam
1589 2652 1653 2709 in
1686 2651 1997 2728 Florilegio

438 2739 722 2798 Planudis
750 2759 879 2800 cum
910 2739 1188 2797 auctariis
1217 2739 1489 2816 notisque
1515 2740 1739 2798 criticis
1763 2740 1994 2815 elegan-

439 2841 526 2887 ter
554 2827 778 2887 edendo
799 2826 1111 2907 praestitam
1139 2849 1155 2899 3
1183 2845 1356 2905 quam
1377 2826 1690 2886 editionem
1711 2871 1729 2901 ,
1751 2826 1998 2886 Parisiis

435 2934 708 2974 excusam
740 2936 892 2972 anno
922 2916 1105 2985 1566,
1131 2934 1250 2972 non
1269 2914 1448 2990 longo
1474 2913 1784 2973 intervallo
1803 2928 1999 2973 secuta

441 3018 528 3063 est
555 3025 621 3063 ea
647 3024 774 3082 quae
805 3023 840 3061 a
865 3002 1142 3061 Wechelii
1166 3002 1480 3061 heredibus
1519 3002 1762 3061 meliore
1791 3003 1993 3061 consi-

437 3093 520 3150 lio
549 3110 720 3169 quam
747 3091 956 3149 effectu
980 3104 1292 3167 procurata
1317 3103 1403 3148 est
1440 3089 1482 3146 F
1485 3089 1802 3148 rancofurti
1834 3108 1989 3147 anno

443 3182 620 3240 1600.
644 3178 736 3238 lbi
762 3179 941 3237 textui
970 3176 1362 3256 Stephaniano
1383 3180 1647 3255 apposita
1669 3190 1806 3236 sunt
1832 3176 1996 3235 scho-

441 3268 521 3325 lia
562 3287 596 3325 a
627 3264 1050 3325 recentioribus
1090 3265 1314 3323 Graecis
1363 3284 1396 3322 e
1434 3262 1774 3339 vulgaribus
1824 3263 1998 3322 libris

436 3376 669 3416 corrasa
702 3354 818 3434 (†),
855 3352 1103 3430 subjecti
1132 3367 1322 3413 autem
1369 3353 1768 3411 commentarii
1806 3353 1999 3430 Opso—

436 3446 556 3523 poei
584 3458 641 3503 et
675 3442 904 3501 Brodaei
920 3485 938 3515 ,
965 3454 1022 3499 et
1043 3441 1106 3499 hi
1133 3442 1374 3519 quidem
1408 3460 1540 3500 cum
1565 3440 1998 3500 accessionibus

435 3552 470 3590 a
500 3532 744 3591 Brodaeo
771 3530 1062 3609 profectis.

513 3618 654 3680 Post
682 3620 830 3677 hanc
851 3618 1167 3677 editionem
1197 3634 1304 3695 per
1321 3616 1440 3674 duo
1467 3616 1586 3675 fere
1604 3616 1812 3675 saecula
1835 3616 1999 3675 nulla

501 3776 570 3839 (*)
600 3780 739 3827 Anno
767 3780 884 3827 1494
901 3812 914 3835 ,
955 3776 1110 3825 forma
1139 3778 1210 3835 4⁸,
1243 3774 1394 3824 editio
1423 3772 1698 3823 uncialibus
1745 3786 1869 3836 quas
1911 3787 1999 3823 vo-

435 3850 550 3897 cant
578 3848 734 3898 literis
760 3858 1004 3911 expressa.
1055 3844 1177 3895 Vide
1203 3843 1374 3895 Wolfii
1416 3844 1633 3894 Analect.
1670 3844 1766 3893 litt.
1803 3844 1921 3894 fasc.
1953 3846 1996 3906 Ι,

435 3932 485 3982 p.
510 3924 597 3969 237
622 3932 761 3981 seqq.

496 3990 591 4055 (**)
615 3989 758 4055 Apud
787 3989 962 4040 Aldum
983 4003 1028 4038 a.
1059 3992 1195 4049 1503,
1229 3991 1340 4039 1521
1378 3991 1432 4037 et
1456 3991 1606 4043 1550;
1639 3986 1771 4049 apud
1796 3986 2000 4035 Juntam

435 4062 690 4112 Florentiae
723 4074 772 4111 a.
807 4064 957 4117 1519:
993 4072 1071 4123 ap.
1095 4058 1300 4108 Badium
1325 4063 1525 4107 Ascens.
1553 4054 1749 4106 Parisiis
1771 4068 1818 4106 a.
1850 4061 1994 4116 15:313

434 4132 565 4195 apud
587 4131 831 4181 Nicolinos
857 4130 1114 4181 sabienses
1135 4166 1149 4189 ,
1185 4130 1363 4178 venet.
1397 4134 1535 4179 155⁰.

501 4204 625 4265 (***)
654 4205 888 4266 opsopoei
913 4198 1294 4251 commentarius
1322 4198 1372 4247 in
1409 4202 1515 4249 tres
1549 4198 1735 4261 priores
1757 4197 1995 4247 Antholo-

438 4274 531 4339 giae
577 4274 728 4324 libros
759 4276 809 4323 et
849 4274 898 4323 in
933 4272 1195 4336 septimum
1226 4270 1440 4336 primum
1483 4269 1665 4333 prodiit
1703 4268 1904 4319 Basileae
1950 4284 1994 4319 a.

441 4350 587 4405 154ος
615 4344 824 4394 Brodoea·
842 4342 1209 4393 observationes
1233 4340 1284 4391 in
1305 4340 1547 4404 integrum
1575 4339 1886 4403 Florilegium
1902 4336 1997 4389 ihi·

431 4412 546 4465 dem
570 4430 647 4479 ap.
677 4414 880 4463 Froben.
909 4427 955 4463 a.
992 4418 1129 4464 1549.

498 4486 574 4548 (†)
597 4484 841 4548 [Millerus
859 4497 999 4533 meus
1019 4484 1247 4533 Delectus
1266 4480 1394 4531 duos
1411 4479 1812 4545 epigrammatum
1833 4480 1995 4531 osten·

431 4555 506 4607 dit
535 4556 658 4606 mihi
684 4570 712 4606 a
745 4553 1024 4618 Byzantinis
1049 4552 1331 4603 hominibus
1356 4550 1705 4601 commentario
1727 4550 1995 4601 instructos

430 4628 667 4687 verboso,
693 4625 1037 4691 grammaticas
1065 4638 1221 4686 nugas
1247 4626 1299 4672 ct
1325 4634 1467 4671 omne
1489 4634 1650 4685 genus·
1665 4620 1870 4685 ineptias
1887 4634 1995 4670 nar-

430 4700 600 4757 rante,
626 4711 688 4747 ex
728 4696 931 4755 eadem,
965 4698 1021 4744 ut
1049 4692 1264 4752 videtur,
1306 4693 1511 4742 officina
1546 4690 1677 4741 unde
1709 4690 1995 4755 prodierunt

431 4768 616 4818 scholia
661 4782 773 4830 qum
820 4766 1066 4830 speciosos
1118 4764 1316 4815 codices
1371 4764 1731 4827 Oppianeorum
1769 4764 1989 4811 onerant.

432 4839 568 4889 Talia
595 4854 708 4889 cum
742 4838 887 4889 taedio
918 4850 1114 4886 summo
1135 4838 1504 4899 percurruntur.
1539 4834 1720 4883 Similis
1747 4832 2000 4881 fueritco-

431 4910 529 4960 dex
564 4909 856 4969 Vaticanus,
888 4907 1010 4957 olim
1051 4905 1255 4956 Parisiis
1289 4918 1338 4954 ιι.
1384 4910 1462 4965 20,
1502 4902 1566 4953 de
1603 4917 1704 4966 quo
1747 4902 1926 4953 Hasius
1980 4923 1993 4953 ι

434 5001 458 5023 «ι
495 4981 726 5031 Continet-
748 4978 1103 5043 epigrammata
1131 4988 1247 5025 cum
1277 4974 1476 5025 scholiis
1497 4974 1766 5025 maximam
1804 4975 1993 5023 nartem

433 5051 498 5101 ad
529 5064 632 5101 rem
657 5048 1024 5124 grammaticam
1052 5044 1426 5111 pertinentibus.
1453 5064 1478 5087 v»
1508 5049 1521 5064 ·

2094 474 2273 530 quum
2313 455 2529 514 eruditi
2558 455 2795 534 quidam
2827 457 3123 528 homines,
3150 457 3253 533 qui
3284 473 3483 530 graecae
3508 475 3661 533 poe·

2094 561 2189 600 sos
2234 543 2489 603 studium
2540 564 2670 603 cum
2718 544 2901 603 Musis
2947 544 3145 603 latinis
3186 544 3657 616 conjunxerant,

2092 631 2510 708 epigrammata
2552 632 2704 691 haud
2754 652 2963 710 pauca,
2998 632 3261 690 ludentes
3308 632 3664 711 plerumque

2090 732 2150 775 et
2178 719 2338 778 aliud
2384 731 2649 794 agentes,
2696 721 2759 778 in
2788 720 3032 778 latinum
3074 739 3399 778 sermonem
3439 723 3659 779 vertis-

2092 821 2250 879 sent,
2282 827 2399 866 non
2434 827 2636 866 omnes
2658 809 2863 866 eodem
2896 827 3167 867 successu
3190 851 3209 885 ‚
3234 809 3335 866 sed
3368 809 3534 866 multi
3558 829 3657 866 sa-

2092 895 2165 952 tis
2216 895 2602 973 probabiliter
2669 895 2745 974 (⁴²)
2768 939 2784 968 ,
2851 897 3059 954 saeculo
3109 896 3338 954 decimo
3400 898 3661 974 septimo

2089 983 2310 1042 exstitit
2350 983 2519 1040 Huco
2559 983 2852 1055 Gneo-rius,
2905 984 3002 1043 vir
3044 985 3295 1042 eximius
3338 999 3396 1043 et
3432 985 3493 1042 in
3546 986 3661 1042 illo

2091 1090 2326 1148 quoque
2367 1071 2617 1144 saeculO,
2664 1071 2953 1129 nobilium
3000 1072 3371 1147 ingeniorum
3416 1072 3663 1130 feracis—

2090 1159 2241 1217 simo
2258 1203 2275 1232 ,
2302 1178 2335 1216 a
2362 1158 2565 1236 paucis
2597 1172 2905 1237 superatus
2923 1201 2940 1230 ,
2971 1163 3071 1235 qui
3100 1171 3233 1237 post
3258 1159 3489 1233 eclogas
3512 1181 3659 1237 poe-

2094 1247 2233 1306 ticas
2255 1267 2328 1305 ex
2345 1261 2593 1325 utroque
2613 1246 2859 1305 Joannis
2882 1245 3098 1305 Stobaei
3128 1265 3303 1325 opere
3321 1261 3656 1324 excerptam

2090 1337 2444 1413 alteramque
2513 1336 2670 1394 illam
2734 1335 3135 1393 collectionem
3190 1336 3451 1393 locorum
3512 1337 3659 1394 illu-

2090 1425 2295 1482 strium
2350 1443 2424 1481 ex
2477 1423 2742 1499 Tragicis
2794 1422 3166 1499 comicisque
3225 1422 3463 1498 graecis,
3518 1444 3661 1500 quae

2091 1512 2292 1570 omnia
2320 1511 2523 1571 eodem
2554 1523 2872 1569 metrorum
2914 1529 3123 1586 genere
3153 1510 3351 1569 latinis
3382 1511 3659 1570 versibus

2089 1613 2482 1678 expresserat,
2564 1598 2969 1674 Anthologiam
3048 1617 3282 1676 quoque
3361 1599 3655 1672 integram

2088 1689 2287 1746 eadem
2322 1689 2547 1746 ratione
2572 1687 2908 1745 vertendam
2939 1687 3215 1765 suscepit.
3246 1686 3417 1755 Quod
3447 1685 3521 1744 ab
3552 1706 3653 1755 eo,

2089 1795 2226 1833 sene
2255 1775 2631 1851 sexagenario
2652 1819 2668 1847 ,
2700 1793 2925 1833 summa
2952 1793 3082 1831 cum
3122 1787 3244 1832 arte
3272 1793 3378 1831 nec
3414 1775 3659 1832 minore

2090 1863 2393 1939 diligentia
2421 1861 2738 1940 perfeetum
2777 1879 2907 1918 esse
2934 1879 3135 1918 omnes
3176 1881 3295 1918 uno
3325 1880 3425 1919 ore
3456 1862 3659 1920 saten—

2092 1964 2206 2011 tur.
2238 1950 2447 2008 Verum
2487 1949 2601 2007 hoc
2634 1962 2747 2006 tam
2791 1949 3069 2006 eximium
3112 1967 3263 2026 opus
3307 1969 3483 2026 quum
3531 1969 3659 2008 una

2089 2057 2216 2096 cum
2250 2050 2407 2095 textu
2440 2055 2627 2112 graeco
2652 2035 2923 2113 plurimis
2950 2054 2985 2092 a
3006 2053 3068 2093 se
3095 2035 3242 2092 locis
3271 2036 3485 2093 rectius
3510 2056 3656 2093 con-

2089 2130 2287 2184 stituto
2309 2125 2571 2183 editurus
2594 2137 2775 2196 esset,
2800 2122 3230 2199 editionemque
3254 2123 3524 2180 instantis
3548 2123 3655 2180 sati

2089 2213 2335 2292 quadam
2366 2213 2758 2291 praesensione
2787 2224 3052 2286 urgeret,
3092 2224 3280 2267 morte
3316 2224 3659 2287 praeventus

2087 2314 2173 2360 est
2213 2303 2336 2378 (⁴²⁴).
2367 2301 2516 2358 Hinc
2560 2301 2769 2357 sactum
2807 2310 2989 2356 estut
3028 2311 3217 2356 textus
3256 2316 3289 2355 a
3330 2297 3539 2356 Grotio
3576 2299 3659 2356 ad

2088 2394 2349 2450 criticam
2378 2390 2661 2448 rationem
2690 2391 3027 2446 emendatus
3056 2387 3308 2464 periret,
3338 2387 3519 2444 latina
3544 2407 3655 2445 au-

2088 2494 2198 2539 tem
2229 2478 2629 2557 interpretatio
2656 2478 2757 2535 diu
2784 2477 2847 2534 in
2874 2474 3365 2533 bibliothecarum
3390 2473 3658 2533 tenebris

2089 2567 2319 2638 lateret,
2354 2567 2537 2624 donec
2577 2562 2873 2641 exemplar
2904 2562 3035 2639 ejus
3064 2581 3135 2620 ex
3176 2560 3535 2619 bibliotheca
3577 2561 3649 2620 1³.

2088 2655 2401 2715 Burmanni
2448 2654 2697 2711 Secundi
2742 2650 2925 2728 (*⁴*),
2952 2650 3054 2727 qui
3104 2649 3360 2726 plurima
3404 2647 3545 2706 inde
3586 2649 3657 2705 in

2088 2742 2521 2805 commentariis
2542 2743 2666 2801 suis
2692 2739 2995 2808 excitavit,
3020 2738 3090 2796 ad
3122 2738 3542 2814 Hieronymum
3574 2759 3659 2794 nr.

2086 2838 2301 2904 Boscn,
2326 2832 2518 2889 virum
2542 2849 2670 2889 cum
2694 2828 2871 2887 totius
2892 2825 3251 2904 antiquitatis
3270 2868 3286 2895 ,
3308 2838 3429 2883 tum
3458 2824 3660 2882 latinae

2088 2921 2361 2999 inprimis
2403 2936 2649 2997 poeseos
2692 2915 3149 2974 amantissimum
3172 2956 3190 2986 ,
3224 2912 3478 2971 delatum
3518 2912 3661 2971 talis

2087 3010 2395 3076 editionis,
2442 3006 2671 3084 qualem
2729 3003 2971 3062 Grotius
3024 3013 3214 3060 mente
3265 3014 3617 3078 conceperat
3636 3044 3655 3069 ,

2088 3097 2397 3158 consilium
2425 3108 2676 3174 pareret.
2704 3092 2934 3150 Prodiit
2954 3088 3075 3147 baec
3096 3089 3280 3148 editio
3296 3132 3319 3163 ‚
3340 3088 3657 3166 spectabili

2092 3186 2410 3246 formarum
2445 3180 2885 3257 magnitudine,
2918 3178 3247 3236 chartarum
3286 3178 3517 3254 nitore,
3558 3190 3658 3253 ty-

2088 3291 2297 3351 porum
2324 3270 2609 3345 elegantia
2640 3266 2835 3325 oculis
2862 3283 2925 3323 se
2952 3283 3074 3342 prae
3102 3264 3301 3321 multis
3330 3264 3464 3322 aliis
3492 3285 3659 3322 com-

2088 3360 2399 3433 mendans,
2434 3356 2573 3415 inde
2600 3354 2674 3413 ab
2709 3373 2863 3412 anno
2910 3351 3060 3427 1795
3099 3350 3289 3409 tribus
3325 3353 3659 3411 volumini-

2087 3448 2197 3507 bus
2213 3491 2230 3521 ,
2252 3460 2435 3505 totum
2460 3443 2769 3502 Planudeae
2796 3439 3174 3515 Florilegium
3197 3458 3327 3497 cum
3353 3440 3661 3501 Mantissis

2088 3535 2388 3594 nonnullis
2437 3529 2930 3611 praestantissimis
2950 3571 2966 3601 ,
3023 3527 3224 3586 omnia
3266 3547 3398 3585 cum
3454 3528 3663 3589 Grotii

2088 3621 2569 3701 interpretatione
2607 3636 2793 3693 graeco
2844 3614 3028 3674 textui
3073 3633 3109 3673 e
3148 3614 3389 3690 regione
3418 3618 3657 3695 posita,

2088 3706 2634 3787 complectentibus.
2676 3704 2780 3762 His
2823 3702 3111 3780 adjectum
3156 3715 3443 3783 est-anno
3500 3707 3664 3764 1810

2088 3811 2360 3877 quartum
2384 3795 2660 3854 volumen
2684 3838 2702 3871 ‚
2732 3792 2893 3870 quod
2921 3803 3132 3869 praeter
3159 3790 3410 3883 ineditas
3448 3796 3664 3851 Fride-

2150 3980 2218 4049 θ’)
2253 3982 2424 4033 Obiter
2458 3980 2553 4030 hoc
2580 3977 2689 4028 loco
2713 3972 3205 4027 commemorabimus
3250 3972 3521 4025 editionem
3550 3978 3661 4025 An·

2086 4051 2313 4117 thologiae
2358 4052 2421 4101 ab
2462 4048 2676 4099 Andr-ea
2712 4048 2900 4096 Rivino
2942 4048 3251 4106 susceptam,
3280 4057 3393 4107 quae
3444 4044 3666 4109 singulis

2086 4121 2445 4188 epigrammatis
2468 4115 2707 4181 Florilegii
2734 4114 2967 4165 Planudei
2984 4151 2998 4173 ,
3032 4113 3167 4177 quod
3206 4113 3257 4162 in
3288 4111 3545 4163 Chiliadas
3572 4114 3659 4164 di-

2084 4196 2234 4255 visit,
2259 4192 2445 4243 addidit
2478 4202 2651 4239 omnes
2677 4184 3107 4248 interpretationes
3130 4184 3361 4233 metricas
3386 4184 3666 4234 undecum-

2083 4279 2181 4329 que
2204 4275 2461 4313 cori-asas:
2491 4259 2669 4311 titulus
2694 4255 2803 4306 libri
2844 4256 3099 4304 trecentos
3136 4256 3183 4303 et
3222 4256 3439 4317 triqinta
3482 4258 3665 4317 poetas

2083 4334 2301 4385 omnium
2326 4332 2579 4381 nationum
2608 4324 3053 4389 famigeratissimos
3079 4326 3449 4373 commemorat.
3489 4324 3666 4375 Prima

2083 4406 2265 4455 chilias
2302 4401 2486 4467 prodiit
2517 4398 2694 4449 Gothae
2732 4409 2861 4445 anno
2912 4399 3058 4449 1651ς
3092 4394 3299 4456 reliqum
3340 4393 3457 4443 duoe
3496 4407 3663 4445 manu

2082 4478 2296 4525 exaratae
2315 4472 2576 4520 servantur
2602 4466 2652 4516 in
2681 4463 2983 4515 Bibliotheca
3000 4463 3343 4513 Universitatis
3364 4462 3659 4526 Lipsiensis.

2146 4544 2242 4605 (st)
2271 4542 2525 4604 specimen
2564 4536 2791 4587 editionis
2808 4575 2821 4597 ,
2848 4536 2995 4597 cujus
3038 4548 3209 4583 curam
3240 4534 3443 4584 Grotius
3480 4536 3662 4584 Isaaco

2082 4613 2259 4665 vossio
2282 4610 2662 4661 demandaverat
2676 4646 2690 4669 ‚
2715 4607 2923 4657 missum
2946 4607 3023 4654 est
3046 4603 3253 4654 Parisios
3277 4616 3448 4654 mense
3470 4604 3657 4668 janua·

2082 4684 2155 4734 rio
2196 4682 2311 4733 anni
2358 4686 2476 4731 1645
2490 4718 2503 4737 .
2551 4678 3065 4735 commemoratur-que
3109 4671 3161 4721 in
3202 4671 3365 4723 Grotii
3416 4673 3662 4736 Epistolis

2082 4770 2132 4821 p.
2168 4758 2275 4805 740.
2306 4755 2409 4802 iioc
2431 4751 2540 4815 ipso
2566 4763 2719 4809 anno,
2749 4746 2917 4812 paucis
2946 4745 3057 4805 post
3092 4743 3375 4806 mensibus,
3402 4742 3484 4793 vir
3511 4758 3659 4794 sum·

2081 4838 2193 4875 mus
2222 4824 2490 4874 defunctus
2514 4825 2591 4871 est
2614 4817 2822 4883 Augusti
2845 4830 2911 4865 m.
2938 4813 3018 4864 die
3043 4816 3120 4861 28.

2144 4896 2265 4957 (***)
2300 4899 2369 4944 De
2394 4894 2488 4942 hoc
2518 4892 2681 4954 operis
2721 4882 3111 4951 praestantissimi
3138 4884 3403 4948 exemplari
3442 4883 3659 4947 aliisque

2083 4965 2377 5031 quibusdam
2408 4960 2697 5030 apographis
2716 4958 2940 5009 accurate
2964 4952 3168 5003 tradidit
3189 4952 3481 5004 Chardonus
3514 4953 3581 5004 dc
3608 4956 3659 5005 la

2082 5034 2317 5082 {suctione
2336 5064 2351 5091 ,
2372 5034 2638 5096 inclames
2658 5068 2671 5092 ,
2691 5032 2726 5078 t.
2753 5030 2793 5088 1,
2816 5040 2866 5091 p.
2890 5029 2980 5075 372
3011 5036 3149 5086 seqq.
